1665 2553
129 1378 148 1407 0³

176 95 233 136 46
602 95 650 131 Μ.
678 95 818 130 TULLI
845 95 1092 131 CICERONIS

177 191 324 246 dicere,
356 191 626 233 millesimam
657 194 821 246 partem
852 191 923 232 vix
961 191 1176 247 intellego.
1238 191 1321 233 Pro
1355 206 1404 234 eo
1437 193 1519 234 tibi

176 252 442 304 praesentem
474 251 695 305 pecuniam
733 250 840 291 solvi
872 250 1090 306 imperavi,
1120 264 1173 292 ne
1205 253 1253 292 tu
1286 265 1517 305 expensum

175 309 424 350 muneribus
465 310 608 351 ferres.
677 307 776 363 Sed,
821 309 1022 363 quoniam
1052 323 1326 351 nummorum
1356 310 1517 351 mentio

175 368 287 409 facta
313 370 390 423 est,
416 368 567 409 amabo
588 371 643 423 te,
668 382 778 422 cura,
804 371 852 408 ut
871 382 966 408 cum
986 367 1159 424 Titinio,
1192 382 1363 422 quoquo
1389 369 1515 410 modo

175 427 349 482 poteris,
380 427 604 481 transigas.
648 424 692 467 Si
719 427 763 467 in
790 441 851 481 eo,
883 426 995 480 quod
1022 427 1275 482 ostenderat,
1304 441 1392 468 non
1418 429 1517 482 stat,
1555 444 1572 469 5

174 485 280 525 mihi
312 486 495 526 maxime
526 485 664 540 placet
696 499 760 539 ea,
794 499 899 539 quae
925 484 1035 526 male
1067 488 1208 539 empta
1240 489 1358 541 sunt,
1388 486 1518 542 reddi,

177 544 213 584 si
243 544 465 585 voluntate
493 543 753 598 Pomponiae
784 544 875 584 fieri
907 544 1083 598 poterit,
1117 544 1152 584 si
1183 558 1235 585 ne
1266 544 1310 585 id
1336 545 1517 599 quidem,

173 603 337 643 nummi
380 603 524 657 potius
565 603 813 657 reddantur,
857 617 983 656 quam
1023 602 1136 644 ullus
1178 603 1234 643 sit
1281 603 1516 657 scrupulus.

175 660 309 702 Valde
340 661 421 702 hoc
451 661 597 716 velim,
640 664 865 715 antequam
898 661 1181 716 proficiscare,
1223 664 1429 717 amanter,
1469 665 1517 702 ut

177 719 299 773 soles,
333 720 641 775 diligenterque
673 720 880 761 conficias.
1537 738 1572 762 10

264 755 437 820 Clodius
471 793 589 833 ergo,
629 781 677 819 ut
711 779 790 834 ais,
831 779 881 819 ad
913 778 1156 834 Tigranem!
1206 778 1347 820 Velim
1378 780 1408 832 †
1434 777 1516 820 Sir-

175 837 269 891 piae
319 838 580 892 condicione3
631 837 703 879 sed
752 837 873 878 facile
923 838 1074 892 patior.
1144 836 1516 879 Accommodatius

176 896 287 937 em'm
319 897 444 937 nobis
478 899 543 938 est
584 896 636 937 ad
675 896 854 937 liberam
893 896 1153 952 legationem
1187 899 1357 951 tempus
1397 896 1517 950 illud,

175 970 270 995 cum
302 958 344 996 et
370 955 553 1004 Quintus
584 958 731 997 noster
762 955 858 1009 iam,
890 958 938 996 ut
971 970 1201 1010 speramus,
1232 955 1277 996 in
1303 955 1391 996 otio
1423 969 1517 996 con-

176 1013 343 1069 sederit,
375 1017 434 1068 et,
466 1014 548 1055 iste
581 1013 773 1055 sacerdos
805 1013 948 1055 Bonae
980 1015 1078 1055 deae
1110 1015 1228 1055 cuius
1260 1013 1374 1054 modi
1405 1013 1517 1054 futu·
1536 1030 1570 1056 15

175 1087 247 1113 rus
275 1073 342 1126 sit,
375 1073 604 1114 scierimus.
654 1072 820 1113 Interea
853 1073 1022 1126 quidem
1053 1087 1148 1113 cum
1175 1072 1309 1113 Musis
1340 1086 1419 1113 nos
1451 1073 1517 1113 de-

174 1131 426 1172 lectabimus
468 1131 608 1172 animo
651 1145 804 1186 aequo,
847 1131 975 1172 immo
1007 1145 1105 1172 vero
1147 1131 1276 1172 etiam
1315 1130 1516 1185 gaudenti

176 1204 222 1230 ac
264 1189 434 1243 libenti,
482 1204 618 1244 neque
660 1189 767 1230 mihi
816 1204 1018 1243 umquam
1061 1189 1202 1230 veniet
1245 1189 1290 1230 in
1331 1191 1516 1230 mentem

176 1247 329 1289 Crasso
362 1248 548 1289 invidere
579 1262 715 1302 neque
746 1248 981 1303 paenitere,
1014 1248 1126 1302 quod
1158 1263 1181 1288 a
1212 1262 1278 1288 me
1309 1247 1400 1301 ipse
1429 1262 1517 1288 non

175 1306 431 1347 desciverim.
1536 1324 1571 1348 20

263 1364 327 1406 De
359 1365 619 1420 geographia
660 1365 767 1406 dabo
811 1379 981 1418 operam
1012 1367 1060 1406 ut
1098 1365 1177 1406 tibi
1212 1364 1315 1406 satis
1346 1364 1515 1418 faciam3

178 1423 249 1464 sed
273 1424 383 1464 nihil
408 1425 512 1465 certi
537 1424 749 1478 polliceor.
800 1423 1004 1479 Magnum
1032 1438 1137 1477 opus
1165 1426 1240 1478 est,
1267 1423 1338 1464 sed
1363 1426 1516 1465 tamen

176 1485 225 1523 ut
255 1482 389 1538 iubes,
420 1483 588 1536 curabo,
620 1485 668 1523 ut
698 1482 826 1523 huius
852 1482 1206 1537 peregrinationis
1239 1481 1411 1536 aliquod
1436 1473 1516 1522 tibi

179 1556 286 1606 opus
318 1543 466 1582 exstet.
528 1516 593 1582 Tri
626 1541 826 1595 quicquid
857 1541 1071 1596 indagaris
1104 1541 1153 1582 de
1184 1556 1229 1582 re
1261 1540 1443 1595 publica,
1475 1543 1516 1581 et

176 1600 358 1640 maxime
390 1614 496 1654 quos
530 1600 724 1641 consules
754 1599 924 1641 futuros
956 1602 1098 1654 putes,
1135 1600 1263 1640 facito
1295 1601 1343 1639 ut
1375 1599 1513 1639 sciam.
1535 1615 1569 1641 25

176 1658 364 1699 Tametsi
390 1659 530 1699 minus
558 1673 651 1699 sum
676 1658 886 1713 curiosus,
919 1659 1050 1699 statui
1076 1658 1187 1698 enim
1217 1657 1326 1698 nihil
1356 1657 1438 1698 iam
1466 1657 1515 1697 de

176 1732 220 1758 re
261 1716 431 1771 publica
474 1718 671 1772 cogitare.
744 1716 965 1758 Terentiae
1009 1716 1165 1757 saltum
1212 1716 1514 1770 perspeximus.

177 1775 285 1824 Quid
318 1776 513 1830 quaeris?
544 1778 712 1830 praeter
738 1790 938 1830 quercum
968 1774 1241 1816 Dodonaeam
1270 1774 1379 1815 nihil
1411 1773 1515 1815 desi-

177 1835 383 1889 deramus,
409 1849 492 1888 quo
520 1835 658 1875 minus
685 1834 866 1888 Epirum
891 1834 1028 1888 ipsam
1052 1833 1268 1887 possidere
1287 1832 1512 1873 videamur.

176 1891 266 1933 Nos
299 1893 465 1934 circiter
490 1893 583 1933 Kal.
611 1895 684 1933 aut
708 1893 755 1933 in
778 1892 1004 1934 Formiano
1038 1892 1192 1933 erimus
1220 1893 1292 1932 aut
1322 1890 1368 1931 in
1392 1890 1513 1932 Pom·
1533 1908 1568 1933 :30

176 1952 336 2004 peiano.
387 1951 464 2006 Tu,
496 1951 532 1992 si
563 1952 608 1992 in
632 1950 860 1992 Formiano
890 1965 978 1992 non
1009 1951 1178 2004 erimus,
1210 1949 1245 1991 si
1274 1963 1353 1990 nos
1387 1964 1513 2003 amas,

175 2010 218 2049 in
244 2009 552 2063 Pompeianum
583 2010 736 2051 venito.
786 2009 835 2050 Id
867 2012 909 2050 et
939 2009 1064 2050 nobis
1098 2008 1177 2049 erit
1208 2007 1514 2061 periucundum

177 2070 218 2107 et
257 2068 338 2108 tibi
379 2082 467 2109 non
508 2082 607 2109 sane
643 2068 821 2109 devium.
883 2066 947 2108 De
978 2081 1099 2107 muro
1139 2066 1343 2120 imperavi
1373 2066 1514 2107 Philo-

175 2125 281 2166 timo
306 2140 359 2167 ne
384 2127 619 2181 impediret,
652 2140 735 2180 quo
760 2126 901 2166 minus
927 2126 970 2166 id
995 2125 1126 2178 fieret,
1160 2125 1272 2178 quod
1297 2125 1378 2165 tibi
1404 2125 1513 2166 vide-

175 2185 301 2224 retur.
364 2184 428 2224 Tu
460 2199 607 2226 censeo
640 2188 782 2225 tamen
813 2184 1012 2225 adhibeas
1038 2183 1243 2224 Vettium.
1299 2182 1379 2224 His
1411 2186 1513 2223 tem--
1533 2198 1566 2225 35

174 2242 349 2294 poribus
381 2245 469 2283 tam
496 2243 623 2284 dubia
648 2243 737 2284 vita
763 2243 913 2297 optimi
939 2242 1140 2295 cuiusque
1164 2242 1309 2297 magni
1335 2241 1511 2282 aestimo

174 2299 299 2340 unius
346 2301 518 2341 aestatis
562 2302 746 2342 fructum
790 2301 1023 2355 palaestrae
1060 2299 1296 2356 Palatinae,
1340 2300 1413 2340 sed
1451 2299 1513 2340 ita
