1665 2553
212 90 298 132 526
638 90 686 125 Μ.
714 90 854 124 TULLI
880 89 1129 125 CICERONIS

213 188 256 228 et
292 200 386 227 meo
423 185 595 227 nomine
632 187 674 226 et
711 185 771 226 rei
809 185 1002 239 publicae
1041 185 1272 240 carissime,
1307 185 1435 226 nimis
1467 199 1552 226 cre-

213 245 309 286 dere
342 244 499 286 videris
537 243 627 298 spei
664 246 762 285 tuae
799 244 1046 298 statimque,
1091 246 1138 285 ut
1180 244 1360 298 quisque
1391 243 1552 298 aliquid

212 307 326 345 recte
356 303 519 356 fecerit,
558 303 699 344 omnia
731 302 828 343 dare
860 317 907 344 ac
937 303 1195 357 permittere,
1233 302 1351 357 quasi
1384 317 1472 344 non
1502 303 1552 344 li-

213 365 304 404 ceat
341 362 506 403 traduci
538 361 591 402 ad
621 361 732 402 mala
763 362 941 402 consilia
972 364 1219 415 corruptum
1250 361 1551 415 largitionibus

213 422 412 463 animum.
475 420 589 469 Quae
633 423 707 461 tua
751 423 814 461 est
850 420 1112 475 humanitas,
1157 434 1290 474 aequo
1330 420 1469 461 animo
1508 422 1551 461 te
1589 437 1605 462 5

213 480 376 521 moneri
407 479 593 534 patieris,
625 479 872 532 praesertim
904 479 952 520 de
985 479 1198 520 communi
1231 479 1384 533 salute3
1424 478 1552 520 facies

213 541 372 593 tamen,
413 538 525 592 quod
567 537 649 579 tibi
687 537 826 579 visum
864 538 1010 589 fuerit;
1055 538 1182 579 etiam
1219 551 1318 594 ego,
1354 551 1450 578 cum
1486 551 1553 578 me

214 598 405 639 docueris
436 597 461 622 ²ss
486 596 511 623 ’¹‘
535 596 569 638 ἧς.
590 628 594 630 -

831 713 894 755 IV
908 729 940 755 a.

508 793 582 830 Ser.
603 794 645 829 in
669 795 796 829 castris
820 795 876 828 Id.
899 794 994 829 Mai.
1016 806 1049 829 α.
1073 796 1140 828 711
1170 796 1257 837 (43).
1574 801 1608 825 10

573 875 788 911 BRUTUS
813 876 1072 911 CICERONI
1092 875 1200 910 SAL.

5 963 20 992 1
39 961 191 994 (ep.IV3)
304 947 328 973 ³3
353 947 377 973 κ
403 947 427 973 ἦ
457 945 794 1002 Nunc,Cice1·,o
823 960 934 987 nimo
966 946 1174 1001 agendum
1207 949 1283 1003 est,
1312 961 1365 988 ne
1395 947 1555 988 frustra

215 1021 465 1073 oppressum
504 1020 593 1046 esse
624 1005 862 1046 Antonium
903 1005 1038 1059 oavisi
1077 1005 1226 1060 simus,
1268 982 1350 1047 11611
1389 1020 1553 1060 semper

214 1066 342 1120 primi
380 1065 583 1118 cuiusque
622 1064 723 1105 mali
755 1064 970 1104 excidendi
1002 1078 1127 1104 causa
1158 1064 1231 1117 sit,
1269 1067 1316 1104 ut
1349 1065 1463 1105 aliud
1492 1079 1554 1105 re-

113 1137 131 1167 ·2
159 1126 416 1169 <enascatur
447 1123 521 1164 illo
554 1123 683 1177 peius.
740 1122 861 1163 Nihil
892 1123 976 1163 iam
1005 1137 1141 1176 neque
1174 1098 1448 1188 opinantibus
1480 1125 1553 1164 aut
1572 1139 1606 1165 15

215 1183 478 1237 patientibus
515 1182 639 1222 nobis
679 1181 842 1222 adversi
881 1181 1047 1222 evenire
1078 1183 1239 1235 potest,
1275 1181 1321 1222 in
1352 1196 1435 1235 quo
1466 1196 1554 1222 non

215 1256 311 1283 cum
362 1241 551 1281 omnium
601 1240 724 1293 culpa
772 1242 864 1280 tum
913 1239 1136 1293 praecipue
1179 1242 1254 1280 tua
1297 1240 1441 1280 futura
1485 1239 1554 1294 sit,

216 1300 336 1341 cuius
374 1302 538 1340 tantam
577 1298 873 1339 auctoritatem
906 1300 1076 1338 senatus
1109 1311 1156 1338 ac
1186 1298 1369 1351 populus
1401 1298 1553 1339 Roma-

214 1372 295 1400 nus
333 1372 419 1399 non
452 1357 588 1398 solum
622 1371 710 1397 esse
741 1357 921 1412 patitur,
959 1356 1032 1396 sed
1064 1355 1191 1396 etiam
1223 1357 1358 1411 cupit,
1395 1359 1554 1411 quanta

215 1417 400 1458 maxima
443 1416 487 1456 in
530 1416 665 1456 libera
707 1415 878 1456 civitate
922 1415 1047 1456 unius
1093 1429 1183 1456 esse
1220 1417 1382 1470 potest;
1426 1430 1553 1469 quam
1573 1433 1606 1457 20

215 1479 263 1517 tu
305 1490 392 1517 non
436 1475 574 1515 solum
617 1474 723 1515 bene
765 1473 1004 1529 sentiendo,
1048 1473 1120 1514 sed
1159 1473 1287 1514 etiam
1324 1474 1552 1528 prudenter

216 1535 327 1575 tueri
379 1533 516 1574 debes.
590 1532 818 1573 Prudentia
866 1547 1011 1586 porro,
1063 1546 1168 1586 quae
1218 1532 1299 1573 tibi
1349 1535 1552 1587 superest,

215 1593 333 1634 nulla
382 1593 457 1634 abs
506 1595 548 1632 te
598 1591 858 1632 desideratur
907 1591 990 1631 nisi
1039 1591 1188 1631 modus
1231 1591 1276 1631 in
1317 1591 1551 1632 tribuendis

215 1652 462 1693 honoribus.
522 1650 620 1691 Alia
658 1650 800 1691 omnia
839 1650 897 1690 sic
934 1650 1104 1703 adsunt,
1142 1652 1190 1690 ut
1227 1663 1321 1690 cum
1360 1649 1552 1704 quolibet

217 1711 490 1764 antiquorum
539 1709 773 1763 comparari
823 1708 990 1762 possint
1033 1711 1130 1749 tuae
1173 1708 1372 1762 virtutes,
1421 1723 1553 1749 unum
1574 1725 1606 1750 25

216 1769 296 1810 hoc
342 1784 369 1810 a
412 1770 534 1823 grato
575 1768 714 1808 animo
758 1767 1008 1820 liberalique
1044 1767 1280 1820 profectum
1323 1766 1553 1807 cautiorem

218 1842 265 1869 ac
302 1827 628 1868 moderatiorem
664 1826 964 1866 liberalitatem
1001 1825 1221 1866 desiderat.
1283 1823 1405 1865 Nihil
1440 1825 1552 1866 enim

217 1889 388 1927 senatus
428 1886 624 1939 cuiquam
662 1885 759 1925 dare
797 1884 937 1938 debet,
977 1883 1088 1937 quod
1125 1883 1234 1924 male
1265 1883 1553 1938 cogitantibus

217 1945 409 1998 exemplo
442 1947 515 1985 aut
545 1943 754 1998 praesidio
787 1943 852 1983 sit.
902 1941 1052 1996 Itaque
1083 1942 1212 1983 timeo
1244 1942 1294 1982 de
1319 1942 1552 1997 consulatu,

215 2018 269 2045 ne
302 2002 454 2044 Caesar
484 2005 584 2043 tuus
617 2002 744 2043 altius
778 2016 821 2042 se
846 2001 1080 2042 ascendisse
1106 2003 1226 2054 putet
1253 2001 1429 2041 decretis
1455 2000 1552 2055 tuis,
1572 2018 1605 2041 530

112 2073 132 2103 3
159 2074 198 2106 (5)
219 2077 345 2116 quam
377 2062 486 2117 inde,
517 2061 553 2102 si
585 2060 732 2102 consul
762 2060 898 2100 factus
930 2059 997 2113 sit,
1029 2059 1336 2100 descensurum.
1394 2058 1553 2107 Quodsi

218 2121 431 2161 Antonius
473 2119 525 2160 ab
563 2119 646 2160 alio
684 2119 878 2159 relictum
916 2118 1035 2172 regni
1073 2118 1402 2158 instrumentum
1441 2131 1553 2158 occa-

221 2180 382 2220 sionem
414 2178 617 2233 regnandi
647 2177 810 2231 habuit,
842 2191 1025 2230 quonam
1057 2176 1196 2217 animo
1228 2176 1318 2217 fore
1348 2178 1487 2230 putas,
1517 2175 1552 2216 si

220 2238 314 2291 quis
353 2240 523 2278 auctore
563 2251 652 2277 non
682 2239 864 2289 tyranno
896 2235 1137 2289 interfecto,
1175 2234 1247 2275 sed
1277 2235 1370 2288 ipso
1404 2236 1551 2275 senatu

218 2298 340 2349 putet
372 2310 415 2336 se
447 2295 623 2349 imperia
653 2294 866 2348 quaelibet
897 2294 1188 2347 concupiscere
1213 2293 1366 2347 posse?
1416 2292 1551 2341 Quare
1571 2309 1604 2334 35
