1665 2553
324 85 665 120 EPISTULARUM
690 86 755 119 AD
781 85 997 120 ATTICUM
1024 86 1073 119 VI
1100 90 1130 120 1.
1337 84 1419 126 167

79 196 181 223 aveo
221 182 336 223 scire.
399 181 561 222 Verum
598 181 701 222 haec
739 182 952 235 posterius
992 184 1034 222 et
1070 195 1211 222 coram
1239 181 1421 221 fortasse

78 240 350 282 commodius.

166 298 279 340 Illud
302 313 381 354 me,
410 299 469 339 mi
495 298 650 353 Attice,
674 299 720 339 in
745 301 932 340 extrema
957 299 1043 339 fere
1069 301 1188 352 parte
1214 297 1421 351 epistulae

79 358 324 412 commovit3
367 357 516 398 scribis
556 358 666 398 enim
708 357 783 398 sic:
840 357 915 398 ‘To'
943 357 1132 408 λοιπόν;’
1175 356 1323 397 deinde
1354 370 1421 397 me

41 434 56 459 5
81 416 275 458 obsecras
309 416 610 471 amantissime,
640 430 694 457 ne
727 416 952 457 obliviscar
982 416 1160 470 vigilare
1192 418 1234 456 et
1261 417 1310 456 ut
1336 414 1421 455 ani-

79 475 357 531 madvertam,
395 490 501 529 quae
539 475 656 516 fiant.
711 473 827 515 Num
858 474 960 528 quid
991 474 1041 515 de
1072 489 1156 529 quo
1188 474 1420 514 inaudisti'?

79 534 177 575 Etsi
219 533 329 574 nihil
373 534 462 574 eius
505 533 621 575 modi
665 536 747 586 est3
790 537 958 575 πολλοῦ
996 549 1045 586 γε
1081 532 1153 574 καὶ
1192 534 1268 574 δεῖ.
1331 531 1421 573 Nec

78 592 189 633 enim
223 606 290 633 me
320 592 541 633 fefellisset
571 607 648 633 nec
678 592 808 633 fallet.
865 591 947 633 Sed
978 592 1061 633 ista
1087 591 1319 632 admonitio
1345 594 1421 632 tua

77 653 165 692 tam
197 654 394 692 accurata
424 651 565 692 nescio
599 651 700 704 quid
731 651 837 691 mihi
869 651 1107 706 significare
1138 651 1229 691 visa
1261 653 1335 691 est.

26 727 59 752 10
167 708 231 750 De
273 709 329 751 M.
372 708 545 751 Octavio
591 710 746 750 iterum
789 709 872 750 iam
916 709 998 750 tibi
1040 709 1227 750 rescribo
1271 711 1313 749 te
1357 708 1421 749 illi

79 768 211 822 probe
242 768 527 822 respondisse3
564 768 692 822 paulo
724 768 875 809 vellem
906 768 1116 809 fidentius.
1178 766 1290 808 Nam
1323 766 1422 808 Cae-

78 827 162 868 lius
193 826 397 867 libertum
428 826 479 867 ad
510 841 577 867 me
607 827 725 867 misit
757 829 798 867 et
829 826 995 867 litteras
1023 829 1214 867 accurate
1240 826 1419 879 scriptas

81 888 122 926 et
155 885 204 926 de
235 885 453 939 pantheris
486 888 527 926 et
558 885 588 939 †
620 900 643 926 a
674 885 932 926 civitatibus.
993 885 1209 939 Rescripsi
1240 885 1422 926 alterum

80 958 146 984 1116
178 944 354 985 moleste
385 944 512 999 ferre,
552 943 589 984 si
621 957 698 998 ego
731 943 778 984 in
806 944 993 984 tenebris
1025 944 1212 998 laterem,
1243 957 1320 984 nec
1352 959 1422 984 au—

28 1019 62 1044 15
82 1003 243 1043 diretur
268 1001 427 1042 Romae
457 1002 624 1042 nullum
655 1003 701 1043 in
730 1016 823 1043 mea
848 1003 1066 1056 provincia
1091 1017 1313 1043 nummum
1336 1002 1422 1042 nisi

82 1062 126 1102 in
164 1075 232 1101 aes
271 1061 454 1101 alienum
492 1061 676 1115 erogari,
713 1060 919 1115 docuique
955 1075 1032 1102 nec
1063 1061 1169 1101 1111111
1200 1061 1423 1102 conciliare

81 1120 301 1173 pecuniam
341 1119 465 1160 licere
503 1133 579 1160 nec
609 1119 674 1160 illi
706 1133 853 1173 capere
884 1119 1115 1173 monuique
1147 1134 1260 1174 eum,
1299 1134 1423 1173 quem

81 1178 206 1232 plane
238 1177 388 1232 diligo,
418 1180 477 1232 ut,
509 1192 605 1218 cum
637 1178 741 1218 alios
773 1180 1022 1233 accusasset,
1053 1179 1218 1219 cautius
1244 1178 1423 1232 viveret,

82 1235 188 1277 illud
227 1238 366 1276 autem
405 1236 585 1277 alterum
623 1237 806 1277 alienum
838 1251 928 1277 esse
960 1237 1288 1277 existumatione
1319 1251 1423 1291 mea,

31 1312 64 1337 20
85 1294 310 1348 Cibyratas
342 1295 519 1348 imperio
551 1309 644 1336 meo
676 1295 844 1349 publice
875 1295 1029 1336 venari.

172 1353 307 1406 Lepta
337 1356 411 1394 tua
444 1354 626 1407 epistula
658 1354 812 1408 gaudio
844 1354 1048 1408 exsultat,
1081 1354 1237 1394 etenim
1267 1354 1424 1407 scripta

84 1411 194 1452 belle
238 1414 302 1452 est
344 1426 494 1465 meque
536 1412 646 1466 apud
685 1427 780 1453 eum
816 1426 971 1467 magna
1007 1413 1053 1453 in
1090 1413 1229 1466 gratia
1267 1412 1424 1465 posuit.

83 1469 238 1511 Filiola
280 1472 354 1510 tua
398 1473 566 1524 gratum
608 1470 714 1511 mihi
758 1471 876 1526 fecit,
920 1471 1033 1525 quod
1075 1471 1157 1511 tibi
1201 1471 1426 1525 diligenter

84 1528 318 1582 mandavit,
355 1531 402 1569 ut
434 1528 539 1569 1111111
572 1529 752 1570 salutem
784 1529 1053 1585 adscriberes,
1095 1532 1266 1584 gratum
1298 1529 1427 1570 etiam

33 1603 66 1629 25
85 1586 210 1641 Pilia,
250 1587 322 1627 sed
355 1587 429 1627 illa
468 1587 717 1643 officiosius,
761 1588 873 1641 quod
909 1588 1032 1643 mihi,
1072 1602 1196 1641 quem
1226 1588 1311 1628 iam
1343 1588 1427 1641 pri-

87 1644 223 1686 dem*
242 1645 265 1670 ᾖ·
286 1645 309 1670 ²³<
339 1659 571 1699 numquam
607 1646 724 1687 vidit.
787 1646 926 1701 Igitur
964 1649 1013 1686 tu
1045 1661 1213 1699 quoquc
1246 1646 1426 1687 salutem

86 1704 257 1758 utrique
295 1703 534 1745 adscribito.
595 1703 856 1745 Litterarum
898 1705 1092 1745 datarum
1123 1705 1211 1745 dies
1244 1719 1304 1758 pr.
1331 1704 1425 1744 Kal.

87 1760 251 1803 Ianuar
291 1777 462 1803 suavem
499 1762 650 1803 habuit
687 1763 1018 1803 recordationem
1058 1763 1282 1803 clarissimi
1320 1762 1425 1802 iuris

87 1820 271 1874 iurandi,
315 1821 427 1874 quod
465 1834 545 1875 ego
579 1835 665 1862 non
703 1835 817 1861 eram
855 1821 1026 1861 oblitus.
1094 1820 1276 1875 Magnus
1315 1821 1427 1861 6111111

36 1895 70 1920 3ο
89 1881 378 1932 praetextatus
410 1854 513 1919 111οῸ
518 1879 583 1919 die
614 1879 686 1920 fui.
748 1879 892 1920 Habes
925 1879 976 1919 ad
1009 1857 1193 1920 omnia?
1222 1878 1341 1934 Non,
1378 1882 1426 1919 ut

90 1936 336 1993 postulasti,
380 1938 557 1992 (χρύσεα
594 1938 842 1991 χαλκει’ων’,
889 1938 961 1978 sed
997 1937 1115 1991 paria
1153 1937 1328 1991 paribus
1366 1952 1428 1978 re-

91 1994 347 2047 spondimus.

178 2052 286 2093 Ecce
317 2056 458 2095 autem
490 2054 573 2095 alia
604 2054 760 2108 pusilla
793 2054 991 2109 epistula,
1031 2069 1157 2108 quam
1187 2068 1274 2095 non
1305 2055 1428 2095 relin-

92 2124 218 2164 quam
249 2110 623 2167 ἀναντιφώνητον.
684 2112 798 2154 Bene
827 2112 1064 2154 mehercule
1095 2113 1125 2166 ’ξ’
1155 2113 1298 2166 potuit
1326 2112 1429 2154 Luc-

38 2185 72 2211 35
92 2169 204 2209 ceius
245 2168 546 2225 Tusculanum,
590 2171 674 2212 nisi
717 2171 827 2212 forte
869 2171 1001 2223 (solet
1040 2170 1176 2226 enim)
1220 2185 1315 2212 cum
1352 2186 1428 2213 suo

91 2227 274 2268 tibicine.
336 2227 395 2268 Et
432 2229 559 2270 velim
590 2230 716 2284 scire,
755 2229 828 2283 qui
854 2230 910 2270 sit
943 2230 1032 2271 eius
1066 2232 1214 2270 status.
1275 2229 1430 2271 Lentu-

90 2284 180 2326 lum
217 2285 384 2339 quidem
420 2290 615 2329 nostrum
647 2289 788 2330 onmia
819 2290 986 2341 praeter
1018 2287 1304 2329 Tusculanum
1336 2303 1431 2343 pro-

1446 308 1492 338 20

1453 2066 1498 2096 23
