1665 2553
149 1247 166 1276 1

435 605 510 658 M.
550 605 801 659 TULLI
841 605 1289 661 CICERONIS

360 711 867 764 EPISTULARUM
911 712 1001 758 AD
1045 712 1364 759 ATTICUM

626 813 799 855 LIBER
833 813 1107 857 OCTAVUS.

846 1002 876 1043 I.

420 1081 494 1118 Ser.
522 1082 683 1117 Formiis
709 1082 813 1116 XIV
835 1082 882 1116 K.
911 1083 1025 1117 Mart.
1053 1093 1086 1118 α.
1114 1083 1186 1117 705
1213 1084 1301 1126 (49).
1565 1089 1580 1114 5

617 1162 783 1198 CICERO
810 1163 982 1198 ATTICO
1010 1163 1105 1198 SAL.

285 1234 392 1277 Cum
419 1235 470 1276 ad
499 1238 542 1276 te
566 1235 732 1276 litteras
759 1235 977 1290 dedissem,
1008 1235 1193 1276 redditae
1227 1235 1334 1276 mihi
1357 1235 1526 1276 litterae

197 1296 296 1335 sunt
334 1309 357 1334 a
393 1293 605 1347 Pompeio.
669 1292 818 1335 Cetera
855 1294 905 1334 de
941 1294 1066 1335 rebus
1109 1294 1155 1334 in
1191 1293 1343 1335 Piceno
1382 1294 1527 1348 gestis,

197 1366 302 1406 quae
343 1352 394 1392 ad
435 1366 478 1393 se
513 1351 728 1393 Vibullius
771 1352 1028 1408 scripsisset,
1067 1351 1117 1393 de
1157 1351 1313 1393 dilectu
1350 1350 1527 1407 Domiti,

197 1424 303 1464 quae
336 1412 434 1451 sunt
465 1410 587 1451 vobis
624 1413 727 1451 nota
762 1425 839 1451 nec
874 1412 1142 1451 tamen'tam
1177 1410 1289 1451 laeta
1326 1412 1446 1452 erant
1481 1410 1579 1452 inm

195 1469 248 1509 iis
280 1468 448 1523 litteris,
482 1483 608 1522 quam
640 1469 691 1509 ad
722 1483 787 1510 me
812 1468 1069 1510 Philotimus
1101 1469 1336 1523 scripserat.
1384 1468 1527 1523 Ipsam

195 1526 277 1568 tibi
315 1527 540 1580 epistulam
577 1527 803 1582 misissem,
842 1528 914 1569 sed
949 1527 1034 1568 iam
1073 1527 1215 1569 subito
1247 1527 1391 1569 fratris
1422 1541 1527 1581 puer

195 1585 550 1639 proficiscebatur.
613 1584 715 1627 Cras
746 1586 880 1640 igitur
911 1586 1090 1627 mittam.
1147 1585 1229 1628 Sed
1258 1585 1304 1627 in
1335 1601 1381 1627 ea
1404 1585 1527 1627 Pom-

194 1644 262 1698 pei
295 1644 475 1698 epistula
507 1646 595 1684 erat
627 1644 672 1685 in
703 1648 889 1685 extremo
921 1645 1053 1699 ipsius
1084 1659 1229 1686 manu:
1263 1644 1347 1685 ‘Tu
1378 1657 1524 1686 censeo

194 1701 414 1743 Luceriam
450 1703 604 1744 venias.
666 1702 889 1757 Nusquam
932 1703 1014 1744 eris
1056 1703 1218 1745 tutius.9
1277 1701 1325 1744 Id
1366 1716 1442 1757 ego
1480 1701 1578 1745 in15

196 1775 287 1802 eam
324 1763 489 1815 partem
527 1761 686 1815 accepi,
724 1761 828 1803 haec
860 1761 1013 1816 oppida
1051 1764 1177 1816 atque
1215 1775 1330 1803 oram
1365 1760 1525 1802 mariti-

194 1834 306 1860 mam
349 1819 472 1860 illum
517 1834 594 1874 pro
639 1820 837 1861 derelicto
880 1820 1053 1875 habere,
1095 1834 1171 1861 nec
1212 1834 1304 1862 sum
1345 1818 1525 1860 miratus

195 1892 308 1932 eum,
349 1877 422 1932 qui
463 1880 589 1932 caput
629 1878 769 1932 ipsum
809 1878 1069 1933 reliquisset,
1108 1878 1283 1933 reliquis
1323 1877 1525 1918 membris

147 1947 166 1976 2
193 1950 281 1977 non
310 1951 490 1990 parcere.
551 1936 606 1977 Ei
639 1937 785 1977 statim
816 1937 1012 1992 rescripsi
1042 1936 1338 1990 hominemque
1364 1937 1525 1977 certum

194 1994 291 2035 misi
312 1995 361 2035 de
381 1994 609 2036 comitibus
634 1995 750 2050 meis,
773 2009 861 2036 non
885 2009 947 2037 me
973 2009 1183 2050 quaerere,
1207 1994 1281 2035 ubi
1306 1993 1523 2036 tutissimo
1544 2011 1577 2036 20

195 2067 340 2094 essem.
391 2051 437 2094 Si
467 2067 533 2095 me
563 2053 691 2095 vellet
723 2068 799 2095 sua
830 2056 902 2095 aut
933 2054 994 2095 rei
1018 2053 1213 2108 publicae
1244 2067 1368 2094 causa
1398 2052 1524 2094 Luce-

194 2111 301 2152 riam
331 2111 493 2167 vem're,
531 2111 678 2153 statim
709 2126 799 2153 esse
829 2114 1071 2166 venturum3
1107 2111 1387 2166 hortatusque
1419 2125 1525 2166 sum,

195 2172 242 2209 ut
283 2183 400 2210 oram
442 2170 698 2211 maritimam
740 2170 958 2226 retineret,
1001 2170 1037 2210 si
1080 2184 1168 2211 rem
1208 2169 1525 2211 frumentariam

196 2226 277 2266 sibi
309 2241 359 2268 ex
391 2228 619 2282 provinciis
653 2229 912 2283 suppeditari
944 2228 1079 2270 vellet.
1140 2227 1234 2269 Hoc
1269 2242 1335 2269 me
1364 2228 1524 2268 frustra

195 2284 376 2325 scribere
408 2286 618 2341 videbam3
657 2287 729 2328 sed
766 2287 830 2328 uti
868 2287 913 2328 in
951 2287 1054 2327 urbe
1085 2286 1303 2328 retinenda
1334 2288 1434 2327 tunc
1465 2285 1524 2327 sic
1543 2300 1576 2327 25
