1665 2553
204 82 263 115 LII
456 93 459 94 ⁷
620 79 898 114 ADNOTATIO
925 79 1112 114 CRITICA

200 174 304 217 Boot,
336 173 490 218 Tyrrell,
520 174 610 208 satis
629 185 697 207 om.
718 173 784 216 M1,
815 173 1011 208 mandarat
1028 173 1072 215 is,
1095 173 1212 216 faeere
1236 173 1333 215 Ern.,
1359 173 1455 207 Bait.
1488 195 1533 198 —

201 225 246 255 36
272 221 457 255 tricesimo
476 220 588 262 Wes,
614 220 707 254 Boot
734 220 786 264 (hi
812 220 926 254 etiam
950 221 1117 254 sexcenti
1135 232 1165 254 v,
1182 223 1225 253 33
1253 221 1289 254 et
1309 219 1417 261 alibi,
1443 219 1530 254 fam.

203 271 279 302 170.
295 270 341 309 9),
361 267 463 311 Tyrr.
489 267 548 300 Ad
566 267 652 301 fam.
662 271 825 311 p.292.3.
841 288 886 291 —
901 270 943 300 37
953 278 1005 309 sq.
1026 267 1127 301 inde
1145 268 1234 301 satis
1253 267 1426 310 efficitur
1445 266 1532 300 Otto

200 326 292 348 mus.
308 314 424 348 Rhen.
441 317 530 348 1886
550 326 584 358 p.
601 317 680 357 368,
706 315 746 348 id
764 314 852 348 satis
872 314 1028 355 efficitur
1048 313 1163 356 codd,
1191 324 1273 347 cum
1294 324 1399 347 cruce
1419 313 1531 356 Wes.,

201 361 296 394 Boot
321 361 411 395 coni.
437 372 482 395 ne
506 362 558 395 sic
582 361 723 405 quidem
747 361 836 395 satis
861 361 1025 403 efficitur,
1051 360 1091 394 id
1114 361 1204 395 satis
1228 361 1350 403 efficit
1374 360 1532 402 Ernesti,

201 407 339 451 Baiter,
364 407 516 452 Tyrrell.
561 410 572 450 n
613 408 660 441 P.
681 407 770 441 162.
792 411 834 440 23
855 408 967 452 [Quae
986 411 1062 441 erat
1085 407 1126 440 in
1145 407 1256 441 edicto
1274 407 1371 452 meo]
1390 407 1533 451 Tyrrell

202 454 404 498 (Hermath.
425 454 492 487 VH
512 457 602 488 1890
627 466 661 498 p.
684 456 752 498 40).
774 475 819 478 —
839 457 882 487 28
903 453 1173 497 ἀκοινονοήτως
1200 455 1236 487 et
1263 458 1340 488 176.
1363 458 1405 487 19
1432 454 1532 488 ἀκοι-
1547 464 1554 468 “

202 500 392 545 νονόητον,
418 500 466 541 M,
487 501 588 544 Tyrr.
608 501 796 534 Hermath.
818 500 879 534 1.1.
902 502 938 534 et
963 500 1001 533 in
1022 500 1089 543 ed.,
1115 500 1384 534 Friedl.1uven.
1401 504 1431 534 7.
1454 504 1532 543 218,

202 548 421 582 restituend.
441 547 535 582 Plin.
557 558 612 592 ep.
633 548 683 580 m
703 552 733 582 9.
756 551 792 589 8,
826 546 1082 590 ἀκοινωνήτως
1108 549 1144 580 et
1170 548 1422 591 ἀκοινώνητον
1449 547 1531 581 edd.

202 616 247 619 -—
279 598 322 628 32
347 595 535 639 diliyenter
553 595 602 629 ad
626 599 657 629 te
682 596 718 628 Σ
740 594 876 638 (Lehm.
898 594 974 627 Att.
995 606 1030 638 p.
1051 595 1122 636 47),
1146 594 1194 627 ad
1224 598 1255 628 te
1280 595 1469 638 diliyenter
1489 598 1532 637 A,

204 641 284 675 edd.
317 643 328 685 ΙΙ
364 641 601 684 P.163.1sq,.
623 642 740 675 soluta
764 652 819 675 res
839 641 984 684 Scaptio
1009 645 1080 674 stat
1098 640 1219 675 Madv.
1234 640 1383 674 Adv.HI
1402 653 1436 685 p.
1454 645 1532 684 176,

202 688 311 731 Boot,
344 687 503 731 TyrreH,
528 689 645 722 soluta¹
675 699 730 722 res
760 688 903 731 Scaptio
935 688 1052 722 statim
1082 687 1203 729 codd,
1235 692 1276 721 ut
1299 698 1372 722 meo
1398 688 1533 722 decreto

201 735 361 769 solvatur
385 735 451 778 (sie
476 735 631 777 Manut.)
658 734 803 778 Scaptio
827 735 949 768 statim
974 733 1159 774 Wesenb,
1185 733 1320 768 Baiter.
1345 755 1391 759 —
1413 738 1432 768 6
1459 745 1533 769 non

201 783 277 816 eius
301 781 344 815 H.
360 781 401 815 A.
416 781 519 815 Koch
544 793 663 825 progr.
679 781 841 814 Por-tens.
859 784 948 814 1868
968 793 1002 825 p.
1019 785 1064 814 24
1084 780 1253 824 (Schiche
1277 791 1397 825 progr.
1413 781 1530 816 Berol.

203 831 292 862 1897
317 840 352 872 p.
374 832 418 861 24
443 840 473 862 v.
495 832 515 861 5
542 829 669 872 quoius
694 830 807 872 quae),
832 838 907 862 non
932 838 975 861 ex
997 828 1050 861 ed.
1071 828 1164 861 lens.
1186 827 1297 869 Wes.,
1323 828 1533 862 mentionem

200 886 275 909 non
298 875 407 918 vulg.¹
434 875 533 917 quod
553 876 653 908 recte
675 874 861 918 improbat
886 874 999 908 Koch.
1032 873 1074 908 V.
1093 873 1225 907 Philol.
1240 874 1290 907 IX
1311 886 1346 918 p.
1360 878 1427 908 604
1442 886 1532 918 sqq.,

202 922 249 954 ad
274 934 308 965 p.
336 925 390 955 84.
417 925 471 955 28.
499 943 544 946 -—
571 925 612 955 17
639 922 888 965 composuisse
912 921 1029 963 codd,
1054 920 1164 964 vulg„
1190 922 1392 965 exposuisse
1417 920 1532 955 Schil—

199 967 316 1011 lingio
342 970 491 1002 auctore
516 968 701 1011 Wesenb.,
726 968 829 1012 prob.
855 968 958 1001 Boot.
985 989 1030 992 -—
1056 971 1100 1001 24
1125 981 1148 1001 a
1172 967 1356 1002 Laodicea
1375 971 1408 1001 Δ
1428 968 1532 1011 (Leh-

199 1026 311 1048 mann
325 1015 400 1048 Att.
421 1027 455 1059 p.
470 1018 539 1059 47),
554 1015 691 1057 Baiter,
705 1014 858 1058 Tyrrell,
872 1014 1185 1058 praepositionem
1203 1025 1272 1048 om.
1287 1016 1331 1057 Σ,
1346 1013 1532 1057 Wesenb.,

199 1062 301 1095 Boot.
329 1083 374 1087 —
401 1065 444 1095 25
470 1073 591 1096 casus
616 1061 801 1103 Wesenb.,
827 1061 978 1104 Tyri-eil.
1007 1082 1051 1085 -
1077 1064 1120 1094 26
1142 1061 1286 1105 publice
1311 1061 1448 1095 litteras
1468 1073 1485 1095 c
1501 1063 1536 1095 Σ

200 1109 336 1151 (Lehm.
358 1108 434 1142 Att.
461 1120 495 1152 p.
519 1111 586 1151 70),
614 1109 750 1142 litteras
770 1109 912 1151 publice
933 1112 975 1150 Α,
1002 1107 1083 1141 edd.
1128 1109 1138 1149 ΙΙ
1175 1108 1220 1142 Ρ.
1248 1107 1336 1141 164.
1363 1111 1383 1141 6
1414 1119 1529 1142 rerum

200 1167 266 1189 sor.
287 1166 378 1188 mus.
398 1154 513 1188 Rhen.
537 1158 626 1188 1898
664 1167 699 1198 p.
718 1158 781 1187 124
821 1154 965 1198 &Latine
1003 1156 1059 1188 est
1089 1165 1208 1188 rerum
1239 1155 1342 1188 ordo
1375 1153 1461 1188 fam.
1483 1155 1533 1188 ΠΙ

202 1205 243 1235 12
259 1201 334 1245 in.)‚
361 1202 454 1235 enim
481 1201 583 1234 codd.
601 1202 637 1234 et
665 1201 758 1243 edd,
786 1201 959 1234 cancellis
988 1212 1075 1234 secr.
1091 1200 1203 1243 Wes.,
1231 1201 1314 1234 add.
1330 1212 1406 1235 mea
1426 1201 1528 1235 Boot.

200 1269 244 1273 ——
271 1252 314 1281 24
340 1259 448 1292 quum
473 1259 551 1282 cum
570 1248 774 1282 Democrito
798 1248 940 1290 Rosius,
966 1247 1064 1281 Wes.
1092 1247 1133 1280 V.
1155 1247 1345 1281 Lehmann
1364 1246 1529 1288 Quaestt.

198 1307 233 1339 p.
257 1298 322 1328 106
338 1306 389 1337 sq.
411 1315 455 1319 —-
481 1298 523 1327 27
544 1295 720 1328 olusculis
739 1293 924 1336 Wesenb.,
944 1294 1046 1328 Boot.
1086 1294 1143 1326 Ad
1163 1294 1248 1328 fam.
1270 1306 1304 1338 p.
1327 1297 1403 1328 482.
1426 1299 1479 1328 24.
1520 1295 1532 1341 {l

246 1342 292 1376 P.
307 1341 396 1376 165.
413 1345 455 1375 18
481 1341 529 1375 de
553 1341 690 1375 duobus
704 1341 888 1383 Wesenb.,
914 1341 1007 1374 Boot
1025 1341 1179 1385 probab.
1195 1362 1240 1365 —
1265 1344 1309 1374 23
1328 1342 1532 1386 [possiden—

199 1388 278 1433 dis]
303 1387 488 1430 Wesenb.,
514 1388 622 1430 Bait,
647 1388 750 1422 Boot.
788 1389 798 1432 ΙΙ
841 1388 886 1422 Ρ.
908 1388 997 1421 166.
1017 1392 1036 1421 3
1063 1389 1086 1433 †
1110 1389 1143 1421 si
1167 1387 1338 1422 Wesenb.
1361 1388 1452 1422 coni.
1474 1388 1531 1422 vel

200 1435 268 1469 Sed
294 1434 351 1468 vel
376 1434 516 1468 Scilicet
539 1435 607 1478 (sic
633 1434 770 1478 Orelli),
798 1435 857 1469 Sic
875 1435 1054 1476 Lambin.,
1079 1435 1149 1468 sibi
1173 1435 1239 1468 illa
1264 1436 1337 1468 iam
1361 1435 1532 1469 habeant

199 1481 243 1515 H.
264 1481 306 1515 A.
328 1481 431 1515 Koch
455 1492 574 1525 progr.
602 1481 766 1515 Portens.
790 1485 878 1515 1868
904 1494 938 1525 p.
961 1485 1014 1515 24.
1042 1502 1087 1506 —
1114 1485 1155 1514 12
1178 1481 1382 1515 CENSOR
1406 1482 1530 1525 potius

201 1539 312 1571 quam
345 1527 440 1562 OOS.
475 1528 591 1570 codd„
617 1528 754 1570 Baiter,
786 1527 970 1571 Wesenb„
1005 1527 1201 1562 CONSOL
1237 1528 1330 1561 Boot
1368 1527 1529 1572 (observ.

198 1587 232 1618 p.
255 1577 323 1619 50).
362 1574 404 1608 V.
426 1574 628 1608 Mommsen
649 1573 684 1608 C.
699 1575 724 1608 I.
744 1574 778 1607 1¹
797 1586 831 1618 p.
855 1578 931 1608 278.
959 1596 1002 1599 —-
1028 1574 1080 1608 Ib.
1102 1575 1156 1608 ad
1180 1574 1265 1618 Opis
1290 1574 1400 1618 vulg,
1426 1574 1530 1617 Boot,

200 1621 314 1665 Tyrr.,
341 1622 385 1655 ab
415 1621 501 1665 Opis
529 1621 645 1662 codd,
672 1621 779 1663 Bait,
807 1621 904 1655 Wes.
932 1642 976 1645 —
1008 1621 1059 1655 lb.
1082 1626 1187 1665 parte
1213 1621 1268 1654 ed.
1290 1621 1394 1663 lens,
1422 1621 1530 1663 Bait,

199 1668 311 1711 Wes.,
335 1679 451 1712 nuper
477 1667 567 1701 coni.
589 1668 681 1701 Boot
702 1667 786 1701 Obs.
808 1665 842 1711 p'.
866 1671 919 1710 50,
946 1668 984 1701 in
1005 1668 1059 1701 ed.
1083 1679 1149 1711 per
1174 1672 1205 1702 te
1231 1667 1310 1701 sine
1337 1678 1453 1709 cruce,
1481 1669 1530 1701 ad

203 1715 289 1758 Opis
312 1714 478 1759 Opiferue
496 1714 635 1748 Jordan
649 1714 800 1758 Ephem.
812 1714 925 1758 epigr.
935 1714 986 1747 HI
1004 1726 1038 1758 p.
1050 1718 1094 1747 64
1103 1726 1167 1757 sq.,
1190 1718 1242 1748 73.
1259 1735 1303 1738 —
1325 1718 1368 1747 14
1385 1714 1527 1748 GENS.

199 1762 299 1805 Tyrr.
321 1761 423 1795 tacit.
446 1782 490 1785 ——-
511 1765 553 1794 15
579 1762 727 1795 mercule
746 1761 851 1805 frgm.
868 1761 1051 1803 Wuroeb,
1078 1761 1169 1794 item
1190 1764 1266 1794 177.
1283 1764 1314 1803 6,
1340 1772 1374 1804 p.
1392 1765 1468 1795 117.
1487 1765 1529 1795 14

199 1808 304 1842 Torn.
332 1808 535 1852 (Lehmann
559 1808 635 1841 Att.
655 1819 689 1851 p.
713 1810 809 1851 117),
837 1807 980 1842 scrbnd.
1003 1809 1083 1841 erat
1107 1809 1149 1841 ut
1180 1811 1257 1841 315.
1285 1811 1340 1849 24,
1374 1811 1452 1841 431.
1474 1811 1529 1849 21,

198 1859 277 1889 497.
300 1858 342 1888 13
374 1854 429 1897 M,
469 1854 514 1888 de
540 1865 589 1888 or.
615 1854 648 1887 Π
673 1858 727 1888 45.
757 1857 822 1887 188
855 1854 957 1888 codd.
983 1854 1018 1887 H
1037 1854 1085 1897 A,
1117 1854 1308 1888 mehercule
1340 1854 1420 1887 edd.
1472 1854 1530 1887 Ad

198 1902 284 1935 fam.
305 1914 339 1945 p.
363 1905 415 1935 14.
438 1905 468 1935 1.
496 1922 541 1926 —
567 1905 609 1935 16
635 1901 849 1946 [Metellus]
875 1900 1011 1934 Orellio
1039 1902 1187 1934 auctore
1206 1900 1308 1934 Boot.
1336 1921 1381 1925 —
1407 1904 1451 1933 30
1476 1912 1529 1935 re-

194 1959 365 1991 prensum
389 1948 437 1991 M,
463 1948 732 1991 repraehensum
758 1947 893 1989 Wure„
918 1947 1112 1991 reprehens.
1140 1947 1223 1980 edd.
1246 1946 1305 1979 Ad
1330 1958 1363 1991 p.
1393 1950 1469 1981 105.
1498 1951 1528 1982 8.

199 2015 244 2018 —
279 1998 321 2028 36
356 1995 406 2028 mi
442 1996 596 2037 uterque
631 1994 720 2036 cod,
752 1994 933 2037 repudiat.
968 1994 1013 2026 ab
1051 1993 1154 2027 editt.
1202 1993 1261 2026 Ad
1296 2005 1332 2037 p.
1360 1997 1459 2027 9.19.
1519 1994 1531 2040 ΙΙ

246 2041 291 2074 Ρ.
308 2041 396 2075 167.
413 2045 454 2074 13
475 2054 498 2075 a
517 2041 721 2075 civitatibus
740 2040 818 2074 sine
839 2051 944 2074 cruce
963 2040 1099 2082 Baiter,
1120 2039 1272 2084 Tyrrell,
1293 2041 1334 2074 de
1350 2041 1528 2085 vecti-oali-

200 2088 264 2121 bus
289 2087 344 2120 Fr.
379 2087 545 2121 Schmidt
574 2098 694 2132 progr.
726 2086 889 2120 Norimb.
919 2090 1008 2120 1879
1034 2099 1068 2130 p.
1103 2090 1158 2129 27,
1184 2086 1278 2120 Boot
1314 2087 1528 2131 temptavit:

199 2134 252 2167 Ei
277 2134 318 2167 de
338 2135 525 2177 pantheris
549 2139 581 2169 et
605 2135 647 2168 de
665 2134 894 2178 vectigalibus
912 2134 1087 2177 rescripsi.
1115 2154 1159 2157 —-
1186 2137 1228 2166 25
1255 2134 1351 2178 [iam
1366 2134 1530 2179 pridem]

199 2180 366 2213 Manutio
398 2182 546 2214 auctore
576 2182 728 2215 recentt.
763 2180 856 2222 edd,
883 2184 981 2214 amat
1011 2180 1082 2213 iam
1112 2180 1251 2223 pridem
1282 2180 1325 2213 H.
1353 2180 1394 2214 A.
1427 2180 1530 2214 Koch

199 2238 318 2270 progr.
340 2226 501 2260 Portens.
531 2231 619 2261 1868
645 2240 679 2272 p.
701 2231 756 2270 24,
782 2237 899 2261 coram
919 2227 1057 2270 quidem
1085 2226 1140 2260 Fr.
1164 2226 1330 2260 Schmidt
1349 2226 1527 2261 Fleckeis.

200 2273 321 2306 annal.
351 2276 440 2307 1874
476 2285 509 2317 p.
540 2277 615 2316 740,
654 2275 726 2308 iam
759 2273 916 2317 pridem,
947 2273 1058 2319 <haec
1095 2274 1276 2308 amantius
1309 2274 1527 2318 (amabilius)
