1665 2553
144 468 219 521 M.
244 468 473 521 TULLI
502 468 902 523 CICERONIS
929 470 1035 522 AD
1062 469 1138 522 M.
1159 469 1479 522 BRUTUM

773 561 848 602 ET

330 645 405 697 M.
437 644 667 697 BRUTI
697 645 803 697 AD
842 645 917 698 M.
949 644 1295 697 TULLIUM

593 726 1034 780 CICERONEM

110 858 125 883 5
625 832 990 879 EPISTULAE.

558 946 731 988 LIBER
765 946 1079 989 SECUNDUS.

795 1133 826 1174 I.

290 1213 363 1249 Ser.
385 1214 521 1249 Romae
546 1225 597 1248 ex.
619 1225 662 1247 m.
685 1214 799 1248 Illart.
821 1218 886 1248 aut
911 1214 960 1247 in.
982 1214 1072 1257 Apr.
1095 1226 1127 1247 a.
1150 1216 1217 1248 '711
1247 1216 1335 1257 (43).

577 1294 744 1329 CICERO
771 1294 930 1330 BRUTO
959 1295 1054 1330 SAL.

94 1384 127 1408 10
235 1366 342 1408 Cum
378 1367 479 1408 haec
512 1367 764 1423 scribebam,
801 1383 867 1408 res
906 1367 1227 1408 existimabatur
1264 1368 1310 1407 in
1346 1370 1479 1408 extre-
1506 1379 1523 1408 1

146 1440 263 1466 mum
289 1426 466 1466 adducta
493 1426 725 1466 discrimen.
772 1426 933 1466 Tristes
960 1426 1070 1466 enim
1096 1426 1144 1466 de
1169 1425 1302 1466 Bruto
1329 1429 1476 1467 nostro

146 1485 315 1524 litterae
351 1484 573 1537 nuntiique
612 1484 916 1524 adferebantur.
978 1484 1047 1524 Me
1079 1484 1247 1537 quidem
1278 1498 1364 1524 non
1394 1499 1478 1524 ma-

147 1543 259 1583 xime
290 1542 612 1583 conturbabant.
666 1541 744 1582 His
777 1543 888 1582 enim
920 1542 1173 1583 exercitibus
1205 1542 1479 1597 ducibusque,

149 1615 255 1655 quos
298 1600 522 1655 habemus,
564 1600 682 1640 nullo
726 1600 851 1641 modo
890 1603 1081 1654 poteram
1120 1600 1306 1640 diffidere
1342 1614 1477 1654 neque

96 1675 128 1700 15
149 1659 414 1700 adsentiebar
450 1659 600 1699 maiori
630 1658 743 1712 parti
772 1658 1003 1699 hominum.
1064 1658 1210 1698 Fidem
1242 1659 1353 1698 enim
1385 1673 1479 1699 con-

150 1718 288 1758 sulum
324 1732 411 1757 non
450 1717 795 1769 condemnabam,
834 1732 940 1770 quae
977 1719 1172 1770 suspecta
1209 1717 1477 1758 vehementer

149 1779 256 1831 erat,
299 1775 584 1816 desiderabam
619 1790 706 1816 non
743 1775 873 1816 nullis
905 1775 950 1815 in
980 1775 1105 1815 rebus
1137 1775 1404 1828 prudentiam
1436 1778 1477 1815 et

149 1834 422 1888 celeritatem,
455 1849 537 1888 qua
569 1835 605 1875 si
637 1836 776 1875 essent
807 1834 887 1888 usi,
917 1833 1001 1873 iam
1032 1833 1195 1886 pridem
1227 1848 1316 1874 rem
1341 1834 1477 1887 publi-

150 1908 239 1934 cam
269 1907 641 1946 recuperassemus.
703 1891 801 1932 Non
834 1892 943 1932 enim
973 1892 1162 1945 ignoraS,
1204 1894 1362 1945 quanta
1391 1906 1478 1932 mo-

98 1967 130 1991 20
149 1954 291 1992 menta
328 1951 414 1992 sint
451 1951 496 1991 in
527 1966 571 1992 re
601 1951 769 2005 publica
800 1954 1056 2004 temporum,
1093 1953 1134 1990 et
1167 1950 1267 2003 quid
1296 1950 1478 2004 intersit,

150 2009 259 2050 idem
289 2009 395 2050 illud
426 2012 569 2050 utrum
601 2012 698 2050 ante
724 2024 776 2050 an
801 2012 898 2063 post
924 2008 1181 2063 decernatur,
1213 2008 1479 2064 suscipiatur,

151 2070 311 2122 agatur.
362 2067 523 2123 Omnia,
555 2083 660 2122 quae
692 2082 831 2108 severe
863 2068 1026 2108 decreta
1052 2069 1150 2107 sunt
1175 2066 1256 2106 hoc
1280 2067 1479 2121 tumultu,

152 2127 187 2166 si
221 2129 305 2181 aut,
337 2141 420 2179 quo
453 2127 517 2167 die
544 2127 630 2167 dixi
657 2126 922 2181 sententiam,
951 2125 1135 2179 perfecta
1161 2127 1301 2165 essent
1327 2127 1368 2165 et
1392 2139 1480 2166 non

151 2184 196 2224 in
233 2185 343 2224 diem
383 2199 432 2225 ex
470 2185 534 2225 die
573 2185 702 2225 dilata
741 2188 831 2239 aut,
868 2198 950 2238 quo
984 2198 1034 2224 ex
1064 2186 1253 2236 tempore
1285 2186 1479 2237 suscepta

98 2258 130 2283 25
150 2245 268 2296 simt,
303 2244 351 2282 ut
384 2247 621 2297 agerentur,
656 2257 743 2283 non
774 2243 939 2283 tardata
972 2244 1012 2282 et
1044 2241 1364 2296 procrastinata,
1395 2242 1479 2282 bel-

149 2299 239 2340 lum
268 2301 353 2340 iam
383 2300 548 2341 nullum
577 2301 837 2342 haberemus.
901 2299 1070 2355 Omnia,
1105 2299 1250 2354 Brute,
1285 2300 1479 2353 praestiti
1505 2309 1524 2339 2
