1665 2553
317 110 657 145 EPISTULARUM
683 110 747 144 AD
774 110 991 145 ATTICUM
1015 110 1101 145 XIII
1127 114 1276 145 39-42.
1375 112 1461 153 425

742 240 850 283 XLI.

259 322 333 357 Ser.
355 323 395 356 in
425 323 630 356 Tusculano
661 322 720 356 VI
740 326 805 357 aut
835 322 869 356 V
891 322 947 356 Id.
969 321 1063 356 Sext.
1085 333 1118 356 α.
1142 324 1214 358 709
1240 326 1331 367 (45).

526 403 716 438 CICERO
740 403 932 439 ATTICO
957 403 1065 438 SAL.

211 475 306 531 Ego
338 490 437 517 vero
464 475 620 524 Quinto
651 476 880 530 epistulam
904 476 957 516 ad
983 490 1172 518 sororem
1196 476 1303 518 misi.
1355 475 1462 518 Cum

89 552 103 577 5
123 535 193 575 ille
231 537 477 588 quereretur
514 534 603 575 filio
642 549 737 575 cum
776 538 911 576 matre
939 534 1100 576 bellum
1133 537 1174 576 et
1207 550 1250 576 se
1284 535 1337 576 ob
1371 550 1463 576 eam

123 608 291 634 eausam
316 593 440 634 domo
468 607 682 634 cessurum
707 593 797 635 filio
823 594 990 648 diceret,
1020 593 1108 634 dixi
1132 594 1256 635 illum
1281 608 1462 635 commo-

123 652 196 692 das
240 652 291 693 ad
334 655 514 693 matrem
556 652 742 707 litteras,
785 652 835 692 ad
873 655 916 693 te
952 652 1102 694 nullas.
1164 652 1243 694 Ille
1282 653 1462 694 alterum

122 711 370 766 mirabatur,
402 711 451 752 de
483 713 524 752 te
557 714 698 751 autem
731 726 850 752 suam
871 711 1048 765 eulpam,
1082 711 1195 766 quod
1221 725 1343 764 saepe
1370 726 1461 767 gra-

122 769 231 810 viter
275 769 325 810 ad
368 769 505 810 filium
550 769 787 823 scripsisset
831 769 880 810 de
923 772 998 810 tua
1041 770 1086 810 in
1129 770 1251 811 illum
1294 770 1459 811 iniuria.

69 845 103 869 10
123 828 244 876 Quod
284 830 424 869 autem
461 828 722 882 relanguisse
761 842 804 869 se
843 828 962 881 dicit,
1000 842 1078 883 ego
1117 829 1155 870 ei
1186 829 1273 869 tuis
1304 829 1460 870 litteris

121 887 241 928 lectis
273 891 468 936 σκολιαῖς
499 886 682 935 ἀπάταις
714 887 949 942 significavi
980 902 1048 928 me
1079 901 1166 928 non
1199 888 1290 928 fore
1316 887 1340 912 ’¹‘
1369 890 1462 928 tum

1490 489 1507 518 1

122 945 234 986 enim
265 945 425 986 mentio
454 944 600 986 Canae.
653 945 848 1000 Omnino,
879 946 916 986 si
947 945 990 986 id
1015 946 1241 987 consilium
1265 946 1461 999 placeret,
1489 958 1507 986 2

123 1007 233 1045 esset
263 1018 451 1057 necesse3
484 1004 566 1058 sed,
598 1006 646 1045 ut
678 1004 840 1058 scribis,
872 1004 983 1045 ratio
1016 1007 1080 1045 est
1107 1005 1301 1045 habenda
1326 1005 1462 1059 gravi·
1510 1037 1517 1040 .

121 1063 236 1116 tatis,
268 1066 310 1104 et
340 1063 564 1116 utriusque
595 1066 790 1103 nostrum
821 1063 932 1104 idem
957 1063 1181 1104 consilium
1208 1078 1298 1104 esse
1326 1064 1461 1117 debet,

68 1138 101 1163 15
121 1121 202 1162 etsi
227 1121 272 1161 in
296 1136 363 1162 me
390 1122 605 1176 graviores
631 1121 811 1162 iniuriae
838 1124 879 1162 et
905 1124 1015 1162 certe
1040 1122 1239 1163 notiores.
1291 1121 1337 1163 Si
1361 1136 1461 1163 vero

122 1180 249 1221 etiam
279 1180 440 1221 Brutus
473 1180 632 1234 aliquid
664 1180 834 1233 adferet,
865 1180 983 1221 nulla
1014 1180 1226 1221 dubitatio
1254 1183 1328 1222 est.
1381 1179 1462 1222 Sed

121 1253 274 1280 coram.
341 1238 498 1293 Magna
536 1239 649 1280 enim
685 1253 753 1280 res
792 1241 833 1279 et
870 1239 1029 1280 multae
1072 1239 1293 1280 cautionis.
1356 1237 1460 1280 Cras

121 1297 266 1352 igitur,
297 1297 381 1338 nisi
413 1297 515 1351 quid
547 1312 570 1338 a
602 1300 643 1338 te
676 1300 948 1338 commeatus.

723 1437 855 1478 XLII.

68 1525 100 1549 20
352 1516 424 1551 Ser.
447 1518 486 1550 in
511 1517 716 1551 Tusculano
743 1529 794 1551 ex.
818 1530 859 1551 m.
882 1518 967 1552 Dee.
989 1530 1021 1551 α.
1045 1521 1117 1552 709
1144 1520 1234 1561 (45).

525 1598 715 1633 CICERO
739 1599 932 1633 ATTICO
957 1599 1065 1633 SAL.

209 1669 340 1711 Venit
384 1670 456 1711 ille
502 1670 555 1710 ad
598 1684 665 1710 me
708 1669 780 1711 καὶ
824 1671 938 1724 μάλα
981 1672 1186 1724 κατηφής.
1260 1671 1320 1712 Et
1365 1685 1460 1725 ego:

123 1730 207 1770 (Σὺ
247 1727 294 1770 δὲ
333 1730 386 1782 δὴ
425 1731 470 1769 τί
504 1728 727 1781 σύννους;’
769 1728 973 1783 ‘Rogas‘2’
1022 1729 1181 1784 inquit,
1219 1729 1336 1782 ‘quoi
1380 1730 1460 1771 iter

121 1788 253 1828 instet
292 1790 333 1828 et
370 1788 452 1827 iter
491 1787 543 1827 ad
574 1787 735 1827 bellum
766 1787 892 1840 idque
925 1802 1019 1828 cum
1050 1787 1337 1841 periculosum
1369 1791 1461 1828 tum

69 1863 102 1888 25
122 1846 250 1887 etiam
287 1846 443 1899 turpel'
500 1845 628 1893 ‘Quae
666 1845 729 1885 vis
760 1845 939 1899 igitur?’
983 1846 1168 1899 inquam.
1232 1845 1360 1899 ³Aes’,
1400 1847 1460 1887 in-

123 1905 232 1958 quit,
273 1904 473 1945 ‘alienum
511 1907 552 1944 et
595 1906 738 1944 tamen
773 1918 827 1944 ne
867 1904 1070 1945 viaticum
1108 1904 1304 1958 quidem.⁹
1367 1904 1459 1946 Hoc

121 1963 213 2003 loeo
247 1976 325 2017 ego
359 1962 520 2016 sumpsi
552 1962 751 2015 quiddam
784 1963 833 2002 de
865 1964 939 2003 tua
971 1963 1230 2017 eloquentia3
1270 1978 1369 2003 nam
1401 1966 1461 2004 ta-

122 2022 200 2062 cui.
275 2020 335 2061 At
384 2021 473 2061 ille:
537 2020 633 2062 ‘Sed
682 2035 749 2060 me
798 2021 981 2061 maxime
1032 2022 1151 2075 augit
1201 2022 1460 2063 avunculus?

123 2079 396 2128 ‘QuidnamP'
445 2079 631 2133 inquam.
682 2078 817 2127 ‘Quod
842 2079 977 2133 mihi’,
1007 2080 1158 2133 inquit,
1191 2079 1341 2121 ‘iratus
1368 2081 1460 2121 est.'

70 2155 103 2179 30
124 2137 224 2178 ‘Cur
265 2138 466 2190 pateris?
510 2138 703 2192 inquam,
742 2137 866 2177 ‘malo
907 2138 1016 2178 enim
1059 2138 1120 2178 ita
1159 2138 1293 2179 dicere
1335 2153 1461 2192 quam

123 2211 196 2237 eur
234 2196 508 2236 committis?
563 2195 678 2236 ‘Non
715 2195 880 2251 patim-²,
926 2196 1082 2250 inquit,
1126 2197 1311 2237 ‘eausam
1349 2198 1461 2238 enim

123 2254 300 2295 tollam?
361 2254 420 2294 Et
458 2268 552 2308 ego:
597 2253 874 2294 ‘Rectissume
913 2255 1099 2308 quidem3
1132 2255 1223 2309 sed,
1262 2256 1297 2296 si
1334 2269 1460 2310 grave

122 2327 208 2354 non
248 2315 330 2367 est⁷
372 2312 499 2353 velim
537 2313 658 2367 scire,
704 2312 803 2366 quid
842 2313 898 2353 sit
939 2313 1114 2354 causae.⁹
1176 2313 1317 2370 ‘Quia7
1361 2315 1460 2355 dum

1489 1683 1505 1712 1
