1665 2553
78 747 112 771 10

78 1039 111 1064 15

79 1330 112 1354 20

82 1622 115 1647 25

85 1912 118 1937 30

85 2201 119 2226 35

412 105 751 141 EPISTULARUM
776 104 841 138 AD
867 104 1069 138 BRUTUM
1094 105 1110 138 1
1137 109 1190 140 16.
1381 105 1466 145 545

129 204 226 244 bere
263 204 305 242 et
344 202 424 242 dici
457 201 696 243 consulares
722 199 935 241 volumus!
981 198 1178 240 Ceterum
1208 200 1466 253 nequiquam

129 261 302 316 perierit
345 261 446 302 ille?
509 258 639 301 Cuius
682 258 859 299 interitu
903 258 1004 312 quid
1047 258 1183 312 gavisi
1220 273 1385 311 sumus,
1430 258 1466 298 si

129 322 298 360 mortuo
342 319 476 359 nihilo
519 318 658 358 minus
704 316 902 357 servituri
940 316 1134 357 eramus?
1173 316 1326 370 †nulla
1369 331 1467 356 cura

130 378 384 419 adhibetur?
435 375 515 417 Sed
551 375 657 416 mihi
688 376 806 429 prius
846 375 987 416 omnia
1019 375 1061 415 di
1093 375 1275 428 deaeque
1308 375 1465 428 eripue-

131 437 218 477 rint
251 451 377 490 quam
408 435 514 476 illud
544 435 762 488 iudicium,
800 448 883 487 quo
914 448 1002 474 11011
1031 434 1157 474 1110ᾶο
1190 433 1333 474 heredi
1366 434 1467 488 eius,

131 510 256 549 quem
289 494 438 547 occidi,
477 507 563 534 non
595 493 891 548 concesserim,
932 492 1044 546 quod
1075 492 1119 532 in
1151 492 1225 532 illo
1258 507 1344 533 non
1375 492 1467 546 tuli,

132 554 203 594 sed
238 568 291 594 ne
328 552 440 606 patri
479 551 647 605 quidem
684 566 797 607 meo,
841 551 877 592 si
908 551 1158 605 revivescat,
1201 553 1249 591 ut
1280 551 1467 604 patiente

130 627 196 653 me
233 612 328 665 plus
367 610 532 665 legibus
571 625 617 651 ac
657 612 805 650 senatu
843 610 991 663 possit.
1053 608 1122 649 An
1151 609 1234 650 hoc
1264 610 1346 650 tibi
1377 624 1467 662 per-

132 685 302 711 suasum
335 672 410 724 est,
441 669 530 709 fore
557 671 718 710 ceteros
751 668 803 708 ab
836 683 884 709 eo
916 668 1087 721 liberos,
1119 682 1202 721 quo
1229 668 1363 708 invito
1396 682 1468 708 no-

130 729 196 769 bis
229 729 273 768 in
303 728 386 769 ista
418 727 588 768 civitate
620 727 738 768 locus
764 741 850 767 non
876 727 960 767 sit?
1011 725 1091 775 Qui
1116 741 1243 779 porro
1270 726 1324 779 id,
1356 726 1469 780 quod

129 787 252 842 petis,
283 787 375 827 fieri
405 789 549 840 potest
579 788 628 826 ut
652 786 882 839 impetres?
932 784 1076 840 Rogas
1109 785 1233 840 enim,
1263 784 1365 825 velit
1389 799 1467 825 nos

132 846 271 886 salvos
323 859 422 886 esse.
494 844 700 885 Videmur
751 858 849 898 ergo
895 844 976 884 tibi
1021 843 1200 884 salutem
1243 843 1469 898 accepturi,

131 919 225 944 011111
257 904 389 944 vitam
421 903 732 956 acceperimus?
783 902 930 957 Quam,
960 902 1044 942 nisi
1069 902 1186 955 prius
1213 902 1467 942 dimittimus

131 963 383 1017 dignitatem
414 964 456 1003 et
487 962 741 1016 libertatem,
773 961 845 1014 qui
876 975 1102 1014 possumus
1135 960 1349 1014 accipere?
1399 959 1468 1000 An

131 1024 179 1061 tu
218 1020 379 1061 Romae
415 1020 629 1075 habitare,
671 1020 715 1060 id
754 1022 879 1073 putas
918 1019 1171 1060 incolumem
1203 1019 1322 1060 esse?
1371 1018 1468 1072 Res,
1510 1035 1519 1038 ’

131 1094 218 1120 11011
248 1079 365 1119 100110
398 1081 566 1131 oportet
596 1081 781 1131 praestet
811 1078 921 1118 istuc
952 1077 1068 1118 1111111.
1130 1076 1280 1131 Neque
1311 1077 1469 1118 incolu-

131 1138 212 1178 mis
252 1136 428 1178 Caesare
466 1137 561 1177 vivo
599 1137 677 1191 fui,
717 1136 801 1176 nisi
838 1139 1115 1190 posteaquam
1146 1135 1253 1176 illud
1284 1136 1469 1176 conscivi

131 1196 307 1250 facinus,
335 1209 472 1249 neque
503 1209 683 1248 usquam
709 1194 828 1235 exsul
854 1209 944 1235 esse
968 1209 1154 1249 possum,
1187 1195 1287 1234 dum
1313 1195 1469 1235 servire

133 1257 174 1295 et
210 1254 300 1308 pati
337 1253 613 1294 contumelias
651 1253 771 1307 peius
810 1253 936 1294 odero
977 1253 1098 1293 malis
1133 1253 1329 1293 omnibus
1363 1253 1467 1293 aliis

132 1311 285 1353 Nomie
315 1312 396 1352 1100
428 1315 491 1352 est
523 1312 569 1352 in
600 1312 765 1353 easdem
797 1312 993 1352 tenebras
1025 1311 1236 1366 recidisse,
1266 1312 1304 1352 si
1329 1311 1381 1351 ab
1409 1326 1469 1365 eo,

134 1371 207 1424 qui
238 1370 410 1424 tyranni
441 1385 597 1410 nomen
627 1371 804 1411 adscivit
837 1370 932 1425 sibi,
964 1384 1059 1410 cum
1090 1370 1136 1410 in
1168 1369 1337 1410 Graecis
1372 1370 1469 1410 civi-

133 1429 294 1469 tatibus
335 1429 458 1469 liberi
495 1431 774 1481 tyrannorum
812 1429 1026 1482 oppressis
1065 1428 1150 1469 illis
1190 1428 1335 1469 eodem
1375 1443 1469 1482 sup-

134 1487 260 1540 plicio
293 1487 555 1541 adficiantur,
591 1487 763 1540 petitur,
794 1489 841 1527 ut
873 1487 1058 1527 vindices
1091 1489 1217 1540 atque
1250 1501 1469 1540 oppresso-

134 1560 200 1586 res
227 1544 526 1585 dominationis
554 1545 659 1584 salvi
687 1543 800 1585 sint?
834 1544 955 1585 Hanc
981 1559 1058 1598 ego
1086 1545 1302 1585 civitatem
1327 1545 1468 1585 videre

134 1604 262 1644 velim
294 1605 365 1644 aut
396 1606 541 1656 putem
573 1603 715 1657 ullam,
753 1617 858 1656 quae
889 1617 941 1643 ne
973 1603 1173 1643 traditam
1206 1603 1373 1656 quidem
1406 1606 1469 1644 at-

136 1677 216 1716 que
253 1662 507 1702 inculcatam
543 1661 782 1701 libertatem
820 1661 1002 1714 recipere
1039 1661 1176 1714 possit
1207 1661 1386 1714 plusque
1418 1662 1469 1702 ti-

135 1723 247 1761 meat
278 1720 324 1760 in
354 1735 483 1774 puero
509 1734 662 1760 nomen
689 1719 847 1759 sublati
872 1719 984 1773 regis
1011 1733 1137 1772 quain
1163 1719 1348 1760 confidat
1375 1720 1469 1774 sibi,

137 1793 231 1819 cum
262 1778 384 1818 illum
416 1779 566 1832 ipsum,
606 1778 678 1831 qui
708 1778 914 1818 maximas
948 1792 1047 1830 opes
1079 1777 1288 1831 habuerit,
1320 1792 1470 1831 pauco-

137 1851 232 1876 rum
271 1837 429 1877 virtute
473 1837 688 1877 sublatum
723 1836 893 1876 videat?
954 1835 1023 1876 Me
1060 1850 1159 1876 vero
1199 1835 1378 1888 posthac
1416 1850 1469 1877 ne

138 1895 491 1936 commendaveris
526 1894 693 1935 Caesari
730 1897 822 1948 tuo,
861 1908 914 1934 ne
954 1896 996 1934 te
1036 1893 1204 1947 quidem
1234 1894 1396 1949 ipsum,
1433 1895 1469 1934 si

136 1968 203 1993 me
243 1953 395 1994 audies.
456 1953 590 1994 Valde
623 1968 714 1994 care
747 1953 944 1993 aestimas
976 1954 1042 1992 tot
1074 1966 1218 2005 annos,
1251 1955 1355 2005 quot
1386 1953 1470 1993 ista

138 2013 252 2051 aetas
284 2012 447 2067 recipit,
479 2012 514 2052 si
545 2014 719 2066 propter
745 2026 835 2052 eam
862 2025 1030 2051 causam
1056 2024 1186 2063 puero
1212 2010 1286 2050 isti
1312 2011 1470 2064 suppli-

137 2071 306 2109 caturus
339 2084 392 2110 es.
453 2069 627 2126 Deinde,
664 2070 776 2123 quod
808 2069 1085 2123 pulcherrime
1116 2068 1255 2108 fecisti
1287 2083 1333 2109 ac
1364 2069 1467 2110 facis

138 2127 182 2166 in
207 2125 406 2180 Antonio,
438 2129 530 2169 vide
555 2143 608 2169 ne
639 2130 908 2169 convertatur
940 2142 963 2167 a
994 2126 1115 2167 laude
1140 2127 1313 2167 maximi
1340 2127 1470 2168 animi

139 2184 190 2225 ad
216 2185 454 2237 opinionem
479 2186 727 2227 formidinis.
777 2185 901 2240 Nam,
927 2185 963 2226 si
989 2184 1189 2225 Octavius
1215 2185 1295 2224 tibi
1321 2185 1470 2240 placet,

140 2258 163 2283 a
201 2257 282 2295 quo
324 2243 373 2283 de
408 2247 552 2285 nostra
594 2245 728 2286 salute
760 2245 985 2298 petendum
1017 2244 1091 2297 sit,
1133 2256 1220 2283 non
1252 2243 1470 2283 dominum

139 2301 316 2355 fugisse,
361 2301 432 2341 sed
470 2303 708 2344 amiciorem
746 2304 962 2344 dominum
1000 2301 1213 2355 quaesisse
1249 2301 1471 2343 videberis.

210 2375 268 2400 Cic.
290 2375 374 2405 epist.
393 2375 432 2400 ΙΙ,
1211 2372 1254 2403 35
