1665 2553
195 108 283 147 256
622 104 670 139 Μ.
697 103 838 138 TULLI
864 101 1112 138 CICERONIS

189 201 353 243 Utrum
382 200 464 242 hoc
495 203 543 241 tu
574 215 724 254 parum
756 197 1097 252 commeministi,
1128 211 1181 238 an
1213 211 1290 252 ego
1323 211 1410 238 non
1436 196 1540 238 satis

195 260 400 313 intellexi,
433 274 486 300 an
517 259 694 299 mutasti
727 256 1011 298 sententiam?
1057 255 1137 296 Sed
1169 258 1243 296 aut
1269 270 1320 296 ex
1346 255 1540 310 epistula,

195 334 323 372 quam
357 320 566 372 exspecto,
599 316 861 371 perspiciam,
895 315 996 369 quid
1028 315 1199 370 sentias,
1231 317 1305 355 aut
1333 314 1436 355 alias
1464 314 1539 354 abs

194 381 238 418 te
275 378 440 418 litteras
480 376 653 417 eliciam.
716 374 945 416 Brundisio
986 373 1198 415 nihildum
1231 375 1320 413 erat
1352 372 1539 414 allatum.

827 514 911 556 Ha.
1581 529 1596 554 5

381 609 456 645 Ser.
477 609 518 642 in
546 608 747 642 Formiano
780 607 885 642 VIII
903 607 961 641 Id.
983 607 1098 641 Mart.
1120 618 1153 641 a.
1176 609 1247 642 705
1273 609 1362 651 (49).

600 699 791 735 CICERO
815 700 1009 735 ATTICO
1034 699 1140 734 SAL.

288 785 322 827 O
366 800 455 826 rem
497 785 712 825 difficilem
749 784 958 838 planeque
995 783 1220 837 perditam!
1272 798 1398 837 quam
1434 783 1543 824 nihil

199 844 505 899 praetermittis
549 843 594 884 in
638 843 816 884 consilio
864 843 1018 896 dand03
1068 857 1195 896 quam
1237 842 1347 883 nihil
1389 845 1543 897 tamen,

200 903 313 957 quod
356 903 437 943 tibi
480 902 562 956 ipsi
607 902 790 957 placeat,
835 901 1038 955 explicas!
1087 901 1188 942 Non
1231 915 1320 942 esse
1356 915 1423 941 me
1460 915 1544 941 una
1564 917 1597 941 10

200 977 295 1003 cum
321 961 524 1015 Pompeio
558 961 715 1015 gaudes
749 975 795 1001 ac
827 960 1043 1014 proponis,
1076 974 1202 1014 quam
1235 960 1291 1000 sit
1322 962 1446 1013 turpe
1477 974 1544 1000 me

201 1021 358 1075 adesse,
391 1035 486 1061 cum
519 1020 620 1073 quid
652 1019 701 1060 de
732 1019 806 1059 illo
840 1018 1105 1072 detrahatur,
1135 1018 1253 1059 nefas
1282 1032 1370 1059 esse
1395 1033 1544 1072 appro-

200 1080 311 1120 bare.
363 1077 504 1132 Certe,
537 1081 684 1119 contra
709 1077 871 1132 igitur?
910 1077 1008 1129 ‘Di’,
1040 1077 1194 1132 inquis,
1219 1077 1544 1118 ‘averruncenffl’

201 1138 311 1186 Quid
343 1152 443 1192 ergo
476 1137 568 1190 fiet,
610 1137 645 1176 si
677 1136 722 1176 in
748 1136 880 1177 altero
915 1136 1049 1176 scelus
1083 1138 1163 1188 est,
1205 1135 1250 1176 in
1282 1136 1415 1176 altero
1449 1150 1544 1189 sup-

202 1196 406 1250 plicium?
440 1194 738 1249 ‘impeti-abis',
764 1194 918 1248 inquiS,
945 1195 984 1234 ‘a
1011 1192 1199 1248 Caesare,
1219 1196 1266 1234 ut
1291 1194 1372 1234 tibi
1397 1193 1544 1234 abesse
1564 1210 1596 1235 15

203 1255 327 1295 liceat
360 1256 401 1294 et
434 1268 525 1295 esse
551 1253 718 1294 otioso.'
768 1251 1099 1306 Supplicandum
1124 1252 1286 1306 igitur?
1330 1251 1543 1293 Miserum.

204 1312 325 1365 Quid,
358 1312 394 1353 si
419 1326 506 1353 non
530 1311 790 1365 impetraro‘?
833 1311 905 1351 ‘Et
932 1311 981 1351 de
1005 1310 1224 1364 triumpho
1251 1310 1359 1365 erit’,
1390 1310 1544 1365 inquis,

206 1371 465 1425 ‘integrum'
536 1370 663 1424 Quid,
714 1370 749 1410 si
797 1369 877 1410 hoc
926 1369 1019 1423 ipso
1064 1369 1258 1422 premar?
1315 1369 1544 1423 accipiam?

205 1430 315 1478 Quid
358 1429 552 1470 foedius?
607 1427 800 1483 Negem?
849 1427 1079 1481 Repudiari
1124 1442 1167 1468 se
1209 1430 1367 1482 totum,
1408 1428 1545 1482 magis

206 1489 334 1529 etiam
363 1502 490 1541 quam
517 1487 617 1528 olim
644 1486 689 1527 in
714 1498 776 1527 XX
802 1486 953 1539 viratu,
982 1486 1162 1540 putabit.
1212 1486 1276 1527 Ac
1301 1486 1421 1540 solet,
1451 1501 1546 1527 cum
1566 1503 1600 1528 20

206 1561 251 1587 se
287 1549 462 1601 purgat,
499 1546 544 1586 in
580 1560 647 1586 me
688 1545 876 1586 conferre
909 1560 1074 1585 omnem
1105 1545 1277 1585 illorum
1309 1547 1546 1598 temporum

207 1605 384 1659 culpam.
445 1603 512 1645 Ita
543 1618 609 1645 me
643 1603 725 1644 sibi
755 1604 887 1644 fuisse
919 1603 1150 1658 inimicum,
1181 1605 1228 1644 ut
1259 1617 1311 1644 ne
1342 1603 1546 1644 honorem

207 1664 376 1718 quidem
416 1678 440 1703 a
472 1677 515 1703 se
547 1662 732 1716 accipere
763 1662 924 1703 vellem.
987 1661 1154 1710 Quanto
1185 1676 1297 1702 nunc
1326 1661 1406 1702 hoc
1436 1661 1546 1702 idem

208 1722 383 1776 accipiet
415 1722 622 1775 asperius!
673 1720 810 1761 Tanto
844 1720 1015 1773 scilicet,
1048 1723 1206 1774 quanto
1240 1723 1281 1761 et
1311 1719 1448 1760 honor
1478 1719 1547 1761 hic

207 1781 281 1822 illo
315 1783 378 1821 est
410 1780 590 1834 amplior
622 1782 664 1820 et
695 1779 785 1833 ipse
817 1779 1045 1820 robustior.
1106 1779 1235 1832 Nam,
1274 1778 1386 1832 quod
1416 1792 1545 1832 negas
1566 1795 1599 1820 ‘25

206 1843 248 1880 te
292 1839 503 1892 dubitare,
548 1838 651 1892 quin
694 1851 848 1892 magna
885 1838 930 1878 in
967 1837 1125 1878 offensa
1163 1837 1241 1878 sim
1280 1836 1387 1890 apud
1425 1835 1546 1878 Pom-

206 1898 349 1951 peium
391 1897 473 1937 hoc
510 1899 717 1949 tempore,
767 1910 854 1936 non
890 1896 1011 1936 video
1051 1910 1238 1949 causam,
1281 1909 1354 1935 cur
1392 1895 1452 1935 ita
1491 1895 1546 1936 sit

206 1956 287 1996 hoc
319 1955 488 2009 quidem
518 1958 719 2008 tempore.
770 1953 851 2002 Qui
883 1955 995 1994 enim
1028 1954 1181 1995 amisso
1215 1952 1402 1994 Corfinio
1435 1953 1546 1994 deni-

209 2028 289 2068 que
321 2014 544 2055 certiorem
576 2027 642 2053 me
675 2012 741 2053 sui
773 2013 939 2053 consilii
972 2012 1084 2067 fecit,
1114 2012 1150 2052 is
1183 2014 1382 2065 queretur
1413 2011 1547 2052 Brun-

209 2073 363 2113 disium
396 2086 463 2112 me
493 2086 581 2112 non
610 2071 792 2124 venisse,
832 2085 927 2112 cum
958 2071 1069 2111 inter
1099 2085 1166 2111 me
1199 2073 1240 2110 et
1272 2069 1547 2111 Brundisium
1567 2087 1600 2112 30

208 2129 361 2171 Caesar
400 2130 541 2171 esset?
590 2129 752 2170 Deinde
790 2129 917 2170 etiam
955 2129 1034 2169 scit
1072 2128 1426 2183 ἀπαρρησίαστον
1457 2142 1548 2169 esse

208 2188 252 2228 in
290 2203 336 2229 ea
373 2203 498 2229 causa
531 2187 743 2242 querelam
776 2202 905 2228 suam.
966 2187 1035 2228 Me
1067 2189 1190 2240 putat
1222 2187 1272 2228 de
1303 2186 1546 2241 municipio-

207 2261 302 2286 rum
333 2246 644 2299 imbecillitate,
682 2246 731 2286 de
763 2246 1004 2299 dilectibus,
1045 2245 1095 2286 de
1126 2259 1239 2300 pace,
1271 2245 1320 2286 de
1351 2245 1466 2298 urbe,
1499 2245 1549 2286 de

209 2305 401 2358 pecunia,
440 2305 489 2345 de
525 2304 679 2345 Piceno
721 2304 960 2358 occupando
999 2303 1094 2358 plus
1132 2303 1288 2345 vidisse
1326 2318 1453 2357 quam
1495 2317 1549 2345 se.
