1665 2553
338 119 676 154 EPISTULARUM
695 119 760 154 AD
785 119 1000 154 ATTICUM
1024 120 1109 154 XVI
1134 123 1258 155 8—11.
1385 121 1469 162 507

132 217 207 256 est.
269 214 369 256 Tria
408 217 506 256 sunt
548 217 708 269 autem,
747 229 991 256 maneamne
1022 214 1176 269 Arpini
1208 229 1262 256 an
1293 216 1469 269 propius

132 273 322 315 accedam
355 288 408 314 an
440 274 606 314 veniam
638 273 828 314 Romam.
893 273 1013 322 Quod
1046 274 1275 328 censueris,
1307 274 1469 314 faciam.

133 331 213 373 Sed
269 347 396 386 quam
445 332 640 385 primum.
715 332 850 373 Avide
901 335 1096 386 exsp‘ecto
1147 335 1242 373 tuas
1292 332 1468 374 litteras.

130 402 179 432 VI
210 390 310 432 Idus
342 405 464 431 mane
495 391 540 431 in
573 389 840 432 Sinuessano.

96 524 112 550 5
760 505 831 547 XI.

372 587 445 623 Sor.
466 588 507 622 in
533 587 735 622 Puteolano
760 587 857 621 Non.
876 587 968 622 Nov.
991 599 1023 621 a.
1046 590 1117 623 ‘710
1145 590 1233 632 (44).

533 668 723 703 CICERO
748 668 941 703 ATTICO
965 669 1073 704 SAL.

219 739 356 781 Nonis
389 741 529 794 accepi
561 756 584 781 a
615 743 657 781 te
690 740 792 781 duas
826 740 1042 795 epistulas,
1083 756 1260 794 quarum
1293 741 1469 782 alteram

131 799 224 840 Kal.
253 799 436 854 dederas,
468 800 645 840 alteram
676 799 822 852 pridie.
883 798 1024 854 Igitur
1054 800 1170 853 prius
1202 800 1255 841 ad
1285 801 1469 854 superio-

79 875 112 900 10
131 873 230 899 rem.
291 856 500 898 Nostrum
533 872 638 911 opus
671 858 753 898 tibi
783 858 956 912 probari
981 858 1133 913 laetor,
1167 873 1215 900 ex
1243 873 1325 912 quo
1353 860 1469 912 ἄνθη

131 917 224 970 ipsa
255 916 448 970 posuisti.
499 915 614 965 Quae
644 916 751 957 mihi
782 916 1031 957 florentiora
1064 920 1163 957 sunt
1194 917 1284 958 visa
1309 920 1383 958 tuo
1410 917 1471 958 iu-

131 975 258 1030 dicio,
291 975 451 1016 cerulas
478 975 589 1015 enim
613 977 710 1016 tuas
735 975 980 1016 miniatulas
1007 975 1102 1016 illas
1130 976 1468 1017 extimescebam.

131 1033 194 1074 De
227 1032 345 1074 Sicca
381 1034 442 1074 ita
478 1036 561 1089 est,
599 1036 646 1074 ut
685 1033 853 1088 scribis,
885 1036 977 1074 asta
1008 1048 1056 1074 ea
1087 1048 1210 1089 aegre
1241 1049 1307 1075 me
1339 1035 1468 1075 tenui.
1518 1035 1524 1038 “

131 1091 281 1145 Itaque
324 1092 609 1146 perstringam
649 1092 738 1132 sine
782 1092 869 1132 ulla
913 1093 1169 1133 contumelia
1211 1092 1352 1134 Siccae
1396 1096 1469 1134 aut

79 1167 112 1192 15
134 1149 378 1204 Septimiae,
427 1152 595 1191 tantum
643 1153 692 1191 ut
742 1151 876 1191 sciant
927 1151 1093 1199 (παῖδες
1144 1151 1329 1192 παίδων’
1379 1151 1469 1192 sine

132 1213 284 1265 φαλλῷ
310 1208 528 1249 Luciliano
561 1223 656 1249 eum
688 1223 739 1249 ex
766 1207 809 1250 C.
830 1208 933 1250 Fadi
959 1210 1047 1250 filia
1072 1209 1229 1250 liberos
1255 1209 1467 1251 habuisse.

131 1267 274 1321 Atque
312 1267 477 1308 utinam
509 1282 604 1308 eum
636 1267 745 1307 diem
776 1267 959 1322 videam,
998 1282 1092 1308 cum
1124 1268 1207 1308 ista
1240 1268 1375 1309 oratio
1408 1269 1469 1309 ita

130 1325 262 1367 libere
304 1328 501 1381 vagetur,
543 1329 589 1367 ut
633 1326 761 1366 etiam
797 1326 842 1366 in
880 1325 1021 1367 Siccae
1059 1326 1230 1367 domum
1267 1327 1469 1368 introeat!

133 1382 214 1424 Sed
260 1384 333 1424 illo
377 1387 566 1437 tempore
607 1398 712 1438 opus
754 1387 835 1438 est,
879 1385 993 1438 quod
1029 1385 1112 1425 fuit
1148 1385 1233 1426 illis
1272 1397 1324 1426 111
1354 1385 1468 1426 viris.

80 1460 114 1484 20
132 1442 311 1497 Moriar,
346 1442 431 1482 nisi
461 1443 612 1483 facete!
661 1442 724 1483 Tu
762 1457 861 1483 vero
892 1444 1007 1498 leges
1041 1442 1170 1484 Sexto
1203 1444 1377 1498 eiusque
1409 1444 1469 1484 iu·

133 1501 288 1541 dicium
336 1500 442 1541 mihi
485 1501 728 1553 perscribes.
798 1496 892 1550 (Εἷς
939 1500 1034 1555 ἐμοὶ
1077 1502 1255 1557 μύριοιὲ
1324 1500 1469 1543 Caleni

132 1559 421 1600 interventum
453 1561 493 1599 et
525 1557 730 1599 Calvenae
761 1559 937 1600 cavebis.

222 1616 341 1665 Quod
372 1617 546 1670 vereris,
582 1631 635 1658 ne
668 1616 902 1671 ἀδόλεσχος
931 1617 1037 1658 mihi
1069 1620 1128 1672 tu,
1171 1618 1266 1671 quis
1297 1618 1467 1659 minus?

133 1673 230 1731 Cui,
272 1678 320 1715 ut
358 1674 636 1728 Aristophani
673 1674 917 1716 Archilochi
953 1676 1138 1730 iambus,
1186 1676 1245 1717 sic
1285 1677 1468 1729 epistula

80 1751 114 1776 25
133 1737 205 1775 tua
234 1733 483 1788 longissima
515 1748 704 1787 quaeque
737 1734 897 1787 optima
927 1734 1104 1775 videtur.
1155 1733 1273 1782 Quod
1306 1749 1371 1775 me
1400 1735 1467 1775 ad-

132 1806 297 1846 mones,
333 1794 381 1832 tu
418 1806 516 1833 vero
549 1792 715 1832 etiamsi
746 1792 1034 1847 reprenderes,
1071 1806 1158 1833 non
1188 1793 1314 1833 modo
1347 1793 1468 1834 facile

133 1853 309 1904 paterer,
341 1850 413 1891 sed
443 1851 571 1891 etiam
602 1850 793 1905 laetarer,
824 1851 979 1904 quippe
1005 1865 1100 1891 cum
1126 1851 1172 1891 in
1196 1851 1468 1904 reprensione

135 1909 189 1948 sit
220 1908 445 1962 prudentia
476 1923 570 1949 cum
603 1909 812 1964 εὐμενείᾳ.
863 1909 928 1949 Ita
958 1909 1141 1950 libenter
1176 1924 1223 1949 ea
1249 1910 1470 1964 corrigam,

135 1980 241 2019 quae
266 1981 290 2007 a
315 1969 357 2007 te
382 1967 671 2008 animadversa
698 1970 808 2020 sunt,
824 1967 984 2008 ‘eodem
1010 1968 1102 2007 iure
1128 1981 1211 2020 quo
1232 1967 1468 2008 Rubriana'

81 2042 115 2066 30
134 2024 276 2077 potius
310 2039 436 2078 quam
463 2025 562 2078 ‘quo
589 2024 827 2079 Scipionis',
859 2028 901 2066 et
928 2026 977 2066 de
1001 2025 1197 2066 laudibus
1223 2025 1468 2067 Dolabellae

136 2082 306 2123 deruam
343 2084 566 2124 cumulum.
628 2083 690 2124 Ac
727 2087 870 2124 tamen
908 2087 972 2124 est
1009 2084 1093 2124 isto
1125 2084 1219 2124 loco
1251 2084 1381 2139 bella,
1420 2087 1469 2126 ut

134 2140 240 2181 mihi
270 2140 454 2195 videtur,
491 2143 703 2196 εἰρωνεία,
736 2142 848 2195 quod
880 2156 976 2182 eum
1006 2145 1072 2182 ter
1103 2145 1250 2182 contra
1283 2143 1393 2183 cives
1424 2143 1469 2184 in

135 2199 230 2239 acie.
292 2197 403 2239 Illud
440 2199 568 2240 etiam
605 2200 734 2241 malo:
777 2200 1136 2255 ‘indignissimum
1174 2203 1238 2241 est
1268 2200 1381 2242 hunc
1411 2202 1469 2242 vi-

133 2257 244 2297 vere'
278 2271 404 2310 quam
437 2257 554 2310 ‘quid
584 2257 849 2311 indignius?'
889 2261 1238 2313 Πεπλογραφίαν
1262 2258 1468 2300 Varronis

81 2331 115 2357 35
135 2315 215 2355 tibi
245 2314 416 2368 probari
447 2329 535 2356 non
563 2315 738 2356 moleste
768 2316 876 2370 fero,
917 2331 941 2356 a
972 2330 1055 2372 quo
1088 2317 1222 2358 adhuc
1248 2316 1471 2372 “Ηρακλεί-

1493 1629 1513 1658 [0

1496 2270 1515 2300 3
