1665 2553
210 93 294 134 538
633 93 680 128 M.
709 93 849 128 TULLI
875 93 1124 129 CICERONIS

207 188 428 230 hominum
460 189 605 230 infecti
636 189 830 243 partibus
863 192 904 230 et
938 190 1075 230 exitus
1107 190 1376 243 proeliorum.
1436 190 1547 240 Quin

210 247 354 303 etiam,
393 248 440 302 si,
472 251 520 289 ut
553 262 688 302 spero,
725 247 961 303 vicerimus,
993 251 1136 289 tamen
1166 263 1365 304 magnam
1397 250 1546 305 guber-

208 307 424 347 nationem
455 307 519 347 tui
551 306 717 347 consilii
749 309 930 361 tuaeque
957 308 1223 348 auctoritatis
1249 322 1315 348 res
1342 308 1547 350 desidera-

208 365 284 406 bit.
353 364 538 406 Subveni
575 366 727 420 igitur,
770 380 843 419 per
881 366 999 422 deos,
1035 366 1162 420 idque
1199 381 1326 420 quam
1362 367 1546 421 primum

208 424 373 477 tibique
410 424 614 478 persuade
644 439 732 465 non
763 427 804 465 te
836 423 983 465 Idibus
1015 424 1196 480 Martiis,
1229 425 1383 479 quibus
1421 427 1547 467 servi·
1583 445 1599 471 5

208 485 345 523 tutem
376 497 400 523 a
431 483 516 523 tuis
549 483 712 524 civibus
745 483 981 537 reppulisti,
1013 484 1109 538 plus
1142 484 1352 538 profuisse
1383 486 1547 539 patriae

209 555 352 597 quam,
391 542 426 582 si
463 544 628 583 mature
659 542 842 597 veneris,
883 543 1164 596 profuturum.
1226 555 1257 584 V
1288 542 1387 584 Idus
1421 543 1547 592 Quin-

208 600 339 640 ctiles.

831 717 923 759 XV.

380 798 455 832 Ser.
478 798 614 832 Romae
639 799 713 832 eod.
735 803 836 842 temp.
859 809 927 842 quo
952 810 1004 842 ep.
1026 799 1117 833 XII
1137 812 1170 834 α.
1194 803 1262 834 711
1290 803 1380 843 (43).
1568 810 1602 834 10

638 879 805 915 CICERO
832 880 993 915 BRUTO
1021 881 1117 916 SAL.

296 952 539 993 Messallam
581 952 723 994 habes.
787 952 951 1002 Quibus
996 954 1129 1008 igitur
1166 954 1322 996 litteris
1359 957 1448 995 tam
1485 969 1547 996 ae-

208 1014 351 1052 curate
382 1011 552 1065 seriptis
584 1012 758 1066 adsequi
790 1027 982 1068 possum,
1021 1013 1221 1054 subtilius
1253 1017 1301 1054 ut
1332 1013 1548 1069 explicem,

208 1085 315 1124 quae
347 1073 566 1124 gerantur,
605 1085 795 1124 quaeque
828 1071 914 1111 sint
945 1071 990 1111 in
1020 1086 1065 1112 re
1096 1072 1277 1127 publiea,
1309 1087 1435 1126 quam
1466 1073 1547 1113 tibi

207 1129 244 1170 is
284 1132 481 1183 exponet,
520 1129 592 1183 qui
631 1132 672 1170 et
711 1130 870 1183 optime
909 1130 1050 1171 omnia
1088 1131 1208 1171 novit
1247 1134 1288 1172 et
1320 1131 1547 1186 elegantis-
1567 1150 1599 1175 15

209 1188 312 1229 sime
357 1188 551 1241 expedire
594 1191 635 1228 et
678 1188 837 1229 deferre
882 1188 933 1229 ad
976 1191 1019 1229 te
1059 1189 1230 1242 potest?
1281 1188 1392 1231 Cave
1434 1191 1545 1230 enim

209 1246 443 1300 existimes,
484 1246 616 1286 Brute
657 1245 933 1301 (quamquam
970 1261 1056 1287 non
1093 1262 1261 1288 neeesse
1300 1251 1363 1288 est
1403 1263 1449 1289 ea
1479 1263 1546 1289 me

208 1305 260 1346 ad
292 1308 346 1359 te,
377 1320 483 1358 quae
509 1304 589 1345 tibi
614 1308 716 1346 nota
743 1309 855 1359 sunt,
887 1306 1086 1360 seribere3
1119 1306 1191 1346 sed
1216 1309 1357 1347 tamen
1382 1310 1547 1348 tantam

209 1364 398 1405 omnium
438 1363 611 1404 laudum
650 1364 940 1405 excellentiam
970 1378 1057 1405 non
1089 1379 1196 1418 queo
1230 1365 1399 1406 silentio
1432 1381 1548 1419 prae-

207 1421 353 1477 terire)
383 1437 481 1463 eave
506 1425 629 1476 putes
655 1423 882 1477 probitate,
909 1423 1158 1478 constantia,
1179 1438 1291 1479 eura,
1317 1424 1458 1465 studio
1485 1424 1546 1466 rei
1566 1443 1600 1468 20

207 1481 401 1535 publicae
434 1481 658 1535 quiequam
690 1481 753 1521 illi
786 1496 876 1522 esse
908 1481 1060 1535 simile,
1099 1485 1147 1522 ut
1179 1482 1431 1537 eloquentia,
1464 1498 1547 1537 qua

207 1540 461 1581 mirabiliter
493 1540 671 1594 excellit,
704 1540 773 1580 vix
804 1541 848 1580 in
881 1555 928 1581 eo
954 1541 1093 1582 locum
1119 1541 1170 1582 ad
1194 1541 1450 1582 laudandum
1475 1542 1547 1583 ha-

208 1599 307 1639 bere
344 1599 554 1653 videatur,
599 1614 854 1653 quamquam
892 1599 934 1639 in
977 1599 1055 1640 hae
1087 1600 1178 1653 ipsa
1211 1601 1418 1654 sapientia
1449 1601 1544 1654 plus

208 1661 399 1723 apparet3
443 1658 505 1698 ita
542 1658 661 1713 gravi
703 1658 858 1698 iudicio
896 1658 1115 1712 multaque
1154 1661 1242 1699 arte
1285 1673 1328 1699 se
1359 1660 1545 1700 exercuit

207 1717 251 1757 in
294 1716 515 1757 verissimo
560 1730 712 1771 geneie
750 1717 922 1757 dicendi.
986 1717 1121 1757 Tanta
1159 1720 1297 1758 autem
1336 1717 1545 1758 industria
1565 1737 1597 1762 25

209 1778 272 1815 est
309 1778 562 1828 tantumque
594 1775 767 1830 evigilat
798 1776 843 1815 in
876 1775 1035 1832 studio,
1074 1778 1121 1816 ut
1151 1790 1239 1816 non
1268 1776 1453 1817 maxima
1485 1777 1545 1817 111-

207 1834 344 1888 genio,
378 1834 490 1887 quod
521 1834 566 1874 in
597 1848 645 1874 eo
679 1849 890 1875 summum
924 1837 1000 1889 est,
1031 1834 1168 1889 gratia
1193 1834 1384 1875 habenda
1409 1835 1545 1876 videa-

207 1896 288 1933 tur.
352 1891 434 1933 Sed
473 1892 684 1946 provehor
717 1907 867 1933 amore.
929 1892 1028 1934 Non
1061 1893 1172 1933 enim
1203 1893 1246 1933 id
1276 1894 1544 1948 propositum

208 1954 272 1992 est
308 1951 406 1992 111110
447 1951 671 2006 epistulae,
714 1950 956 1992 Messallam
988 1954 1037 1992 ut
1067 1952 1254 2006 laudem,
1296 1953 1544 2006 praesertim

208 2010 258 2050 ad
289 2009 484 2065 Brutum,
513 2010 581 2051 oui
613 2013 654 2050 et
685 2010 821 2050 virtus
851 2010 967 2050 illius
1000 2024 1085 2050 non
1115 2011 1255 2051 minus
1288 2025 1414 2065 quam
1439 2011 1544 2052 mihi
1564 2029 1597 2053 30

206 2071 309 2109 nota
354 2071 417 2109 est
462 2071 503 2109 et
547 2068 649 2109 haee
692 2069 785 2122 ipsa
830 2068 987 2123 studia,
1031 2083 1138 2122 quae
1175 2069 1320 2124 laudo,
1363 2069 1542 2110 notiora.

208 2125 339 2174 Quem
373 2141 467 2167 eum
500 2142 523 2167 a
554 2142 620 2167 me
652 2127 871 2168 dimittens
903 2127 1089 2181 graviter
1120 2128 1285 2182 ferrem,
1324 2128 1404 2169 hoc
1435 2128 1544 2169 leva-

207 2184 284 2225 bar
315 2200 412 2239 uno,
445 2186 558 2239 quod
591 2185 641 2226 ad
672 2188 714 2226 te
745 2188 962 2239 tamquam
995 2186 1047 2226 ad
1080 2186 1260 2227 alterum
1288 2201 1354 2226 me
1379 2187 1544 2240 profici-

208 2257 326 2284 scens
359 2247 400 2284 et
433 2244 572 2285 officio
605 2244 863 2298 fungebatur
890 2247 930 2285 et
956 2244 1123 2285 laudem
1148 2245 1375 2285 maximam
1402 2259 1545 2299 seque-

207 2301 343 2342 batur.
408 2301 488 2342 Sed
518 2302 620 2344 haee
649 2303 864 2343 haetenus.
1564 2320 1597 2345 35
