1689 2572
690 116 728 151 P.
750 120 898 151 62—73.
1343 117 1465 151 XXIII

128 209 224 254 vulg.
260 230 306 235 ——
343 212 386 243 35
419 210 611 252 deferebat
641 209 813 244 Wesenb.
856 210 898 245 V.
921 210 969 244 ad
999 223 1033 255 p.
1057 214 1216 253 124.16,
1251 211 1466 246 demmtiare

128 258 166 290 et
188 257 399 291 renuntiare
423 268 458 301 p.
476 260 553 290 348.
571 260 625 291 30.
659 258 670 301 Η
701 257 746 292 Ρ.
763 257 826 292 69.
844 260 886 291 18
906 259 929 303 †
943 269 1050 302 opera
1062 258 1235 292 Wesenb.
1249 257 1340 292 coni.
1357 268 1465 302 opera

126 308 261 346 mostra,
287 304 441 349 [opera]
460 303 601 342 Baiter.
635 303 787 348 Tyrrell,
814 304 1034 339 alterutrum
1052 305 1301 339 necessarium
1319 305 1466 338 videtur

127 350 275 392 Bootio;
301 351 397 394 ipsi?
451 352 462 394 ΙΙ
517 350 562 385 P.
582 351 642 385 70.
659 355 701 384 10
722 352 928 395 pudentem
953 352 1094 394 Fa'ern„
1126 352 1262 395 Baiter,
1288 351 1462 386 Wesenb.

126 397 186 430 Ad
210 409 244 441 p.
268 401 343 431 190.
361 401 392 439 9,
419 401 569 440 43414,
598 396 737 432 Cluent.
757 410 792 443 p.
808 402 886 432 1:²16.
904 403 957 432 15.
981 420 1025 424 —-
1051 403 1095 432 24
1117 410 1274 444 possum
1298 400 1465 433 iuvenire

128 443 267 486 Graev.,
294 444 431 487 Baiter,
457 444 562 487 Boot,
583 456 718 488 possem
740 445 900 480 invenire
918 445 967 488 M,
990 457 1106 490 posse
1129 447 1301 480 inveniri
1324 446 1465 480 »aunam

122 495 233 534 puto
258 491 443 533 Lambin.,
478 490 668 535 VVesenb.,
695 491 837 535 Tyri-ell
863 503 917 537 ep.
940 496 995 534 50,
1017 504 1120 537 posse
1142 493 1301 528 inveniri
1324 493 1463 526 nullam

122 542 207 581 post
234 538 258 571 Z
286 539 329 582 (v.
351 538 540 572 Lehmann
566 538 642 572 Att.
663 551 698 583 p.
722 540 812 580 175).
850 540 861 583 ΙΙ
899 540 943 574 P.
969 539 1029 574 71.
1050 544 1071 574 4
1097 544 1128 575 et
1153 550 1466 584 supervacaneum

128 584 275 618 videtur
312 584 525 619 Lehmanno
564 584 728 626 Quaestt.
751 590 811 628 25,
843 586 936 620 mihi
973 598 1047 620 non
1084 587 1204 631 magis
1244 598 1355 630 quam
1392 598 1422 620 V.
1445 591 1464 620 5

129 631 227 666 inter
251 643 371 667 autore
397 633 433 665 et
458 633 536 674 fide.
564 653 610 657 —
637 636 679 666 16
695 644 746 676 sq.
769 645 876 677 quam
899 634 947 668 sit
971 655 1017 658 —
1043 636 1178 668 auxius
1203 634 1371 668 scaenico
1398 633 1465 666 ali-

128 678 190 712 eni
222 681 355 722 poetae
388 679 453 712 dat
486 678 629 722 Tyrrell
661 690 715 723 ep.
744 684 798 713 51.
839 701 884 705 —
922 684 965 714 18
992 682 1141 715 auditu
1168 681 1289 724 codd.,
1327 680 1465 723 Baiter,

126 724 316 767 VVesenb.,
349 725 406 759 illi
439 727 480 759 ut
511 738 546 770 p.
569 730 623 760 90.
646 730 688 760 33
726 731 920 770 auctorem,
960 732 1014 761 93.
1036 731 1079 762 23
1118 739 1281 770 eausam,
1321 730 1463 761 163.17

125 774 320 815 auctiones,
347 775 423 805 348.
442 776 482 805 11
505 774 705 818 czuyustius,
730 773 778 807 ib.
796 778 839 807 14
859 779 1061 819 auyustum,
1087 778 1166 809 483.
1183 779 1226 808 29
1247 775 1465 815 audendum.

125 822 205 852 486.
228 823 270 852 27
299 820 474 861 audiunt,
500 823 634 853 489.31
662 832 706 854 eae
730 831 841 854 eausa
865 822 1110 856 retarditatem
1129 823 1197 856 etc.
1235 821 1278 855 V.
1296 821 1343 855 ad
1362 820 1463 854 Verr.

126 877 160 909 p.
183 869 261 899 219.
284 870 339 908 36,
366 866 443 899 har.
464 876 557 910 resp.
580 870 658 900 531.
675 871 730 910 32,
755 867 859 901 Balb.
882 871 958 902 136.
982 872 1013 911 9,
1039 868 1133 902 Phil.
1155 872 1232 902 383.
1248 872 1302 902 24.
1342 867 1466 901 Etiam

127 912 246 946 Flacc.
278 916 330 946 22.
354 917 454 946 53111.
491 912 725 947 scribendum
758 925 837 948 esse
868 919 1031 949 actorem
1063 915 1189 949 docuit
1218 915 1466 949 Teichmiiller

125 970 248 1003 progr.
271 959 475 993 Wittstoek
509 963 597 993 1897
624 972 658 1004 p.
682 964 734 994 18.
774 982 819 985 —
856 961 906 995 Ib.
927 963 987 996 ille
1013 962 1125 995 semel
1151 962 1338 1004 WVesenb„
1371 962 1466 996 Boot

125 1007 169 1039 ut
194 1018 228 1050 p.
258 1010 312 1039 21.
335 1009 388 1040 18.
427 1027 473 1030 —
510 1010 551 1040 21
587 1008 789 1041 insinuavit
814 1007 944 1051 Orelli,
980 1008 1137 1043 Boeckel
1171 1019 1226 1053 ep.
1249 1009 1310 1042 sel.
1334 1012 1377 1042 13
1405 1008 1462 1042 aff.

125 1052 211 1086 fam.
238 1052 288 1085 IV
321 1055 374 1086 13.
403 1056 422 1086 6
454 1052 659 1095 (Andresen
692 1064 746 1098 ep.
773 1053 823 1087 IV
848 1057 899 1099 8),
939 1055 983 1089 (10
1016 1067 1064 1089 or.
1086 1056 1101 1088 I
1122 1060 1174 1089 20.
1198 1059 1241 1089 90
1274 1058 1394 1100 (vain),
1432 1055 1466 1088 Π
1490 1074 1498 1077 >

126 1103 181 1133 35.
204 1103 288 1141 149;
329 1099 411 1133 add.
434 1099 528 1133 Phil.
548 1099 582 1133 V
602 1104 632 1134 3.
655 1104 694 1143 8,
726 1112 766 1136 se
791 1102 994 1137 insinuavit
1019 1102 1203 1145 IVesenb„
1235 1103 1339 1144 Boot,
1367 1102 1465 1145 quod

129 1147 381 1180 ‘constantem
407 1145 591 1181 Ciceronis
617 1159 725 1181 usum
749 1148 953 1192 postulare'
982 1149 1047 1191 ait,
1079 1150 1290 1184 insinuatus
1314 1149 1464 1191 Victor.,

126 1193 266 1236 Bait-er,
294 1193 446 1237 Tyrrell.
491 1196 502 1238 Η
544 1194 590 1228 P.
616 1194 675 1228 72.
697 1198 717 1227 5
743 1196 783 1229 id
806 1196 919 1238 fuisse
945 1196 1148 1230 add.'inte1·
1172 1201 1211 1231 at
1236 1198 1272 1230 et
1298 1197 1347 1230 acl
1370 1208 1462 1229 mus.

125 1240 241 1273 Rhen.
265 1243 354 1274 1898
380 1252 414 1284 p.
432 1244 509 1283 123,
537 1251 604 1274 om.
618 1241 735 1284 codd.,
762 1242 840 1276 sine
862 1253 967 1277 cruce
986 1243 1123 1286 Baiter,
1145 1243 1300 1287 Tyrrell,
1322 1244 1463 1277 dixerat

127 1287 404 1321 adolescentium
423 1289 656 1332 coozs-z'lz'mn†,
681 1293 722 1323 ut
735 1288 920 1333 Wesenb,
946 1291 1135 1324 eonsilium
1152 1291 1264 1333 fuisse
1283 1290 1463 1333 Lambin.,

125 1333 229 1367 Boot.
269 1355 315 1358 —
354 1337 373 1367 6
399 1345 478 1368 eum
509 1336 594 1379 post
617 1335 697 1377 foro
723 1336 826 1370 codd.
849 1346 867 1370 0
893 1348 923 1370 v.
947 1340 1007 1378 12,
1041 1337 1170 1381 opinor
1195 1337 1258 1380 (ad
1282 1349 1317 1381 p.
1339 1341 1393 1370 24.
1415 1340 1463 1379 8),

125 1381 251 1426 [eum]
282 1380 364 1414 edd.
392 1402 437 1406 —
464 1385 506 1415 10
532 1382 710 1424 emisisset,
735 1394 813 1416 eum
840 1383 931 1417 coni.
952 1384 1089 1426 Baiter,
1117 1396 1182 1418 scr.
1204 1384 1359 1428 Tyrrell,
1386 1395 1464 1418 eum

125 1428 305 1469 emisisset,
330 1439 408 1461 eum
428 1427 494 1470 M2,
520 1428 656 1471 Baiter,
683 1441 761 1463 eum
787 1431 966 1473 emisisset,
991 1430 1057 1474 Ml,
1083 1430 1268 1474 WVesenb.,
1293 1431 1397 1465 Boot.
1419 1452 1464 1455 —

129 1478 173 1507 14
193 1475 245 1508 ita
263 1475 412 1517 factum
431 1474 588 1518 Ernesti,
614 1475 751 1518 Baiter,
780 1476 966 1519 Wesenb„
991 1479 1126 1520 factu-m
1147 1478 1252 1520 Boot,
1272 1479 1326 1512 ita
1345 1482 1464 1512 aetum

128 1522 161 1565 (e
198 1532 228 1554 V.
258 1524 318 1562 123
364 1521 411 1554 ad
441 1533 475 1565 p.
506 1526 559 1555 24.
582 1523 621 1566 8)
660 1523 783 1565 codd.,
821 1523 972 1567 Tyrrell.
1030 1524 1088 1557 Ad
1119 1537 1153 1569 p.
1176 1528 1253 1558 200.
1276 1528 1336 1566 25,
1375 1524 1461 1558 fam.

124 1579 160 1612 p.
182 1570 260 1601 446.
282 1571 335 1601 27.
359 1589 408 1613 1-
439 1572 482 1602 20
508 1570 646 1611 omnia,
680 1570 740 1603 ille
766 1571 857 1604 coni.
880 1570 1010 1613 Orelli,
1044 1583 1110 1605 scr.
1130 1572 1225 1605 Boot
1253 1572 1327 1606 ‘ille
1350 1571 1463 1616 plane

126 1614 286 1648 otiosum
317 1615 410 1648 esse’
443 1617 558 1658 ratus,
585 1616 616 1649 si
642 1616 690 1649 ad
713 1616 880 1650 Vettium
904 1618 1101 1660 referatur,
1140 1619 1178 1651 in
1204 1629 1276 1662 quo
1301 1618 1464 1662 graviter

126 1663 234 1694 errat.
280 1661 424 1705 Bibulo,
452 1662 593 1696 consuli
618 1663 747 1706 populi
772 1664 939 1706 Romani,
967 1675 1008 1698 eo
1036 1665 1200 1709 aspirare
1220 1676 1293 1699 non
1312 1665 1462 1707 licebat,

126 1707 274 1741 Vettius
301 1708 412 1742 index
438 1709 561 1742 omnia
588 1709 632 1742 de
652 1720 690 1743 re
710 1710 862 1754 publica
882 1711 976 1745 dixit
994 1711 1060 1754 ita,
1086 1714 1128 1745 ut
1148 1712 1211 1755 qui
1231 1712 1321 1745 illuc
1340 1712 1461 1745 factus

126 1754 394 1798 institutusque
419 1756 569 1790 veniret.
585 1776 630 1780 —
644 1756 727 1790 Non
752 1757 884 1791 melius
900 1770 929 1791 v.
941 1762 982 1791 21
999 1759 1041 1792 de
1054 1770 1090 1793 re
1103 1759 1293 1803 [publiea]
1307 1758 1461 1801 Manut,

126 1800 298 1835 Wesenb.
349 1802 399 1836 Ib.
428 1807 465 1836 et
496 1804 560 1846 qui
595 1824 639 1827 —
676 1805 842 1847 venisset,
868 1806 1029 1848 primum
1064 1816 1082 1838 0
1114 1805 1209 1838 Med.
1237 1805 1333 1849 vulg.
1361 1806 1461 1847 vett,

126 1847 280 1891 Tyrrell.
331 1847 373 1882 V.
405 1848 533 1893 Sisbye
566 1849 630 1893 Op.
659 1849 748 1894 phil.
776 1851 824 1884 ad
857 1851 1017 1896 Madvig.
1044 1863 1079 1895 p.
1102 1856 1179 1885 240.
1230 1852 1283 1886 Et
1318 1862 1384 1895 pro
1422 1856 1463 1887 ut

127 1906 193 1928 scr.
222 1895 261 1928 in
288 1895 476 1929 codicibus
507 1908 541 1940 p.
565 1900 619 1930 68.
642 1900 696 1939 35,
737 1901 814 1931 117.
837 1902 891 1941 11,
929 1902 1004 1932 153.
1027 1903 1082 1939 21,
1123 1902 1199 1932 183.
1222 1902 1277 1939 35,
1305 1902 1382 1932 246.
1405 1902 1460 1941 20,

126 1945 205 1975 262.
228 1946 289 1983 29,
323 1946 401 1976 285.
425 1947 479 1986 19,
514 1947 591 1977 299.
614 1947 633 1976 2
655 1945 693 1977 et
712 1948 766 1986 35,
792 1948 870 1978 446.
896 1949 950 1987 13,
976 1949 1055 1979 466.
1072 1949 1126 1987 21,
1152 1948 1303 1987 483.14,
1329 1949 1370 1980 ut
1394 1956 1460 1989 pro

126 1991 159 2022 et
182 2000 216 2032 p.
240 1992 294 2022 29.
311 1993 373 2032 23,
411 1993 466 2023 44.
489 1993 544 2032 24,
584 1993 637 2024 60.
660 1994 714 2031 35,
755 1995 832 2024 120.
854 1995 908 2033 26,
949 1995 1025 2025 138.
1049 1995 1103 2032 10,
1139 1995 1216 2025 230.
1240 1994 1294 2034 17,
1327 1995 1404 2025 244.
1429 1996 1460 2035 1,

127 2037 205 2068 267.
228 2039 287 2077 11,
321 2039 399 2069 314.
420 2040 480 2078 303
520 2037 567 2070 ad
593 2036 678 2071 fam.
698 2049 733 2081 p.
756 2041 809 2071 77.
832 2042 886 2080 29,
918 2038 1016 2071 infra
1042 2042 1119 2071 223.
1142 2042 1173 2080 3,
1200 2041 1277 2072 311.
1301 2042 1355 2073 23.
1406 2039 1460 2073 De

128 2079 425 2125 interpunctione
451 2084 593 2127 (voluit,
627 2084 669 2118 (Ie
693 2096 730 2118 re
750 2085 851 2128 publ.
874 2085 970 2129 edd.)
1004 2096 1033 2118 V.
1057 2084 1105 2117 ad
1129 2096 1162 2128 p.
1186 2088 1239 2118 15.
1261 2089 1315 2119 22.
1343 2106 1388 2111 -—
1415 2089 1460 2119 34

127 2127 174 2161 iis
198 2127 369 2163 Wesenb.
408 2130 467 2163 Ad
491 2142 524 2174 p.
541 2134 594 2164 37.
611 2134 665 2164 37.
696 2132 708 2174 ΙΙ
748 2131 793 2165 P.
813 2130 873 2165 73.
889 2135 908 2164 2
935 2132 1148 2165 soleremus
1167 2131 1285 2174 Klotz,
1305 2131 1459 2176 Tyri-ell,

126 2174 276 2208 solemus
312 2176 433 2218 codd.,
479 2188 561 2210 eum
600 2187 704 2210 cruce
741 2177 852 2219 Boot,
896 2178 1071 2212 soleamus
1097 2178 1188 2211 coni.
1222 2177 1353 2221 Orelli,
1392 2191 1458 2213 scr.

129 2219 314 2263 YVesenb„
341 2222 475 2257 Baiter.
521 2224 579 2256 Ad
604 2236 637 2267 p.
660 2227 738 2257 281.
759 2228 813 2257 31.
854 2222 964 2258 Codd.
986 2224 1126 2258 habent
1149 2237 1183 2269 p.
1207 2229 1284 2259 110.
1305 2229 1326 2259 3
1353 2226 1459 2267 licet,

127 2270 205 2300 297.
229 2271 271 2300 16
306 2269 492 2312 videmus,
531 2274 608 2304 304.
630 2274 674 2303 32
696 2271 913 2314 pollicetur,
952 2274 1030 2304 386.
1054 2275 1095 2304 12
1120 2273 1277 2315 scribes,
1314 2276 1392 2306 461.
1416 2276 1459 2306 29

126 2313 361 2357 desistemus,
400 2319 476 2349 513.
501 2320 518 2349 1
545 2317 733 2359 deseruit,
771 2321 847 2350 282.
869 2320 912 2350 20
937 2323 1156 2362 suppetant,
1198 2322 1250 2352 75.
1274 2322 1317 2352 10
1343 2330 1460 2354 eonse-
