1665 2553
149 899 191 930 17

152 1192 195 1222 18

213 77 300 118 520
331 76 379 111 M.
394 75 536 110 TULLI
555 75 804 111 CICERONIS
823 75 969 109 EPIST.
984 74 1048 108 AD
1063 74 1278 109 ATTICUM
1297 74 1382 109 XVI
1397 78 1440 109 16
1454 74 1495 119 Ε,
1511 74 1549 109 F.

213 172 365 212 faciam
402 172 529 212 finem
559 171 759 226 rogandi,
796 170 936 224 quoad
965 170 1090 211 nobis
1121 169 1365 211 nuntiatum
1397 170 1478 211 erit
1509 172 1552 210 te

214 230 260 271 id
290 230 450 284 fecisse,
482 230 595 284 quod
625 243 778 284 magna
810 244 905 270 cum
937 243 1011 282 spe
1037 231 1340 283 exspectamus.
1390 227 1551 269 Deinde

216 289 328 330 enim
371 289 534 330 confido
577 289 667 329 fore
704 291 752 328 ut
796 288 879 328 alio
918 301 1070 342 genere
1106 287 1346 328 litterarum
1382 289 1552 327 utamur

216 348 382 401 tibique
437 362 513 401 pro
563 350 637 388 tuo
688 361 852 387 summo
902 345 1104 387 beneficio
1156 345 1315 400 gratias
1365 359 1550 400 agamus.

218 405 339 455 Quod
378 406 413 446 si
446 406 661 460 acciderit,
703 405 830 446 velim
863 404 921 445 sic
953 404 1191 459 existimes,
1232 418 1320 445 non
1350 404 1431 445 tibi
1462 407 1551 444 tam
1589 419 1605 445 5

215 464 427 518 Atticum,
471 465 588 505 cuius
629 477 858 518 permagna
889 478 956 504 res
989 463 1147 518 agitur,
1192 477 1318 516 quam
1348 476 1434 518 me,
1479 462 1551 516 qui

215 538 304 564 non
333 523 473 564 minus
505 523 652 563 laboro
686 537 813 576 quam
844 522 928 576 ille,
961 521 1198 576 obligatum
1229 521 1329 562 fore.

863 650 907 691 F.

641 731 714 766 Ser.
732 731 845 775 paulo
863 735 944 774 post
963 742 1014 775 ep.
1037 733 1084 765 16
1100 730 1135 765 G.

615 812 783 848 CICERO
811 812 1037 847 CAPITONI
1063 811 1160 846 SAL.
1573 817 1609 842 10

307 885 407 928 Non
439 886 607 941 dubito,
645 886 747 939 quin
778 885 930 926 mirere
962 887 1089 938 atque
1121 884 1248 925 etiam
1281 883 1555 938 stomachere,

219 945 332 999 quod
369 948 507 986 tecum
545 945 594 985 de
626 944 768 985 eadem
799 959 843 984 re
876 957 998 998 agam
1030 943 1207 996 saepius.
1268 942 1466 983 Hominis
1497 942 1555 983 fa-

218 1004 497 1044 miliarissimi
529 1006 569 1044 et
601 1002 704 1043 mihi
731 1002 927 1043 omnibus
953 1001 1078 1042 rebus
1104 1001 1440 1042 coniunctissimi
1464 1015 1555 1054 per-

219 1077 374 1117 magna
404 1077 470 1103 res
504 1062 658 1116 agitur,
694 1060 839 1101 Attici.
902 1059 1093 1115 Cognovi
1126 1074 1203 1115 ego
1235 1062 1309 1100 tua
1341 1059 1481 1100 studia
1511 1059 1556 1099 in

221 1121 398 1173 amicos,
442 1121 569 1161 etiam
610 1121 655 1160 in
697 1123 739 1160 te
783 1119 1024 1160 amicorum.
1087 1118 1272 1159 Multum
1314 1120 1436 1172 potes
1476 1132 1554 1158 nos
1575 1132 1611 1158 15

222 1180 332 1233 apud
364 1179 565 1219 Plancum
597 1179 750 1219 iuvare.
805 1177 918 1219 Novi
949 1177 1256 1218 humanitatem
1288 1179 1422 1230 tuam3
1456 1176 1556 1229 scio,

222 1253 349 1292 quam
386 1238 443 1278 sis
481 1237 625 1277 amicis
662 1236 878 1277 iucundus.
946 1235 1082 1276 Nemo
1119 1250 1196 1276 nos
1234 1235 1278 1275 in
1317 1235 1395 1275 hac
1431 1248 1554 1275 causa

221 1297 317 1350 plus
349 1296 492 1336 iuvare
523 1298 664 1349 potest
697 1309 822 1348 quam
854 1297 913 1334 tu.
970 1294 1028 1334 Et
1059 1308 1125 1334 res
1157 1294 1219 1334 ita
1249 1296 1311 1333 est
1343 1293 1476 1345 firma,
1507 1295 1556 1333 ut

221 1355 346 1396 debet
379 1369 481 1408 esse,
519 1369 645 1407 quam
677 1353 868 1394 consules
901 1352 950 1392 de
982 1352 1148 1393 consilii
1181 1351 1390 1392 sententia
1421 1351 1556 1391 decre-

220 1416 386 1468 verunt,
417 1427 511 1454 cum
544 1415 584 1453 et
616 1412 708 1466 lege
741 1414 781 1452 et
814 1413 984 1451 senatus
1017 1410 1209 1451 consulto
1243 1412 1554 1465 cognoscerent.
1576 1425 1612 1449 20

221 1472 381 1513 Tamen
422 1471 562 1512 omnia
602 1471 741 1524 posita
781 1472 978 1523 putamus
1020 1469 1064 1509 in
1094 1468 1237 1509 Planci
1275 1469 1338 1509 tui
1375 1467 1557 1508 liberali-

221 1533 326 1582 tate3
371 1545 495 1584 quem
534 1529 701 1583 quidem
740 1529 995 1569 arbitramur
1033 1542 1127 1568 cum
1166 1527 1294 1568 officii
1327 1527 1393 1567 sui
1424 1530 1465 1568 et
1496 1526 1556 1567 rei

223 1590 416 1644 publicae
471 1603 595 1629 causa
651 1588 863 1628 decretum
913 1586 1134 1627 consulum
1184 1585 1557 1639 comprobaturum

222 1652 315 1689 tum
352 1648 533 1688 libenter
569 1649 716 1687 nostra
753 1660 878 1686 causa
917 1659 1007 1686 esse
1039 1645 1260 1685 facturum.
1321 1643 1556 1684 Adjuvabis

221 1707 372 1761 igitur,
422 1706 480 1746 mi
525 1704 686 1759 Capito.
761 1704 881 1751 Quod
926 1706 972 1744 ut
1015 1703 1160 1758 facias,
1204 1705 1246 1743 te
1289 1702 1556 1743 vehementer
1575 1715 1610 1741 25

223 1766 352 1806 etiam
385 1768 511 1819 atque
543 1765 670 1805 etiam
702 1777 817 1818 rogo.
