1665 2553
203 105 288 146 296
619 103 667 139 Μ.
695 103 835 138 TULLI
861 102 1110 138 CICERONIS

205 216 331 256 quam
364 200 607 254 saepissime
639 199 788 253 facias,
826 202 868 240 te
900 199 1168 240 vehementer
1205 213 1322 253 rogo.
1383 197 1446 239 Ac
1477 198 1544 240 de-

204 259 397 314 plorandi
430 259 617 313 quidem,
656 258 770 312 quod
801 257 953 298 cotidie
984 257 1177 312 facimus,
1215 257 1271 298 sit
1302 257 1386 298 iam
1417 257 1542 298 nobis

205 321 279 359 aut
309 318 406 359 finis
448 317 638 371 omnino,
676 317 712 357 si
748 318 908 370 potest,
946 318 1019 357 aut
1056 315 1288 357 moderatio
1328 316 1540 370 quaedam,

206 377 318 431 quod
349 377 538 430 profecto
570 378 723 429 potest.
785 373 885 415 Non
917 375 1029 415 enim
1066 374 1168 430 iam,
1205 389 1331 428 quam
1363 374 1539 429 dignita-

204 438 310 490 tem,
349 449 454 489 quos
486 435 686 488 honores,
725 447 848 487 quem
880 433 992 474 vitae
1025 435 1184 474 statum
1215 433 1446 487 amiserim,
1477 447 1540 473 co·
1577 448 1593 474 5

206 470 310 560 gito:
343 494 414 535 sed
447 493 548 547 quid
580 494 829 533 consecutus
863 492 962 547 sim,
994 491 1094 557 quid
1124 491 1429 546 praestiterim,
1461 505 1541 545 qua

206 553 251 593 in
287 552 410 593 laude
441 551 637 604 vixerim,
674 550 741 591 his
780 550 959 604 denique
995 551 1040 590 in
1076 550 1198 591 malis
1236 550 1338 615 quid
1374 549 1542 590 intersit

206 612 317 652 inter
349 625 415 651 me
448 613 488 651 et
520 610 645 664 istos,
677 623 783 662 quos
814 611 988 663 propter
1021 609 1162 650 omnia
1193 608 1422 649 amisimus.
1482 607 1541 648 Hi

209 672 319 724 sunt,
352 670 436 723 qui,
466 668 549 709 nisi
575 682 642 708 me
669 667 840 708 civitate
868 667 1141 722 expulissent,
1172 667 1362 708 obtinere
1389 681 1431 707 se
1455 680 1543 707 non

207 730 463 781 putaverunt
495 741 618 780 posse
650 726 864 767 licentiam
896 726 1176 779 cupiditatum
1208 740 1390 766 suarum.
1434 724 1541 773 Quo·
1561 742 1595 766 ιο

207 801 302 826 rum
335 786 547 827 societatis
582 787 623 826 et
650 785 872 825 sceleratae
900 784 1187 825 consensionis
1213 784 1316 825 fides
1343 798 1425 838 quo
1453 798 1542 824 eru-

208 844 328 898 perit,
360 844 487 885 vides.
538 843 660 884 Alter
693 843 809 884 ardet
835 843 976 884 furore
1009 846 1050 884 et
1078 843 1230 884 scelere
1254 857 1331 883 nec
1362 841 1542 882 remittit

209 902 387 958 aliquid,
424 902 495 943 sed
531 902 576 943 in
613 902 699 942 dies
738 902 1010 957 ingravescit3
1047 901 1170 942 modo
1208 900 1333 942 Italia
1371 900 1543 955 expulit,

207 976 319 1002 nunc
351 962 432 1002 alia
465 976 515 1002 ex
545 963 666 1014 parte
698 960 909 1014 persequi,
948 975 997 1000 ex
1036 961 1118 1000 alia
1149 959 1365 1014 provincia
1397 973 1543 1012 exspo-

208 1020 311 1061 liare
343 1022 519 1061 conatur
549 1033 625 1060 nec
656 1019 740 1060 iam
772 1021 956 1073 recusat,
994 1019 1065 1059 sed
1098 1019 1278 1072 quodam
1316 1017 1439 1058 modo
1471 1031 1543 1071 po·
1563 1033 1595 1059 15

211 1079 359 1132 stulat,
400 1082 466 1133 ut,
504 1093 627 1131 quem
658 1078 709 1118 ad
739 1077 911 1118 modum
944 1080 1026 1131 est,
1058 1077 1116 1118 sic
1147 1077 1275 1117 etiam
1307 1076 1544 1130 appelletur

209 1140 426 1191 tyrannus.
487 1136 628 1190 Alter,
664 1136 700 1176 is
740 1136 813 1189 qui
849 1150 926 1176 nos
966 1136 1046 1176 sibi
1084 1136 1295 1189 quondam
1332 1135 1383 1175 ad
1418 1133 1543 1188 pedes

212 1198 368 1236 stratos
412 1209 465 1235 ne
509 1194 757 1235 sublevabat
802 1194 992 1248 quidem,
1036 1195 1108 1247 qui
1153 1209 1196 1235 se
1245 1193 1354 1234 nihil
1396 1195 1543 1233 contra

208 1253 336 1294 huius
368 1253 628 1293 voluntatem
661 1253 795 1293 facere
826 1267 967 1306 posse,
998 1252 1165 1305 elapsus
1198 1267 1218 1291 e
1250 1251 1382 1292 soceri
1412 1250 1542 1291 mani-
1639 1284 1641 1294 .

209 1312 289 1352 bus
323 1326 367 1352 ac
400 1312 511 1351 ferro
545 1311 702 1351 bellum
738 1313 851 1351 terra
889 1314 929 1350 et
961 1311 1067 1350 mari
1108 1313 1322 1363 comparat
1358 1323 1446 1349 non
1483 1309 1542 1349 in·
1563 1326 1596 1350 20

210 1370 370 1411 iustum
401 1369 471 1410 ille
507 1369 692 1423 quidem,
731 1369 801 1409 sed
838 1383 932 1409 cum
968 1369 1086 1422 pium
1117 1371 1209 1409 tum
1246 1368 1373 1409 etiam
1404 1381 1543 1408 neces-

212 1429 388 1482 sarium,
439 1428 526 1468 suis
576 1430 718 1468 tamen
767 1427 928 1468 civibus
978 1426 1210 1482 exitiabile,
1258 1426 1342 1467 nisi
1385 1426 1543 1480 vicerit,

212 1487 520 1541 calamitosum,
557 1486 722 1527 etiamsi
752 1486 910 1527 vicerit.
971 1484 1135 1526 Horum
1169 1499 1245 1540 ego
1284 1498 1544 1525 summorum

211 1546 514 1599 imperatorum
545 1559 632 1586 non
659 1544 783 1585 modo
810 1559 874 1584 res
907 1546 1047 1598 gestas
1073 1558 1159 1585 non
1190 1547 1400 1597 antepono
1426 1543 1544 1596 meis,

213 1604 285 1645 sed
314 1618 366 1644 ne
397 1604 611 1644 fortunam
645 1603 811 1657 quidem
839 1604 992 1658 ipsam3
1025 1617 1107 1656 qua
1137 1602 1201 1643 illi
1232 1601 1543 1654 florentissima,
1563 1617 1596 1642 25

211 1677 289 1703 nos
322 1662 489 1702 duriore
521 1661 751 1703 conflictati
776 1661 976 1702 videmur.
1027 1660 1128 1709 Quis
1160 1660 1271 1701 enim
1301 1662 1444 1713 potest
1470 1662 1543 1700 aut

213 1721 377 1762 deserta
408 1735 481 1775 per
514 1735 557 1761 se
589 1721 726 1774 patria
758 1723 830 1760 aut
869 1734 1069 1774 oppressa
1106 1719 1255 1760 beatus
1294 1718 1413 1758 esse?
1474 1717 1543 1771 Et,

214 1780 268 1835 si,
298 1782 345 1820 ut
375 1794 454 1820 nos
486 1794 509 1819 a
541 1782 582 1819 te
615 1779 902 1831 admonemur,
943 1780 1053 1818 recte
1091 1778 1135 1818 in
1171 1777 1256 1817 illis
1288 1776 1410 1817 libris
1442 1775 1544 1816 dixi-

212 1852 305 1878 mus
336 1837 446 1878 nihil
477 1852 566 1878 esse
596 1837 767 1892 bonum,
797 1837 880 1877 nisi
912 1837 1024 1890 quod
1054 1836 1290 1888 honestum,
1321 1834 1430 1875 nihil
1459 1849 1544 1874 ma-

211 1897 317 1949 lum,
355 1896 439 1936 nisi
478 1895 589 1949 quod
626 1898 749 1949 turpe
789 1896 861 1948 sit,
901 1898 1011 1935 certe
1048 1897 1224 1947 uteique
1261 1894 1443 1933 istorum
1479 1895 1543 1932 est
1563 1909 1597 1934 30

212 1955 491 2009 miserrimus,
528 1968 707 2008 quorum
745 1954 913 2007 utrique
952 1967 1113 2006 semper
1149 1951 1311 2005 patriae
1350 1950 1462 1991 salus
1502 1953 1544 1991 et

214 2013 397 2067 dignitas
423 2013 634 2066 posterior
661 2027 736 2052 sua
767 2012 1051 2052 dominatione
1086 2013 1126 2051 et
1157 2009 1395 2050 domesticis
1435 2023 1544 2049 com-

171 2082 183 2089 “
215 2071 350 2112 modis
376 2071 471 2112 fuit.
518 2070 737 2111 Praeclara
762 2070 893 2124 igitur
919 2069 1173 2110 conscientia
1199 2070 1425 2120 sustentor,
1449 2081 1544 2108 cum

215 2130 356 2183 cogito
388 2144 454 2170 me
486 2129 535 2170 de
560 2144 605 2170 re
630 2129 800 2182 publica
826 2131 898 2169 aut
923 2127 1126 2169 meruisse
1153 2126 1322 2181 optime,
1353 2140 1447 2167 cum
1472 2139 1544 2178 po-

214 2188 385 2242 tuerim,
423 2190 494 2228 aut
527 2190 637 2229 certe
674 2201 904 2240 numquam
934 2186 1018 2226 nisi
1054 2185 1121 2239 pie
1153 2185 1378 2239 cogitasse,
1415 2197 1544 2237 eaque
1563 2198 1596 2224 35

214 2245 305 2297 ipsa
336 2247 586 2299 tempestate
614 2260 800 2287 eversam
827 2259 915 2286 esse
940 2259 1028 2285 rem
1051 2243 1277 2299 publicam,
1308 2257 1434 2296 quam
1465 2254 1542 2295 ego

213 2314 313 2343 xlm
346 2305 465 2344 annis
499 2306 595 2345 ante
626 2304 925 2358 prospexerim.
987 2301 1078 2343 Hac
1117 2302 1250 2356 igitur
1288 2300 1545 2342 conscientia
