1665 2553
142 99 191 134 M.
213 99 353 134 TULLI
379 97 628 134 CICERONIS
654 97 800 132 EPIST.
827 97 892 131 AD
919 97 1135 132 ATTIOUM
1160 98 1211 131 IX
1238 101 1268 142 1,
1296 101 1327 133 2.
1379 97 1466 139 255

117 209 221 236 num
257 194 522 249 volebamus3
561 193 670 248 inde,
710 193 792 235 iter
833 208 916 247 qua
946 193 1129 234 maxime
1161 193 1467 247 ἀναπάντητον

120 257 248 307 esset,
291 253 344 294 ad
379 267 494 294 mare
534 266 733 306 superum
769 252 946 293 remotis
986 252 1073 293 sive
1112 252 1284 294 omnino
1322 252 1465 293 missis

118 312 354 354 lictoribus.
415 310 556 352 Audio
599 311 712 351 enim
750 311 874 352 bonis
911 310 1036 364 viris,
1081 311 1155 365 qui
1193 314 1234 351 et
1270 326 1382 352 nunc
1423 314 1466 352 et

121 385 243 425 saepe
270 373 393 411 antea
418 384 573 425 magno
601 369 809 423 praesidio
836 369 898 410 rei
923 369 1117 424 publicae
1142 369 1328 425 fuerunt,
1355 369 1464 410 hanc

85 447 100 473 5
120 429 434 471 cunctationem
463 431 655 469 nostram
685 443 772 470 non
803 428 975 482 probari
1005 428 1224 482 multaque
1255 429 1303 470 in
1330 443 1397 469 me
1424 431 1466 469 et

122 503 262 530 severe
293 488 339 529 in
370 487 576 529 conviviis
608 487 873 541 tempestivis
906 486 1075 541 quidem
1107 487 1327 541 disputari.

180 546 386 588 Cedamus
418 546 552 601 igitur
583 548 636 599 et,
667 548 715 586 ut
747 546 850 587 boni
882 546 992 587 cives
1020 546 1165 599 simus,
1197 546 1358 586 bellum
1382 545 1465 586 Ita-

120 606 201 646 liae
232 608 345 646 terra
375 605 567 658 marique
599 604 828 645 inferamus
862 607 904 646 et
936 604 1032 646 odia
1057 604 1351 658 improborum
1376 619 1466 645 rur-

122 679 192 705 sus
231 665 275 705 in
314 679 410 717 nos,
452 678 559 717 quae
589 663 674 704 iam
706 663 916 704 exstincta
946 665 1084 719 erant,
1120 663 1391 704 incendamus
1423 665 1466 704 et

68 740 101 765 10
120 722 273 764 Luccei
300 722 478 763 consilia
504 737 551 763 ac
576 721 794 776 Teophani
819 736 1133 776 persequamur.
1183 721 1296 763 Nam
1322 720 1463 776 Scipio

120 782 188 824 vel
225 782 271 822 in
310 780 477 835 Syriam
514 781 798 835 proficiscitur
837 783 951 821 sorte
987 780 1055 822 vel
1086 795 1181 821 cum
1206 794 1360 835 genero
1392 781 1465 822 ho-

120 844 240 881 neste
283 841 351 881 vel
396 839 615 880 Caesarem
657 839 769 894 fugit
813 836 980 881 iratum.
1048 838 1239 880 Marcelli
1284 839 1466 893 quidem,

121 899 206 940 nisi
245 899 434 954 gladium
475 897 667 939 Caesaris
705 898 966 952 timuissent,
1006 901 1236 939 manerent.
1297 897 1465 952 Appius

123 960 188 999 est
219 958 364 998 eodem
395 958 439 997 in
470 957 622 998 timore
654 959 695 997 et
720 956 1041 997 inimicitiarum
1066 957 1300 998 recentium
1325 957 1466 998 etiam.
1507 993 1514 996 .

70 1033 103 1058 15
121 1016 295 1058 Praeter
349 1016 462 1056 hunc
518 1018 559 1056 et
609 1014 652 1057 O.
700 1013 894 1056 Cassium
949 1015 1104 1069 reliqui
1154 1015 1306 1070 legati,
1360 1015 1466 1056 Fau-

124 1078 216 1116 stus
268 1089 344 1129 pro
389 1077 629 1128 quaestore3
681 1088 759 1128 ego
806 1088 935 1128 unus,
985 1075 1053 1115 cui
1099 1074 1311 1115 utrumvis
1354 1074 1465 1115 licet.

122 1133 271 1174 Frater
303 1133 477 1187 accedit,
519 1147 643 1186 quem
676 1133 836 1173 socium
866 1132 994 1173 huius
1026 1133 1224 1173 fortunae
1256 1147 1346 1174 esse
1378 1147 1467 1173 non

123 1195 212 1233 erat
250 1207 439 1246 aequum.
502 1190 581 1232 Cui
618 1191 755 1246 magis
788 1191 917 1232 etiam
950 1190 1104 1232 Caesar
1133 1191 1358 1246 irascetur,
1395 1191 1468 1232 sed

122 1251 348 1305 impetrare
372 1265 458 1292 non
484 1264 671 1305 possum,
702 1252 750 1290 ut
775 1252 954 1291 maneat.
1004 1249 1213 1290 Dabimus
1238 1250 1320 1291 hoc
1344 1249 1467 1290 Pom-

71 1326 104 1351 ρο
124 1310 237 1364 peio,
282 1309 396 1363 quod
437 1309 647 1349 debemus.
708 1308 821 1350 Nam
862 1323 929 1349 me
974 1308 1145 1362 quidem
1189 1308 1297 1349 alius
1341 1323 1466 1349 nemo

124 1371 278 1423 movet,
305 1382 393 1408 non
425 1382 562 1408 sermo
588 1367 810 1421 bonorum,
843 1367 917 1421 qui
940 1367 1049 1408 nulli
1075 1370 1187 1418 sunt,
1217 1382 1305 1408 non
1330 1382 1468 1420 causa,

126 1441 230 1480 quae
269 1429 362 1467 acta
393 1426 538 1466 timide
570 1428 654 1480 est,
699 1428 848 1480 agetur
874 1426 1077 1479 improbe.
1139 1425 1244 1480 Uni,
1282 1426 1357 1466 uni
1387 1426 1469 1466 hoc

125 1485 272 1525 damus
303 1499 355 1525 ne
386 1484 430 1524 id
461 1484 629 1538 quidem
660 1484 831 1538 roganti
856 1498 932 1525 nec
960 1499 1079 1525 suam
1107 1499 1288 1538 causam,
1320 1487 1369 1525 ut
1396 1485 1469 1538 ait,

125 1543 282 1598 agenti,
313 1542 385 1583 sed
416 1543 640 1596 publicam.
703 1542 767 1583 Tu
799 1543 901 1596 quid
932 1543 1094 1597 cogites
1127 1543 1176 1583 de
1208 1543 1468 1584 transeundo

72 1619 105 1645 25
124 1602 170 1643 in
199 1601 394 1656 Epirum,
425 1601 530 1642 scire
563 1615 662 1641 sane
692 1601 830 1642 velim.

770 1715 822 1758 Π.

356 1797 430 1833 Ser.
452 1798 493 1832 in
519 1797 719 1832 Formiano
744 1797 841 1831 Non.
864 1796 979 1831 Mart.
1001 1808 1034 1830 a.
1057 1799 1128 1831 705
1154 1798 1245 1840 (49).

529 1877 720 1913 CICERO
744 1877 937 1912 ATTICO
963 1877 1070 1912 SAL.

216 1950 312 1991 Etsi
336 1950 473 1992 Nonis
499 1950 666 1991 Martiis
693 1950 757 1990 die
783 1952 872 2004 tuo,
902 1952 950 1990 ut
977 1949 1140 2003 opinor,
1172 1949 1469 2003 exspectabam

76 2026 109 2052 30
129 2009 354 2062 epistulam
381 2025 403 2050 a
428 2012 470 2050 te
494 2009 744 2063 longiorem,
764 2010 906 2048 tamen
932 2007 983 2048 ad
1009 2022 1101 2048 eam
1126 2008 1263 2061 ipsam
1288 2007 1470 2063 brevem,

130 2082 257 2121 quam
286 2078 354 2107 1111
384 2066 530 2108 Nonas
560 2067 645 2108 ὑπὸ
678 2068 757 2120 τὴν
789 2070 923 2120 λῆψιν
954 2065 1119 2119 dedisti,
1156 2066 1469 2107 rescribendum

129 2125 287 2179 putavi.
337 2123 527 2166 Gaudere
560 2126 620 2166 ais
653 2127 695 2165 te
725 2125 932 2165 mansisse
963 2139 1029 2164 me
1062 2127 1103 2164 et
1130 2124 1280 2165 scribis
1307 2124 1352 2165 in
1378 2139 1468 2165 sen-

129 2184 264 2224 tentia
311 2185 354 2224 te
393 2199 572 2225 manere.
640 2183 748 2223 Mihi
792 2185 933 2223 autem
977 2182 1266 2235 superioribus
1308 2183 1467 2224 litteris

128 2242 322 2283 videbare
353 2256 441 2282 non
471 2242 676 2294 dubitare,
709 2241 812 2294 quin
843 2241 1029 2282 cederem
1060 2241 1131 2294 ita,
1164 2241 1199 2282 si
1232 2243 1273 2281 et
1300 2240 1468 2282 Gnaeus

75 2317 108 2343 35
128 2300 233 2341 bene
275 2300 500 2341 comitatus
532 2299 860 2354 conscendisset,
901 2301 943 2340 et
975 2299 1168 2340 consules
1200 2300 1466 2341 transissent.
