1665 2553
173 125 258 167 562
621 124 1059 160 PSEUDOCICERONIS

173 220 329 262 dicium
366 222 407 261 et
443 221 694 274 praeteritae
732 221 912 262 iniuriae
949 221 1244 262 testimonium
1283 224 1324 262 et
1363 222 1507 263 absen-

172 280 281 320 tium
315 294 461 320 sensus
494 280 857 335 significationem,
895 295 981 320 non
1013 280 1361 334 praetermittam,
1394 281 1506 334 quin,

174 338 373 392 quoniam
413 352 554 379 coram
595 338 638 379 id
674 339 809 379 facere
849 338 1096 392 prohibeor,
1138 339 1289 380 absens
1327 353 1403 392 pro
1441 353 1507 380 me

173 397 436 450 expostulem
474 401 624 438 tecum.
686 397 827 450 Atque
865 397 926 438 ita
967 397 1058 438 dico
1092 397 1184 451 ‘pro
1216 398 1310 452 me’,
1352 397 1387 437 si
1419 398 1507 451 qui-

173 456 266 496 dem
291 470 383 496 mea
410 455 522 496 salus
548 458 621 496 aut
646 456 765 496 utilis
792 456 852 496 rei
878 456 1072 509 publi-cae
1099 458 1162 496 est
1188 459 1261 496 aut
1286 455 1507 497 coniuncta

174 516 285 554 certe
327 514 519 567 publicae
564 514 701 555 saluti.
763 513 891 568 Nam,
930 529 1004 568 per
1042 515 1163 555 deum
1203 514 1507 555 immortalium

173 573 310 627 fidem,
342 573 425 613 nisi
455 573 565 614 forte
596 573 755 613 frustra
789 587 859 614 eos
886 573 1064 628 appello,
1096 588 1276 627 quorum
1302 587 1422 614 aures
1448 576 1508 614 at-

175 646 255 685 que
292 631 456 672 animus
489 647 513 673 a
543 628 668 672 nobis
702 631 949 686 abhorrent,
986 646 1142 686 perque
1173 631 1406 673 Fortunam
1436 646 1508 685 po-

173 690 264 743 puli
295 689 495 744 Romani,
533 705 640 744 quae
679 705 934 744 quamquam
965 690 1089 731 nobis
1122 691 1276 732 infesta
1308 693 1388 744 est,
1425 691 1508 731 fuit

174 749 400 802 aliquando
433 749 620 802 propitia
653 752 711 802 et,
748 752 796 789 ut
829 763 968 804 spero,
1006 750 1149 790 futura
1182 752 1258 803 est,
1295 749 1388 803 quis
1420 752 1508 789 tam

174 821 321 861 expers
362 807 659 862 humanitatis,
699 808 792 861 quis
824 807 950 848 huius
983 808 1099 849 urbis
1131 808 1295 849 nomini
1327 823 1372 848 ac
1405 807 1508 848 sedi-

172 865 253 906 bus
292 880 424 919 usque
465 867 567 907 adeo
601 869 664 907 est
696 866 910 921 inimicus,
948 869 995 907 ut
1026 867 1109 907 ista
1141 870 1213 908 aut
1244 866 1508 907 dissimulare

173 924 309 978 possit
347 928 420 965 aut
455 939 543 965 non
580 925 720 966 dolere
761 928 852 980 aut,
899 925 933 966 si
971 925 1088 966 nulla
1126 926 1290 966 ratione
1327 925 1507 979 publicis

173 983 452 1024 incommodis
488 983 645 1024 mederi
684 986 829 1039 queat,
865 998 951 1024 non
983 987 1119 1025 morte
1151 984 1371 1038 proprium
1402 984 1508 1038 peri-

173 1042 314 1083 culum
345 1042 478 1083 vitet?

260 1099 384 1155 Nam,
414 1103 461 1141 ut
487 1101 627 1142 ordiar
652 1101 704 1141 ab
731 1100 855 1141 initio
882 1103 924 1141 et
948 1100 1173 1155 perducam
1199 1100 1250 1142 ad
1275 1103 1509 1141 extremum

176 1161 216 1199 et
247 1159 479 1199 novissima
511 1160 722 1200 conferam
747 1159 908 1213 primis,
942 1174 1047 1213 quae
1072 1174 1160 1201 non
1185 1159 1395 1213 posterior
1421 1158 1508 1199 dies

175 1218 364 1258 acerbior
390 1218 529 1271 priore
556 1221 597 1258 et
618 1233 724 1271 quae
749 1233 834 1258 11011
859 1218 1082 1271 insequens
1107 1218 1212 1258 hora
1239 1217 1509 1258 antecedente

175 1276 462 1317 calamitosior
492 1276 650 1330 populo
677 1275 868 1317 Romano
900 1276 1073 1316 illuxit?
1111 1276 1166 1316 M.
1193 1275 1418 1329 Antonius,
1443 1275 1508 1316 vir

174 1334 305 1375 animi
330 1334 503 1375 maximi
526 1334 708 1389 (utinam
735 1335 861 1375 etiam
889 1334 1090 1388 sapientis
1117 1334 1282 1375 consilii
1308 1332 1508 1388 fuissetl),

175 1392 219 1434 C.
246 1392 423 1434 Caesare
454 1393 697 1447 fortissime,
729 1393 800 1434 sed
831 1407 981 1446 parum
1012 1393 1191 1434 feliciter
1224 1408 1247 1433 a
1277 1392 1338 1433 rei
1373 1391 1508 1445 publi-

174 1466 245 1492 cae
294 1451 580 1492 dominatione
631 1454 792 1493 semoto
843 1451 1111 1505 concupierat
1154 1451 1290 1505 magis
1333 1450 1508 1504 regium,

175 1525 301 1564 quam
326 1510 461 1551 libera
486 1510 634 1551 civitas
659 1510 749 1564 pati
776 1512 931 1564 posset,
950 1510 1246 1563 principatum.
1290 1508 1509 1549 Publicam

175 1569 435 1622 dilapidabat
466 1569 697 1623 pecuniam,
735 1569 941 1609 aerarium
973 1568 1260 1623 exhauriebat,
1290 1566 1508 1608 minuebat

174 1628 416 1682 vectigalia,
459 1627 643 1669 donabat
688 1627 881 1668 civitates
925 1627 1193 1668 immunitate
1233 1629 1274 1667 et
1314 1625 1507 1666 nationes

176 1701 226 1727 ex
258 1686 581 1741 commentario,
613 1686 865 1726 dictatuiam
892 1685 1078 1751 gerebat,
1109 1685 1223 1740 leges
1249 1684 1508 1750 imponebat,

176 1744 429 1797 piohibebat
461 1721 708 1785 dictatorem
741 1744 890 1798 cieari,
930 1745 1018 1798 ipse
1049 1743 1255 1798 regnabat
1285 1743 1330 1783 in
1361 1756 1508 1783 consu-

175 1803 284 1856 latu,
321 1803 560 1857 piovincias
599 1818 743 1844 omnes
776 1817 884 1843 unus
916 1802 1197 1855 concupierat.
1259 1800 1338 1842 Cui
1370 1800 1507 1841 sorde-

176 1861 251 1902 bat
281 1861 526 1903 Macedonia
566 1861 799 1915 provincia,
837 1876 962 1915 quam
992 1861 1128 1901 victor
1160 1860 1239 1902 sibi
1272 1861 1507 1913 sumpserat

178 1918 342 1974 Caesar,
374 1921 474 1974 quid
506 1920 555 1961 de
579 1920 659 1960 hoc
685 1934 852 1973 sperare
878 1922 950 1960 aut
976 1921 1215 1973 exspectare
1240 1932 1317 1959 nos
1345 1920 1507 1971 oporte-

177 1979 280 2019 bat?
328 1978 551 2019 Exstitisti
594 1981 643 2019 tu
680 1979 831 2018 vindex
868 1980 1038 2019 nostrae
1073 1977 1285 2018 libertatis
1323 1978 1369 2016 ut
1407 1978 1508 2016 tunc

178 2037 344 2090 quidem
378 2038 564 2091 optimus
597 2036 890 2092 (quodutinam
924 2050 1058 2090 neque
1089 2038 1236 2076 nostra
1260 2049 1338 2076 nos
1365 2034 1506 2088 opinio

177 2110 311 2149 neque
343 2098 417 2136 tua
448 2096 550 2137 fides
582 2095 838 2150 fefellissetl)
871 2097 912 2135 et
942 2095 1151 2135 veteranis
1183 2094 1227 2134 in
1258 2107 1387 2133 unum
1413 2106 1508 2133 con-

178 2154 314 2194 ductis
352 2157 393 2194 et
431 2154 592 2195 duabus
630 2153 870 2208 legionibus
903 2168 926 2193 a
958 2153 1140 2206 pernicie
1171 2152 1332 2206 patriae
1364 2150 1414 2191 ad
1446 2165 1508 2191 sa-

176 2211 309 2252 lutem
352 2213 536 2253 avocatis
579 2212 721 2253 subito
764 2226 895 2265 prope
938 2210 1022 2252 iam
1066 2211 1327 2264 desperatam
1371 2211 1412 2250 et
1449 2208 1507 2248 af—

177 2269 334 2310 flictam
366 2285 454 2311 rem
485 2271 697 2324 publicam
728 2270 814 2311 tuis
847 2270 997 2324 opibus
1030 2269 1232 2310 extulisti.
1283 2267 1397 2317 Quae
1428 2266 1508 2307 tibi

176 2343 263 2369 non
288 2330 396 2384 ante,
429 2344 554 2383 quam
580 2329 830 2384 postulares,
861 2328 1032 2382 maiora,
1058 2343 1185 2382 quam
1210 2326 1350 2380 velles,
1375 2325 1509 2378 plura,

1528 767 1560 791 10

1528 1061 1560 1085 15

1528 1352 1561 1376 20

1528 1642 1560 1668 25

1526 1935 1558 1959 30

1527 2225 1559 2250 35
