1665 2553
689 93 727 128 P.
750 97 945 128 338—345.
1371 92 1485 127 XCIX

146 187 334 221 reiicior
377 185 612 219 scribendum
650 186 773 230 putat’
810 186 920 227 Boot3
971 196 1059 218 nam
1095 185 1229 219 ‘verbis
1267 186 1300 219 si
1334 186 1486 229 recipior

148 234 295 277 egregie
321 232 459 277 opponi
483 233 516 266 si
540 233 694 275 reiicior,
727 243 800 266 non
824 234 923 266 recte
949 233 1008 266 siu
1033 233 1174 275 iactor’,
1200 232 1300 275 quod
1325 232 1483 276 ignorat,

148 280 238 323 quid
265 280 314 313 sit
339 281 490 321 iactare,
524 280 568 313 de
596 290 667 322 quo
693 291 723 314 v,
746 279 888 323 Tyr-rell
914 290 969 323 ep.
991 282 1070 322 431,
1103 279 1186 313 add.
1207 279 1328 313 Iuven.
1353 284 1406 313 13.
1429 283 1484 321 22,

149 326 211 362 Sil.
233 326 317 360 XIV
338 329 403 359 107
430 327 565 371 iugum,
593 326 615 360 i.
630 337 658 360 e.
681 328 861 367 excutere,
889 326 983 360 Flor.
1004 326 1020 358 I
1042 331 1071 360 1.
1087 329 1107 359 2
1135 326 1311 360 Romulus
1331 327 1486 360 iactatus

148 375 188 407 in
209 374 452 417 profluentem,
486 372 547 407 Ov.
569 372 668 407 Fast.
689 372 723 406 V
742 376 808 406 659
834 373 981 416 Sciopea
1002 383 1071 416 pro
1096 373 1240 407 domino
1268 373 1389 407 Tiberi
1412 373 1486 406 ‘iac-

147 424 247 455 tatur
283 421 418 465 imoyo,
451 418 643 454 Claudiam.
672 423 726 454 20.
748 423 814 453 255
847 420 972 454 tibiam
997 420 1215 463 paludibus,
1246 419 1358 454 Marc.
1380 418 1483 462 Enip.

147 479 182 511 p.
204 470 281 502 208.
299 471 353 509 33,
380 466 516 500 Theod.
538 466 648 501 Prisc,
670 470 796 510 p.167.
814 470 856 500 13
883 468 920 500 et
946 470 1001 508 19,
1028 470 1105 501 334.
1122 470 1164 499 28
1181 478 1232 509 sq.
1260 484 1304 495 =
1330 476 1483 500 vomere.

149 535 193 538 —
220 517 263 547 22
290 515 337 547 iis
363 513 553 556 Wesenb,
585 514 688 547 Boot.
733 513 791 546 Ad
816 525 851 557 p.
873 517 927 547 37.
949 516 1003 547 37.
1037 534 1081 537 —
1120 517 1162 546 35
1189 514 1298 547 (lebet
1323 513 1484 553 Ascens..

149 560 326 602 Lambin,
353 561 505 594 recentt.
522 560 603 594 edd.
618 559 783 603 probab,
803 560 953 593 minime
973 570 1153 594 necessat.
1194 560 1251 593 Ad
1270 563 1435 603 p.106.8.
1474 558 1486 604 Η

197 607 244 641 Ρ.
265 606 357 641 343.
380 611 398 639 2
425 607 559 641 sevitias
585 606 770 649 Wesenb.,
802 606 938 649 Baiter,
966 606 1119 650 Tyrrell,
1146 606 1325 650 Pluygers
1351 606 1484 640 Mnem.

150 657 239 687 1881
266 666 302 698 p.
326 657 404 695 130,
431 654 566 687 scribas
591 653 629 686 M
656 654 718 691 (ad
741 665 776 697 p.
792 657 846 688 24.
863 656 908 697 8),
935 664 1017 687 cum
1043 664 1148 687 cruce
1167 653 1262 687 Boot
1286 653 1388 697 prob.
1409 663 1486 686 scn-

148 701 219 735 tias
244 712 274 735 V.
291 711 442 742 censeas,
466 700 522 733 ‘ut
541 700 635 733 vidit
654 699 909 744 Wesenberg’.
930 721 974 724 ——
994 700 1044 734 Ib.
1066 712 1103 734 re
1129 700 1212 733 add.
1227 702 1313 744 post
1332 712 1374 733 ea
1392 699 1487 732 Boot

148 747 272 780 nescio
312 758 384 781 cur.
433 767 477 771 —
525 750 545 779 3
584 748 768 791 excoyz'tes
806 747 885 790 ‘pro
920 747 1052 780 vitioso
1090 748 1268 792 eoecoyitas
1304 745 1482 780 restituit’

149 793 334 834 Wesenb..
367 793 489 836 inquit
514 793 618 836 Boot,
648 794 811 837 ‘propter
835 794 1002 835 scribas-’3
1034 804 1119 826 nam
1146 794 1286 828 etiamsi
1308 794 1402 827 nihil
1427 804 1486 826 esc-

149 841 278 885 coyites
322 840 643 884 ‘praecedentibus
682 840 869 883 iungenda
907 842 943 873 et
980 840 1200 883 explicanda
1238 851 1317 874 esse
1358 839 1486 873 ‘etiam

153 887 292 920 scribas
319 887 440 929 velim,
468 886 498 920 si
523 886 617 919 nihil
644 887 840 930 excogites,
868 887 966 929 quod
990 887 1082 920 mihi
1101 886 1313 920 faciendum
1331 887 1484 930 putes'⁷,

150 933 303 977 Tyr-rell.
360 932 465 966 Nihil
496 932 572 966 vidi
603 933 722 977 magis
756 944 1076 977 supervacaneum.
1126 933 1185 966 Ad
1215 945 1250 977 p.
1272 937 1349 967 106.
1371 936 1402 967 8.
1441 953 1485 956 —

149 981 200 1014 lb.
222 981 342 1024 ipsum
366 980 521 1021 scribito,
547 980 586 1013 id
607 980 690 1014 add.
711 982 796 1023 post
814 981 862 1014 Id
881 980 1025 1014 Striller
1045 980 1188 1014 dissert.
1227 979 1378 1014 Vratisl.
1396 982 1484 1012 1886

150 1027 242 1061 thes.
276 1026 325 1059 HI
364 1026 407 1060 cf.
440 1038 474 1070 p.
504 1030 657 1069 114.21,
696 1030 845 1061 350.19.
884 1047 928 1051 -—
967 1030 985 1060 6
1019 1039 1048 1061 V.
1072 1026 1110 1061 Ο.
1131 1026 1171 1061 Ε,
1194 1026 1360 1060 Schmidt
1399 1026 1486 1059 ‘Der

149 1073 422 1106 Briefwechsel'
443 1085 479 1117 p.
496 1077 574 1115 220,
601 1073 751 1106 XVIII
766 1074 852 1107 Kal.
871 1073 991 1118 Quint.
1007 1073 1143 1115 Baiter,
1164 1074 1292 1107 XVII
1301 1070 1499 1114 Wesenb.,'

149 1120 246 1154 June
276 1123 322 1154 14
353 1119 495 1163 Tyrrell
527 1130 582 1163 ep.
603 1123 681 1154 432.
721 1141 765 1144 —
803 1124 823 1153 9
850 1130 941 1154 meos
964 1119 1089 1164 potius
1116 1130 1227 1163 quam
1252 1124 1390 1154 nostros
1415 1118 1484 1161 ΜΞ,

150 1167 253 1201 Boot.
279 1187 325 1191 -—
357 1170 399 1200 22
415 1177 493 1209 sqq.
514 1178 544 1200 V.
568 1165 608 1200 O.
623 1166 663 1201 E.
680 1165 846 1200 Schmidt
873 1166 960 1200 ‘Der
984 1166 1258 1200 Briefwechsel’
1286 1178 1320 1210 p.
1336 1170 1403 1199 219
1419 1177 1484 1208 sq,

151 1214 351 1247 contexunt
381 1213 580 1257 epistulam
605 1213 687 1247 edd.
720 1234 764 1238 —
805 1217 848 1247 28
875 1214 1040 1258 Eynatia
1064 1224 1130 1257 pro
1156 1214 1280 1255 matri,
1318 1213 1405 1246 Bosi
1430 1213 1483 1245 in-

152 1262 278 1302 vento,
306 1260 397 1294 coni.
420 1259 460 1295 O.
475 1259 514 1294 E.
537 1259 703 1293 Schmidt
727 1259 904 1294 Fleckeis.
928 1260 1048 1294 annal.
1072 1263 1160 1294 1897
1186 1272 1220 1303 p.
1243 1264 1309 1293 597
1325 1271 1390 1302 sq.,
1415 1260 1483 1293 ita-

152 1318 216 1350 que
254 1307 421 1340 ematiam
457 1318 536 1341 cum
567 1306 614 1341 M.
654 1327 698 1331 —
737 1310 779 1340 29
818 1307 929 1341 Paeto
962 1307 1053 1341 coni.
1082 1306 1361 1341 O.E.Schmidt
1399 1306 1485 1339 ‘Der

151 1353 425 1386 Briefwechsel’
453 1365 487 1397 p.
510 1356 588 1394 220,
611 1364 679 1396 pro
704 1364 745 1388 ea
771 1354 875 1388 codd.
897 1355 934 1387 et
959 1354 1040 1388 edd.
1068 1374 1112 1378 —
1143 1353 1194 1388 lb.
1215 1365 1315 1397 quem
1340 1354 1388 1386 acl
1413 1363 1483 1387 mo-

153 1401 239 1433 dum
282 1400 511 1434 consulenti
554 1399 724 1443 (fortasse
769 1400 872 1434 deest
909 1400 1022 1434 etiam
1058 1401 1162 1442 mz'hi3
1207 1400 1251 1434 cf.
1277 1412 1312 1444 p.
1334 1403 1411 1433 274.
1428 1403 1483 1441 31,

153 1450 230 1481 275.
254 1447 310 1490 15)
336 1447 536 1490 scripsisti
562 1457 628 1480 scr.
649 1458 739 1480 mus.
760 1447 875 1481 Rhen.
898 1451 986 1481 1898
1012 1459 1046 1490 p.
1070 1450 1147 1489 131,
1179 1458 1244 1490 que
1269 1447 1317 1480 acl
1341 1447 1483 1480 modum

153 1493 379 1527 consolandis
411 1493 587 1536 scripsisti
612 1493 734 1535 codd,
767 1505 874 1537 quam
905 1494 952 1527 ad
983 1494 1126 1528 modum
1156 1494 1372 1527 consolantis
1396 1495 1482 1527 scri-

149 1540 257 1583 psisti
288 1549 306 1572 e
341 1539 487 1573 ‘Scidis’
527 1539 601 1572 suis
633 1539 782 1582 Bosius,
814 1540 910 1584 vulg.
938 1540 1019 1574 edd.
1046 1541 1193 1584 praeter
1223 1540 1405 1573 Bootium.
1448 1540 1482 1572 Is

152 1587 268 1619 recte:
320 1585 462 1628 ‘Neque
503 1586 601 1619 enini
646 1584 770 1620 Cicero
809 1587 857 1620 ad
894 1587 1036 1621 modum
1072 1587 1289 1621 consolantis
1325 1586 1483 1619 scribere

152 1633 315 1676 poterat,
354 1643 467 1675 quum
503 1632 615 1665 vellet
651 1643 745 1667 more
783 1634 1000 1667 consolantis
1030 1633 1211 1675 indicare,
1249 1633 1307 1666 vel
1338 1643 1482 1676 compa—

152 1679 335 1712 rationem
372 1690 454 1712 cum
489 1678 700 1712 consolante
739 1679 961 1722 instituere’,
999 1680 1062 1723 qui
1098 1680 1146 1713 ad
1183 1680 1326 1713 modum
1362 1690 1482 1713 conso-

154 1726 264 1760 lantis
299 1726 443 1769 scripsit
480 1726 568 1759 mihi
600 1725 638 1759 O.
656 1725 694 1759 E.
711 1725 878 1760 Schmidt
916 1726 1002 1760 ‘Der
1034 1726 1306 1759 Briefwechsel’
1346 1738 1380 1769 p.
1404 1729 1482 1759 220.

153 1792 198 1796 —
236 1775 278 1805 31
313 1773 500 1816 intellz'yes
530 1771 720 1814 Wesenb.‚
758 1772 910 1816 Tyr-rell.
954 1774 965 1816 ΙΙ
1012 1773 1058 1806 Ρ.
1079 1771 1169 1806 344.
1191 1776 1211 1805 4
1249 1784 1303 1806 ne
1339 1773 1484 1806 subeam

153 1817 343 1861 Wesenb,
374 1818 517 1860 Baiter,
549 1818 657 1861 Boot,
689 1829 763 1852 nou
793 1819 849 1853 Fr.
871 1819 1038 1853 Schmidt
1061 1830 1182 1863 progr.
1203 1818 1367 1852 Norimb.
1391 1822 1482 1852 1879

152 1876 187 1908 p.
209 1868 263 1899 23.
285 1885 328 1889 —
349 1868 369 1898 6
395 1866 527 1899 scilicet
550 1865 647 1898 inter
672 1866 774 1899 valde
799 1867 837 1899 et
863 1866 1042 1900 molestum
1062 1866 1169 1899 inser.
1188 1864 1314 1899 ‘Codd.
1330 1865 1483 1909 Regiice)

153 1910 412 1954 Lallemandi',
438 1911 545 1944 Klotz
569 1911 734 1955 probab,
760 1912 792 1946 si
816 1912 863 1946 M.
897 1933 941 1937 —
971 1912 1022 1946 Π).
1043 1912 1134 1957 [ab]
1158 1911 1306 1945 Baitero
1334 1913 1484 1945 auctore

154 1967 244 1991 recc.
266 1958 347 1992 edd.
363 1979 407 1982 —
430 1963 470 1991 11
498 1959 592 2002 quod
606 1979 649 1982 —
663 1969 783 1992 verum
802 1963 886 1993 esset
906 1959 943 1992 in
957 1958 1124 2002 parenth.
1140 1957 1277 2000 Baiter,
1299 1957 1483 2000 Wesenb,

154 2003 257 2038 Boot.
302 2004 359 2037 Ad
384 2016 418 2048 p.
442 2008 570 2039 1614,
609 2026 653 2029 —
692 2008 734 2038 17
761 2005 889 2039 XVII
914 2005 1075 2046 Manut,
1107 2004 1296 2046 Wesenb,
1329 2004 1483 2048 Tyrrell,

157 2049 355 2094 Sternkopf
388 2062 508 2095 progr.
534 2051 742 2085 Dortmund
781 2055 868 2085 1891
907 2064 941 2095 p.
970 2056 1030 2093 37,
1075 2050 1114 2085 O.
1130 2051 1170 2084 E.
1188 2050 1352 2085 Schmidt
1398 2051 1485 2084 ‘Der

154 2096 425 2131 Briefwechsel’
453 2110 488 2141 p.
504 2102 582 2140 220,
609 2098 760 2131 XVIII
774 2099 890 2139 codd,
917 2098 1053 2139 Baiter,
1079 2097 1181 2131 Boot.
1203 2118 1247 2121 —
1268 2101 1312 2131 34
1332 2102 1364 2132 et
1381 2098 1484 2142 prius

157 2142 225 2175 del.
251 2142 408 2185 Ernesti,
433 2144 536 2178 Boot.
584 2144 679 2178 ‘Isti’
709 2146 795 2178 sunt
818 2145 957 2178 Balbus
984 2146 1021 2177 et
1046 2143 1196 2187 Oppius.
1234 2145 1245 2188 ss
1288 2144 1332 2179 P.
1352 2143 1442 2179 345.
1464 2148 1484 2177 5

155 2189 249 2233 quod
268 2188 423 2232 Ernesti,
443 2190 627 2233 Wesenb,
647 2191 752 2233 Boot,
772 2192 860 2234 quid
880 2191 995 2232 codd,
1015 2190 1153 2232 Baiter,
1173 2190 1314 2233 Tyrrell
1334 2202 1389 2235 ep.
1405 2195 1484 2225 440.

154 2235 213 2268 Ad
226 2246 260 2278 p.
273 2239 389 2270 1024.
404 2257 448 2261 —
469 2241 488 2270 8
508 2238 545 2271 si
564 2238 651 2280 quid
665 2237 759 2280 Asc,
773 2237 910 2279 Baiter,
924 2236 1108 2279 Wesenb,
1122 2237 1226 2279 Boot,
1241 2238 1333 2280 quod
1346 2237 1486 2279 Lamb,

156 2282 332 2326 quidquid
356 2281 474 2326 Klotz,
501 2283 652 2327 Tyrrell.
690 2304 735 2308 —
775 2288 816 2317 15
843 2288 982 2319 tantum
1007 2284 1172 2327 temporis
1197 2283 1340 2318 delend.
1363 2286 1490 2318 censet

1259 2341 1275 2356 s<

1227 2353 1252 2385 g
