1665 2553
178 98 290 133 XCVI
601 97 882 133 ADNOTATIO
910 96 1097 132 CRITICA

179 194 303 226 censet
327 194 370 226 ut
395 192 578 226 scribatur
602 193 663 227 secl
686 192 849 237 intellego
876 202 929 225 me
953 202 1078 236 urqere
1099 190 1324 235 praeterita’.
1339 210 1384 215 —
1404 193 1448 223 23
1467 189 1514 223 in

177 250 324 274 ‘numero
369 239 460 274 coni.
492 239 619 272 Baiter
657 238 701 274 of,
723 251 758 283 p.
781 242 858 273 322.
883 242 919 280 1,
966 249 1032 273 sor.
1059 237 1213 282 Tyrrell.
1270 237 1313 272 V.
1342 235 1391 270 ad
1426 235 1513 270 fam.

177 298 212 330 p.
235 289 312 321 295.
335 289 365 321 6.
405 307 449 311 -
488 289 532 319 28
559 286 694 320 litteras
720 297 788 320 om.
810 284 981 319 Wesenb.
1002 285 1125 319 nescio
1153 295 1199 318 an
1224 284 1371 318 invitus.
1399 303 1443 308 —-
1470 286 1513 316 29

181 333 355 377 Quintum
392 332 460 377 (Q.)
488 344 523 375 c,
549 343 632 375 v.c.,
653 331 698 366 Zb
736 332 939 375 (Lehmann
976 332 1051 367 Att.
1072 344 1107 376 p.
1130 335 1184 373 74,
1203 334 1258 374 93,
1281 333 1378 375 123),
1422 329 1514 363 Leh-

178 390 302 422 mann,
329 391 378 414 ari
403 379 506 414 codd.
523 379 585 423 (ad
610 392 644 424 p.
661 383 715 414 24.
731 381 778 423 8),
805 379 888 413 secl.
903 378 1040 421 Baiter,
1066 389 1134 413 orn.
1149 378 1246 423 vulg.
1279 379 1290 422 [Ι
1327 378 1373 411 P.
1388 376 1478 411 330.
1495 381 1513 410 1

178 438 222 461 es.
256 427 309 462 Et
333 428 469 469 factum
494 427 608 471 iyitur
632 431 672 460 tu
695 427 822 461 scribis
846 426 926 460 istis
947 426 1088 469 placere
1106 430 1139 460 et
1153 426 1295 469 placere
1315 422 1515 467 Sternkopf

178 484 300 518 progr.
321 473 528 507 Dortmund
556 476 643 507 1891
670 485 705 517 p.
727 477 788 515 25,
820 474 843 517 †
858 477 907 507 est
931 483 973 506 ea
997 473 1133 515 factum
1157 473 1282 517 iyitur,
1313 475 1355 506 ut
1378 471 1515 513 scribis,

178 521 259 555 istis
278 521 420 564 placere
446 521 571 555 iisdem
590 519 702 563 Wes.,
729 519 868 563 Tyrrel]
899 530 953 562 ep.
975 522 1054 562 420,
1081 530 1124 553 es.
1140 519 1307 564 †faetum
1326 519 1450 563 iyitur,
1475 521 1516 552 ut

179 568 322 609 scribis,
352 568 463 601 isdem
487 567 567 601 istis
587 567 729 610 plaeere
753 567 864 601 isdem
890 566 1033 609 Baiter,
1066 565 1170 609 Boot,
1198 565 1271 599 nisi
1297 565 1396 608 quod
1421 564 1515 598 Boot

181 615 218 647 et
237 613 380 658 Tyri-eli
399 614 524 648 iisdem
543 614 623 648 istis
643 613 817 647 cancellis
839 612 1153 655 circumscribunt,
1179 612 1244 646 ille
1264 612 1374 646 coni:
1403 611 1514 645 Face-

180 665 255 695 tum
280 665 329 695 est
353 661 478 706 iyitur,
502 664 544 695 ut
567 661 706 702 scribis,
731 661 810 695 istis
829 660 973 704 plaeere
999 660 1183 694 lictoribus
1201 671 1254 694 me
1272 661 1338 701 uti,
1363 657 1516 701 Madvig

180 707 329 742 Adv.IH
342 719 376 751 p.
388 711 452 741 187
464 719 516 750 sq.
531 718 618 742 nes.
640 707 795 741 Faciam
814 707 938 752 ἱρέων,
957 711 998 741 ut
1016 707 1142 741 scribis
1161 707 1236 740 illis
1250 706 1403 750 plaeere,
1424 704 1517 750 <etsi

179 755 355 789 rationem
393 765 512 788 eorum
548 765 622 788 ‘non
654 754 767 797 probo
774 767 787 795 ;
830 754 1014 798 siqnifteas
1049 754 1142 788 euim
1175 751 1352 798 placere>
1390 752 1517 786 iisdem

180 802 270 844 istis,
301 801 340 835 O.
356 801 395 835 E.
419 801 586 834 Schmidt
607 800 693 834 ‘Der
712 800 986 834 Briefwechsel’
1008 812 1043 844 p.
1060 803 1127 834 210
1153 811 1197 834 es.
1230 799 1386 834 Factum
1403 799 1516 844 iyitur

180 853 341 883 ‘nostrum
366 847 456 885 (soil.
470 848 625 882 reditum
649 848 690 881 iu
714 848 876 891 Italiam)
903 848 1028 881 scribis
1049 848 1203 891 placere,
1227 846 1354 881 iisdem
1372 846 1461 880 istis.
1505 845 1517 890 ΙΙ

228 895 274 929 Ρ.
295 894 385 929 331.
407 898 426 928 5
452 899 501 929 ut
526 895 642 939 aliqui
666 894 844 937 Lambin.,
880 893 1062 935 Wesenb.,
1089 894 1194 936 Boot,
1219 891 1374 936 Tyrrell,
1401 892 1518 936 aliqui

181 943 219 976 si
243 941 379 985 Baiter,
405 942 438 976 si
463 942 579 985 aliqui
599 941 765 975 Schuetz.
787 962 831 966 —
853 944 894 974 15
915 942 1075 975 verterint
1095 940 1199 974 codd.
1215 941 1252 973 et
1273 939 1354 973 edd.
1369 940 1516 983 praeter

183 988 435 1030 Schuetzium,
472 988 535 1031 qui
569 987 842 1022 ‘consecutione
874 987 1066 1021 verborum
1090 986 1305 1031 postulante
1332 985 1436 1019 dedit
1460 997 1514 1020 ve-

180 1036 309 1077 nient’,
342 1037 378 1069 et
407 1034 710 1078 Wesenbergium
735 1034 795 1067 vix
821 1034 985 1068 oredibil.
1013 1055 1057 1058 —
1084 1037 1221 1067 20-28
1248 1034 1297 1066 Iu
1317 1033 1516 1077 primisque

182 1104 225 1108 —
253 1082 437 1116 adhibebis
461 1082 499 1115 in
519 1081 686 1125 parenth.
702 1081 874 1115 YVesenb.
895 1081 956 1124 (ad
981 1092 1015 1124 p.
1033 1082 1168 1124 16.14),
1193 1081 1307 1125 eyisti,
1331 1079 1515 1123 inprimis-

182 1141 248 1173 que
272 1129 409 1171 Baiter,
435 1128 539 1162 Boot.
560 1149 605 1153 —
625 1132 668 1161 25
694 1129 735 1161 in
755 1139 792 1162 eo
811 1132 861 1162 est
880 1127 1020 1170 addidi,
1045 1128 1094 1161 Iu
1112 1138 1149 1162 eo
1168 1131 1218 1161 est
1235 1131 1346 1161 totum
1365 1123 1516 1170 Madvig

182 1176 272 1210 Adv.
294 1175 343 1208 ΠΙ
366 1188 401 1219 p.
425 1179 508 1217 187,
547 1174 689 1218 Tyrrell
726 1175 787 1217 <ad
812 1186 847 1218 p.
871 1178 947 1208 151.
969 1176 1044 1218 24),
1083 1174 1151 1208 Sed
1186 1177 1298 1208 totum
1334 1177 1375 1207 ut
1405 1172 1515 1216 vulg,

183 1234 264 1256 cum
291 1232 395 1256 eruce
415 1222 509 1255 Boot
527 1221 627 1266 prob.
650 1221 816 1265 Madvigi
836 1221 1000 1263 coniect,
1023 1221 1279 1264 perspexerint,
1305 1220 1377 1261 secl,
1403 1223 1515 1254 totum

182 1274 222 1303 ut
235 1269 407 1303 Wesenb.
423 1289 467 1293 —
482 1271 525 1301 29
544 1269 702 1302 Tulliam
716 1272 747 1302 te
759 1269 925 1313 flaqitare
939 1267 1031 1302 coni.
1046 1267 1230 1310 Wesenb.,
1246 1266 1286 1301 O.
1298 1266 1337 1300 E.
1349 1265 1516 1300 Schmidt

182 1315 360 1350 Fleckeis.
378 1314 498 1349 annal.
517 1318 604 1349 1897
625 1327 659 1359 p.
675 1318 753 1357 897,
779 1318 810 1349 te
828 1315 994 1359 fla9¹itare
1014 1313 1099 1357 CW,
1121 1325 1203 1348 cum
1224 1323 1328 1347 cruce
1348 1312 1459 1356 Wes.,
1485 1317 1517 1347 et

181 1363 347 1407 flaqitare
373 1362 438 1404 Ml,
465 1362 666 1407 efflayitare
684 1361 749 1403 M2,
776 1365 807 1395 te
831 1361 994 1406 flayitari
1017 1361 1195 1402 Lambin.,
1220 1359 1328 1401 Bait,
1359 1359 1517 1393 Tulliam

181 1410 348 1454 flagitare
372 1409 471 1451 Mal,
501 1409 552 1451 T.,
578 1408 600 1442 i.
615 1419 644 1442 e.
669 1409 837 1451 Tulliam,
864 1409 1064 1452 efflaqitare
1085 1407 1161 1450 alii,
1187 1408 1291 1449 Boot,
1318 1406 1420 1450 Tyrr.
1461 1404 1513 1440 Cf.

185 1460 262 1491 110.
284 1460 336 1490 19.
369 1477 414 1480 —
447 1459 489 1489 32
506 1467 557 1498 sq.
579 1460 730 1498 tempore
761 1456 822 1489 isti
852 1454 895 1489 H.
917 1455 958 1488 A.
980 1455 1082 1488 Koch
1114 1465 1235 1499 progr.
1256 1453 1397 1487 Putbus
1425 1456 1514 1487 1857

182 1515 216 1547 p.
235 1507 288 1545 17,
308 1502 445 1545 Baiter,
465 1502 569 1544 Boot,
590 1501 743 1545 Tyrrell,
763 1502 929 1545 temporis
947 1506 978 1536 te
998 1501 1113 1544 M1W,
1135 1512 1218 1535 euin
1238 1511 1343 1535 cruce
1362 1499 1514 1533 Wesen-

182 1550 283 1594 berg,
310 1550 476 1593 temporis
499 1550 555 1583 tui
574 1548 638 1583 M2.
677 1548 719 1583 V.
735 1548 866 1582 Philol.
881 1548 964 1581 XIX
986 1552 1074 1582 1862
1100 1560 1135 1592 p.
1152 1551 1228 1582 327.
1273 1549 1284 1592 Η
1327 1547 1373 1582 Ρ.
1388 1546 1478 1581 332.
1495 1550 1514 1580 3

182 1596 350 1631 viderint
381 1595 546 1638 Corrad,
578 1595 721 1637 Baiter,
753 1594 912 1639 TyrreH,
944 1596 1111 1629 videraut
1135 1595 1173 1628 M
1204 1594 1266 1637 (ad
1289 1605 1324 1638 p.
1346 1597 1424 1627 268.
1446 1595 1515 1637 21),

181 1644 290 1678 vider.
306 1654 368 1685 me,
382 1643 405 1677 i.
422 1653 463 1685 e.,
478 1644 520 1676 ut
533 1642 671 1686 opinor,
692 1642 857 1684 viderint,
877 1640 936 1684 W,
947 1642 1115 1676 videbunt
1129 1641 1316 1682 Graevius,
1331 1639 1515 1682 Wesenb.,

181 1691 285 1724 Boot.
300 1711 345 1714 —
361 1693 402 1722 12
423 1701 454 1724 V.
477 1688 516 1723 O.
537 1689 577 1723 E.
599 1688 767 1722 Schmidt
795 1688 880 1722 ‘Der
905 1688 1177 1722 Briefwechsel'
1199 1699 1233 1731 p.
1249 1691 1327 1729 214,
1354 1686 1413 1720 VI
1427 1687 1513 1720 Kal.

181 1737 319 1779 Baiter,
346 1735 530 1777 WVesenb„
563 1736 754 1770 December
778 1738 827 1770 25
851 1735 993 1779 Tyr-rell
1019 1746 1073 1779 ep.
1096 1738 1180 1776 3223
1206 1746 1236 1768 V.
1256 1746 1291 1778 p.
1313 1737 1390 1767 333.
1411 1736 1442 1767 4.
1470 1754 1514 1758 —

184 1788 226 1818 16
240 1784 521 1827 imprudentiam
534 1782 785 1826 imprudenter
799 1781 1032 1826 Peerlkampi
1046 1781 1188 1815 monitu
1202 1781 1304 1814 Boot.
1332 1779 1374 1814 V.
1391 1779 1515 1813 Stern—

181 1830 275 1874 kopf
296 1840 416 1874 progr.
436 1829 575 1863 Dortm.
599 1833 685 1863 1891
713 1841 747 1873 p.
770 1832 824 1863 30.
857 1850 901 1853 —
933 1833 975 1862 25
1002 1829 1206 1873 7²Furuius
1231 1827 1325 1860 Boot
1353 1827 1516 1871 ‘propter

183 1888 400 1911 consensum
424 1876 618 1919 librorum,
651 1878 688 1909 et
713 1876 812 1918 quod
836 1886 892 1909 res
918 1875 1060 1909 incerta
1086 1875 1168 1909 est’.
1213 1873 1362 1907 Dubito.
1389 1894 1435 1898 ——
1471 1877 1513 1907 33

183 1924 402 1967 loqueretur,
432 1923 579 1966 ‘nefaria
611 1923 787 1967 quaedam
818 1923 866 1956 acl
890 1933 942 1956 me
968 1922 1049 1956 edd.
1094 1923 1106 1966 ΙΙ
1147 1921 1193 1955 P.
1215 1920 1305 1964 333.
1326 1924 1347 1954 4
1373 1920 1516 1954 dandas

181 1972 266 2014 post
294 1971 429 2004 litteras
455 1970 539 2004 add.
560 1969 603 2004 H.
619 1969 660 2004 A.
676 1969 778 2002 Koch
808 1979 928 2012 progr.
945 1969 1107 2002 Portens.
1125 1971 1214 2001 1868
1240 1979 1274 2011 p.
1291 1971 1334 2000 29
1360 1966 1513 2010 probab.

182 2037 227 2041 —-
264 2016 314 2050 Ib.
339 2017 451 2050 XIII
477 2016 515 2051 O.
537 2016 576 2050 E.
599 2015 766 2050 Schmidt
802 2015 888 2048 ‘Der
913 2015 1073 2048 Briefw.’
1108 2026 1142 2058 p.
1165 2018 1250 2057 214,
1284 2014 1388 2047 XVI
1416 2013 1515 2057 MW,

188 2063 247 2096 VI
261 2063 428 2106 Malasp.,
450 2063 544 2106 edd,
566 2063 651 2096 XII
671 2061 871 2106 Sternkopf
886 2072 1007 2105 progr.
1022 2061 1228 2094 Dortmund
1250 2064 1337 2094 1891
1359 2073 1394 2104 p.
1408 2064 1451 2094 29
1461 2071 1513 2103 sq.

182 2130 227 2133 —
250 2114 290 2142 11
312 2110 438 2143 Vatini
453 2109 655 2154 Sternkopf
669 2109 724 2143 11.
745 2112 832 2153 p.31
855 2110 934 2151 (aut
947 2109 1216 2151 intempestiva),
1239 2106 1277 2142 O.
1293 2107 1332 2141 E.
1350 2107 1516 2141 Schmidt

182 2168 215 2199 p.
238 2159 316 2196 215,
345 2156 573 2191 benivolentie
592 2157 761 2190 ualiceret
779 2155 845 2197 Ml,
867 2155 1119 2189 benivolentiae
1138 2166 1210 2198 qua
1232 2155 1348 2189 liceret
1361 2153 1420 2197 W,
1440 2155 1514 2188 beu.

182 2207 247 2236 tua
268 2203 321 2236 lie.
337 2202 402 2243 ΜΞ,
430 2203 510 2237 edd.
532 2225 577 2228 —
600 2207 640 2236 16
661 2204 710 2237 In
729 2203 804 2236 dies
828 2201 966 2245 ‘aptius
987 2211 1076 2243 esse,
1098 2212 1209 2244 quam
1229 2202 1396 2245 quotidie,
1417 2200 1513 2243 quod

183 2249 227 2281 de
261 2248 469 2282 coniectura
502 2250 638 2291 editur,
672 2261 785 2292 quum
809 2248 847 2282 in
874 2248 950 2282 cod.
972 2249 1119 2282 tantum
1144 2247 1193 2281 sit
1217 2248 1290 2289 die,
1325 2258 1345 2281 a
1370 2246 1515 2280 Klotzio

182 2296 279 2329 recte
313 2295 547 2329 observatum
579 2297 648 2330 est’
682 2297 792 2339 Boot,
825 2294 925 2339 Tyrr.
948 2305 1003 2339 ep.
1024 2298 1091 2328 423
1125 2305 1238 2328 eausa
1269 2305 1342 2328 non
1374 2293 1514 2329 addita.
