1665 2553
352 606 428 659 M.
462 605 715 658 TULLI
750 604 1200 659 CICERONIS

277 712 789 759 EPISTULARUM
826 711 916 758 AD
954 712 1276 760 ATTICUM

516 814 690 856 LIBER
724 813 1042 856 SECUNDUS.

763 1013 793 1055 Ι.

71 1102 87 1128 5
431 1094 505 1130 Ser.
534 1095 670 1130 Romae
695 1107 739 1129 m.
765 1096 851 1129 Iun.
879 1107 911 1129 a.
941 1098 1011 1130 694
1030 1098 1130 1139 (60).

532 1175 700 1211 CICERO
728 1175 900 1212 ATTICO
927 1177 1024 1211 SAL.

196 1248 287 1291 Kal.
309 1248 443 1290 Iuniis
470 1250 589 1290 eunti
614 1249 720 1290 mihi
739 1248 919 1290 Antium
945 1252 986 1290 et
1007 1249 1261 1303 gladiatores
1289 1249 1345 1290 M.
1366 1249 1451 1290 Me·
1479 1261 1496 1290 1

108 1308 199 1348 telli
241 1308 390 1361 cupide
430 1308 688 1362 relinquenti
729 1308 845 1349 venit
881 1308 1050 1349 obviam
1091 1310 1190 1349 tuus
1232 1322 1347 1362 puer.
1408 1307 1450 1349 Is

108 1366 214 1407 mihi
245 1367 412 1407 litteras
447 1367 521 1407 abs
554 1370 597 1408 te
635 1369 677 1407 et
709 1367 1059 1407 commentarium
1091 1367 1336 1407 consulatus
1369 1367 1451 1408 mei

55 1443 89 1467 ιο
110 1423 267 1466 Graece
309 1425 514 1478 scriptum
553 1425 744 1466 reddidit.
811 1424 863 1466 In
904 1440 986 1479 quo
1030 1426 1212 1466 laetatus
1255 1440 1348 1466 sum
1384 1440 1452 1467 me

110 1483 327 1537 aliquanto
362 1487 459 1524 ante
497 1484 546 1524 de
586 1484 718 1524 isdem
758 1484 885 1525 rebus
919 1483 1075 1525 Graece
1112 1484 1215 1525 item
1246 1485 1452 1538 scriptum

109 1542 268 1582 librum
302 1541 348 1583 L.
383 1541 577 1583 Cossinio
618 1543 669 1583 ad
706 1545 748 1583 te
786 1543 1085 1596 perferundum
1123 1543 1301 1598 dedisse3
1341 1558 1452 1597 nam,

112 1601 148 1641 si
180 1614 257 1655 ego
290 1604 411 1641 tuum
445 1603 542 1641 ante
578 1601 795 1656 legissem,
836 1602 1025 1642 furatum
1064 1616 1131 1642 me
1168 1601 1243 1642 abs
1281 1604 1324 1642 te
1362 1616 1451 1642 esse

112 1659 281 1700 diceres.
334 1659 599 1713 Quamquam
630 1663 703 1700 tua
734 1660 809 1700 illa
831 1658 934 1715 (legi
959 1660 1071 1700 enim
1096 1658 1297 1716 libenter)
1318 1659 1452 1700 horri-

58 1734 91 1759 15
112 1718 211 1758 dula
242 1718 347 1758 mihi
380 1721 507 1772 atque
538 1718 753 1772 incompta
784 1718 875 1759 visa
908 1721 1024 1772 sunt,
1057 1718 1129 1758 sed
1160 1721 1302 1759 tamen
1333 1721 1451 1758 erant

112 1779 262 1817 ornata
300 1776 382 1817 hoc
422 1776 533 1830 ipso,
576 1777 689 1830 quod
721 1779 968 1817 ornamenta
998 1776 1292 1831 neglexerant,
1332 1779 1373 1817 et
1404 1780 1452 1816 ut

111 1835 308 1875 mulieres
340 1835 433 1876 ideo
467 1835 572 1875 bene
605 1835 734 1889 olere,
767 1835 866 1888 quia
896 1834 1006 1875 nihil
1037 1835 1225 1884 olebant,
1257 1835 1452 1875 videban-

111 1895 192 1933 tur.
253 1892 374 1934 Meus
416 1896 558 1934 autem
597 1893 706 1934 liber
749 1896 889 1934 totum
926 1892 1104 1934 Isocrati
1143 1893 1453 1947 myrothecium

113 1953 239 2005 atque
272 1966 415 1993 omnes
455 1952 543 1992 eius
582 1952 886 2005 discipulorum
927 1952 1089 1992 arculas
1132 1966 1178 1992 ac
1217 1966 1305 1992 non
1344 1952 1453 1992 nihil

58 2027 93 2050 20
114 2010 242 2050 etiam
267 2010 518 2052 Aristotelia
544 2011 762 2064 pigmenta
788 2011 1061 2064 consumpsit.
1114 2009 1248 2058 Quem
1278 2013 1326 2050 tu
1353 2009 1453 2051 Cor-

113 2082 247 2122 cyrae,
278 2071 326 2109 ut
357 2069 463 2109 mihi
488 2069 583 2110 aliis
609 2069 765 2110 litteris
788 2069 1014 2123 significas,
1046 2068 1230 2109 strictim
1255 2069 1453 2124 attigisti,

112 2129 211 2180 post
243 2129 400 2181 autem,
438 2130 486 2168 ut
518 2127 722 2182 arbitror,
761 2143 783 2168 a
817 2126 1011 2168 Cossinio
1046 2127 1254 2180 accepisti.
1319 2127 1453 2176 Quem

113 2185 195 2225 tibi
227 2198 304 2239 ego
336 2199 424 2226 non
455 2200 587 2227 essem
619 2201 746 2227 ausus
785 2186 971 2240 mittere,
1008 2185 1093 2226 nisi
1131 2200 1226 2226 eum
1262 2185 1375 2227 lente
1407 2200 1453 2227 ac

112 2243 332 2284 fastidiose
357 2244 659 2297 probavissem.
710 2244 976 2298 Quamquam
1003 2244 1053 2284 ad
1078 2259 1145 2285 me
1172 2244 1342 2298 scripsit
1368 2245 1449 2285 iam
1479 2256 1497 2285 2

60 2318 94 2343 25
112 2300 264 2343 Rhodo
305 2301 556 2344 Posidonius
601 2317 663 2358 se,
704 2306 901 2343 nostrum
941 2302 1047 2342 illud
1086 2303 1323 2357 ὑπόμνημα
1362 2317 1454 2344 cum
