1665 2553
672 91 710 125 P.
733 93 927 125 190—197.
1393 91 1473 125 LIX

123 185 302 230 scripsisti
325 184 391 203 *³⁸*
418 184 674 218 Lehmannum
706 186 852 218 secutus
887 184 1140 228 suspicantem
1170 184 1240 219 Sed
1271 185 1323 227 (at
1347 183 1469 217 Herm.

127 236 218 267 1880
256 244 291 276 p.
320 233 401 276 353)
434 233 649 276 priusquam
688 231 845 276 perisse,
885 242 1111 275 quamquam
1144 231 1245 265 idem
1281 230 1471 264 Lehmann

126 279 315 324 improbat
342 278 569 313 ‘Zeitschrift
596 278 620 312 f.
644 278 676 312 d.
700 278 833 312 G.-W.’
857 281 948 312 1884
973 290 1007 323 p.
1038 282 1081 312 10
1109 280 1145 312 et
1170 277 1336 319 Quaestt.
1363 289 1398 322 p.
1429 281 1470 311 72

127 326 171 361 cf.
199 338 234 371 p.
257 329 310 360 33.
339 330 380 360 21
417 327 454 359 et
487 329 542 360 26.
570 346 614 350 -
648 330 688 359 11
721 326 785 360 hoc
815 329 966 369 tempore
999 337 1016 359 6
1041 325 1132 367 le,
1159 324 1345 368 Wesenb.,
1377 324 1469 358 Leh-

125 384 249 416 mann,
277 384 345 407 om.
373 372 518 416 reliqui.
546 393 590 397 -—
619 376 660 406 16
687 373 775 406 mihi
800 373 875 416 ipse
922 371 1030 415 NOP,
1056 372 1258 414 Lehmann,
1284 372 1359 416 ipse
1382 372 1472 406 mihi

125 420 224 464 vulg.
251 441 297 445 -—
323 424 364 453 21
387 420 630 463 serpirastris
650 418 777 462 OPMs,
807 419 976 453 Wesenb.
1021 423 1032 462 ΙΙ
1075 420 1121 454 Ρ.
1143 419 1233 453 195.
1256 422 1272 452 1
1302 420 1340 453 et
1365 422 1384 452 9
1406 419 1469 452 Pi-

128 479 315 510 raeeum,
343 470 385 500 13
406 467 580 500 Piraeeo
601 476 622 499 a
642 466 825 509 Terentio,
855 469 896 499 18
918 467 1120 501 Piraeeus
1140 466 1252 507 Wes„
1270 467 1414 510 pireum
1434 467 1472 499 et

125 515 251 558 pireus
271 514 375 548 codd.
403 513 461 547 Ad
475 525 508 557 p.
527 517 603 547 121.
620 517 673 547 27.
696 534 741 538 —
762 517 780 546 2
796 513 999 547 addiderim
1017 514 1063 547 in
1083 513 1128 554 N,
1156 513 1248 547 coni.
1277 512 1363 546 Otto
1377 524 1468 546 mus.

124 561 242 595 Rhen.
257 564 346 595 1886
365 572 399 604 p.
420 564 498 603 369,
513 560 650 603 Lehm,
665 561 705 594 in
725 561 819 604 quod
837 560 986 603 Bueeh.,
1007 571 1098 594 recc.
1115 560 1209 603 edd,
1230 561 1290 594 cai
1308 562 1472 604 (propter

128 608 288 643 addendi
312 608 474 650 verbum,
509 607 629 651 credo)
656 608 750 651 quod
775 607 858 641 add.
885 607 951 649 M1,
979 619 1086 651 quam
1111 608 1205 651 quod
1231 619 1263 641 α.
1285 607 1350 640 M2.
1378 628 1423 631 —
1450 610 1469 640 3

127 655 256 689 malim
288 655 384 689 Etsi
409 659 527 689 tamen
557 656 600 688 ut
623 666 658 697 p.
675 657 752 688 388.
781 657 835 688 24.
862 675 908 679 -—
932 658 954 688 4
974 665 1093 688 noenu
1119 665 1136 688 e
1163 654 1219 687 M2
1246 656 1349 698 (omen
1370 653 1439 687 del.
1455 664 1472 688 e

127 702 215 746 M¹s)
242 701 394 746 Tyri-eli.
426 722 471 726 ——
497 705 516 734 5
543 712 581 735 eo
607 700 672 742 M3,
699 700 884 743 VVesenb„
910 700 1015 743 Boot,
1042 700 1196 745 Tyrrell,
1222 712 1280 735 reo
1305 699 1460 734 ΝΟΡΜ1

126 760 165 784 re
192 749 236 783 ‘xm
248 760 275 782 6.
304 751 341 782 et
369 748 425 782 ita
450 748 620 791 L‹‘mg0)’,
652 747 796 790 Baiter,
828 748 1028 782 Lehmann.
1056 769 1101 772 —
1133 751 1152 781 9
1170 775 1341 782 ........
1368 758 1472 781 mane

127 800 169 831 ut
193 797 236 830 e'ae
256 800 367 839 portu
391 796 432 829 in
458 796 631 829 Piraeum
656 794 825 828 Ribbeck
859 806 949 829 com.
977 794 1080 829 Caec.
1109 794 1192 828 Stat
1234 794 1328 829 XIV.
1356 815 1401 819 ——
1428 798 1470 827 13

128 843 263 877 coimus
295 842 361 885 (sic
387 843 452 875 aut
477 853 552 876 com
583 842 700 883 Unus,
735 853 843 885 quum
869 844 935 876 aut
959 853 1038 876 clem
1064 843 1158 876 imus
1184 842 1301 885 codd.)
1333 841 1470 883 Baiter,

129 889 266 931 Lehm.,
293 888 445 933 Tyr-rell.
462 909 506 913 —
526 892 570 921 25
591 889 650 922 ille
677 890 762 922 ante
782 893 917 932 repetat
943 889 1026 922 add.
1048 888 1206 930 Ernesti,
1232 888 1406 922 1176361111.
1427 909 1472 912 -

129 940 174 970 30
200 937 335 970 curari
359 935 426 978 M2,
452 937 494 969 ut
512 935 659 969 videtur
684 936 840 979 Ceut-are
866 935 934 968 MD
963 936 1113 979 Baiter),
1139 935 1277 978 Baiter,
1297 935 1470 968 WVesenb.

128 983 232 1016 haud
253 983 328 1016 scio
349 993 396 1015 an
415 984 525 1016 recte.
564 982 623 1015 Ad
640 994 675 1026 p.
699 986 752 1016 57.
775 986 828 1016 28.
850 1003 895 1006 —
915 986 956 1015 31
989 982 1085 1027 Quid
1105 982 1265 1024 Con—ad„
1285 981 1472 1024 Wesenb,

128 1030 238 1072 Boot,
270 1029 428 1073 Tyrrell,
461 1029 667 1071 Lehmann,
700 1030 763 1073 qui
795 1029 898 1063 codd.
932 1028 990 1073 (cf.
1016 1032 1151 1073 11228.
1179 1032 1224 1073 4),
1260 1029 1362 1073 Quod
1388 1028 1472 1063 Cra-

130 1077 280 1118 tander,
307 1076 444 1110 Baiter.
495 1076 553 1109 Ad
577 1088 612 1120 p.
641 1079 718 1109 112.
746 1080 799 1109 22.
833 1097 878 1100 -
904 1079 947 1109 33
974 1077 1107 1121 [satis]
1132 1076 1276 1119 Baiter,
1310 1077 1400 1110 satis
1424 1080 1474 1110 est
1495 1082 1503 1085 ’

128 1123 314 1165 Wesenb.,
341 1123 450 1165 Boot,
478 1122 637 1166 Tyri-eli,
674 1124 763 1157 scetis
794 1123 984 1167 dignitatis
1016 1122 1216 1157 Lehmann.
1250 1144 1295 1147 —
1321 1126 1365 1156 34
1391 1134 1471 1166 ape-

128 1171 325 1205 ruerimus
344 1169 487 1213 Tyrrell
512 1171 555 1214 (v.
582 1169 772 1203 Hermath.
792 1169 860 1203 VII
887 1173 977 1204 1890
996 1182 1039 1214 p.v
1053 1174 1095 1203 41
1113 1172 1191 1213 sq),
1219 1170 1473 1213 appetierinms

129 1217 350 1259 Mommsen,
388 1217 531 1259 Baiter,
564 1216 676 1259 Wes.,
702 1217 765 1260 qui
789 1227 854 1251 nos
879 1217 1096 1261 appetierint
1122 1216 1236 1250 Goetz
1263 1217 1337 1250 ind.
1360 1216 1471 1250 schol.

128 1265 203 1298 Ien.
225 1266 315 1298 aest.
337 1267 427 1298 1883
453 1276 487 1308 p.
508 1267 530 1297 4
545 1275 596 1306 sq.
622 1263 776 1307 probab.
803 1285 848 1288 —
874 1267 917 1297 35
936 1265 1095 1307 facerent
1112 1263 1239 1306 N01P,
1259 1263 1472 1302 Mommsen,

129 1311 268 1354 Baiter,
293 1311 396 1352 Boot,
422 1310 623 1353 Lehmann,
649 1322 721 1344 rem
746 1322 798 1344 me
821 1311 939 1353 facere
963 1315 1088 1345 rentur
1107 1310 1292 1352 Wesenb„
1319 1310 1472 1354 TyrreH,

129 1358 191 1392 hic
217 1357 309 1392 coni.
330 1362 502 1399 verentur,
522 1369 621 1392 reum
640 1369 693 1392 me
710 1358 828 1400 facere
847 1362 1054 1402 cogerentur
1079 1357 1136 1391 Fr.
1158 1357 1325 1391 Schmidt
1349 1368 1469 1401 progr.

130 1404 296 1438 Norimb.
319 1408 408 1438 1879
429 1416 463 1448 p.
485 1408 539 1438 27.
573 1406 584 1448 Η
615 1404 659 1438 P.
682 1404 772 1439 196.
795 1408 812 1438 1
833 1405 941 1447 ferret
966 1405 1064 1446 Ant,
1086 1403 1205 1447 Card,
1227 1403 1313 1447 O1P,
1333 1404 1469 1445 Baiter,

130 1452 241 1494 Boot,
278 1451 478 1492 Lehmann,
512 1451 632 1493 offeret
656 1451 723 1485 ΜΞ.
750 1472 795 1476 -
821 1455 841 1485 6
867 1463 897 1485 v,
920 1451 958 1485 O.
981 1451 1020 1485 E.
1049 1451 1216 1485 Schmidt
1243 1451 1331 1485 ‘Der
1355 1450 1469 1485 Brief-

128 1497 304 1532 wechsel’
333 1510 366 1542 p.
390 1501 445 1540 94,
467 1498 540 1532 Sor.
561 1499 675 1532 medio
694 1509 808 1532 ¹mense
826 1498 914 1533 Dec.
934 1498 1072 1540 Baiter,
1094 1498 1278 1541 Wesenb„
1305 1498 1365 1532 hic
1386 1498 1469 1531 add.

125 1550 209 1589 post
226 1545 323 1579 IIII
336 1545 392 1578 Id.
420 1565 464 1569 —-
491 1548 533 1577 11
554 1549 630 1578 tum
648 1549 865 1588 sanctum,
886 1546 1035 1589 plenum
1054 1545 1110 1578 Μ2
1135 1545 1203 1589 (Ml
1217 1549 1379 1579 sanctum
1404 1556 1470 1588 pro

130 1596 206 1626 tum
229 1603 332 1633 sane,
361 1591 409 1624 ad
433 1603 468 1635 p.
489 1595 543 1625 24,
567 1593 611 1635 8),
632 1591 774 1635 Tyrrell
794 1602 848 1636 ep.
871 1595 948 1626 295.
970 1613 1015 1617 —
1036 1596 1079 1626 12
1099 1597 1140 1626 ut
1160 1593 1245 1625 ante
1266 1592 1468 1626 libertinam

130 1638 216 1673 add.
243 1638 420 1681 Bouhier,
447 1637 637 1681 VVesenb„
663 1638 758 1672 Boot
787 1638 945 1672 fortasse
978 1650 1051 1672 non
1082 1649 1263 1673 necessat.
1290 1660 1335 1663 —
1363 1642 1404 1672 19
1430 1639 1470 1672 in

130 1686 196 1720 hoc
228 1686 398 1720 iudicio
432 1689 469 1719 et
499 1686 618 1727 officio
647 1685 714 1728 ‘A.,
745 1685 860 1727 IacL',
887 1685 1060 1720 Wesenb.
1098 1707 1144 1711 —
1181 1690 1224 1719 26
1261 1690 1297 1720 et
1328 1685 1470 1719 Balbus

130 1731 282 1776 Madvig
295 1732 384 1765 Adv.
406 1732 439 1765 Π
451 1743 486 1775 p.
507 1735 586 1773 236,
601 1732 705 1773 Boot,
720 1732 872 1776 Tyrrell.
905 1734 916 1777 ΙΙ
947 1733 992 1767 Ρ.
1008 1732 1097 1767 197.
1113 1736 1132 1766 2
1148 1745 1177 1766 V.
1194 1731 1232 1766 O.
1248 1732 1287 1766 E.
1304 1731 1470 1765 Schmidt

134 1778 222 1813 ‘Der
235 1778 509 1812 Briefwechsel’
525 1790 560 1822 p.
584 1782 660 1821 101,
677 1779 750 1813 Scr.
772 1780 885 1813 medio
899 1791 1013 1814 mense
1027 1780 1113 1813 Dec.
1128 1779 1266 1820 Baiter,
1282 1778 1468 1821 Wesenb.,

130 1825 193 1859 hic
225 1825 308 1859 add.
339 1830 420 1869 post
443 1826 539 1859 IIII
558 1826 615 1860 Id.
643 1847 688 1850 —
720 1829 761 1859 15
795 1826 974 1861 Imsccm'o
1006 1826 1156 1868 Victor,
1188 1825 1331 1867 Baiter,
1364 1826 1467 1868 Boot,

131 1871 275 1916 Tyrrell
309 1882 365 1916 ep.
395 1876 474 1915 296,
500 1872 682 1917 L‘nsyenio
713 1872 761 1914 M,
799 1884 880 1906 cum
918 1884 1024 1907 cruce
1056 1872 1243 1914 Wesenb,
1278 1872 1467 1915 Luscieno,

130 1919 303 1961 Lucieno,
331 1919 504 1953 Tuscenio
525 1919 599 1952 alii.
621 1940 666 1944 —
686 1923 727 1952 21
750 1920 981 1964 Pomptinam
999 1931 1173 1954 summam
1191 1919 1295 1961 Boot,
1315 1919 1468 1962 Τῇ-1611,

125 1966 345 2008 pomitinum
374 1976 468 2000 corr.
495 1965 534 1999 in
561 1967 753 2009 pontinum
778 1978 953 2001 suttonam
978 1967 1031 2009 M,
1072 1966 1306 2009 Pomptinum
1331 1977 1469 2001 sumam

131 2011 269 2055 Baiter,
295 2013 527 2056 Pomptinum
551 2013 574 2057 †
592 2024 765 2047 summam
785 2013 958 2047 Wesenb.
985 2034 1031 2038 —-
1057 2017 1100 2046 22
1126 2013 1166 2045 in
1193 2012 1277 2046 add.
1303 2012 1398 2046 Boot
1423 2014 1466 2057 (v.

133 2057 279 2093 observ.
298 2071 333 2102 p.
355 2061 423 2103 51),
450 2070 518 2093 om.
544 2059 689 2102 reliqui.
740 2060 798 2093 Ad
823 2072 857 2104 p.
886 2063 939 2094 17.
961 2063 1016 2093 27.
1043 2080 1088 2083 -
1115 2062 1157 2092 25
1179 2063 1374 2103 putantur
1400 2071 1466 2094 scr.

131 2116 224 2139 mus.
250 2105 364 2139 Rhen.
393 2109 482 2139 1898
507 2118 542 2150 p.
571 2110 648 2149 125,
671 2111 806 2150 putant
830 2107 883 2150 M,
909 2107 1020 2149 Boot,
1048 2117 1131 2139 cum
1157 2116 1262 2140 cruce
1294 2106 1466 2141 Wesenb.

133 2151 224 2185 coni.
241 2156 424 2195 putaram,
434 2153 565 2196 putam·
583 2152 735 2196 Manut,
750 2153 887 2195 Baiter,
903 2157 1057 2197 putatur
1071 2152 1224 2196 Tyrress.
1263 2152 1316 2187 Cf.
1336 2165 1372 2198 p.
1389 2157 1465 2188 199.

133 2201 177 2231 34
192 2209 282 2241 sqq.,
309 2202 363 2232 59.
386 2202 440 2242 26,
467 2203 545 2233 223,
567 2203 598 2241 9,
627 2203 703 2234 257.
728 2204 781 2242 18,
810 2203 886 2233 109.
908 2203 964 2242 28,
991 2203 1069 2234 216.
1092 2203 1122 2233 1.
1149 2220 1194 2224 -
1220 2203 1263 2233 28
1290 2202 1469 2245 tyrannis

129 2244 229 2287 IacL,
256 2244 428 2279 Wesenb.
460 2266 505 2270 —
536 2250 579 2280 36
605 2248 753 2281 senties
783 2246 968 2288 Wesenb„
1007 2245 1166 2290 Tyn-eil,
1204 2247 1313 2282 sentis
1351 2247 1467 2290 codd,

130 2291 274 2334 Baiter,
300 2291 410 2334 Boot,
436 2302 522 2325 nam
545 2293 698 2327 ‘Sentz're
723 2292 848 2327 Cicero
875 2293 1022 2336 saepius
1048 2293 1205 2337 posuit',
1233 2293 1366 2337 inquit,
1399 2294 1468 2327 ‘iu-
