1665 2553
276 79 617 114 EPISTULARUM
639 80 704 114 AD
730 79 946 115 ATTICUM
971 80 1038 114 VH
1066 84 1120 124 13,
1149 84 1191 114 13
1204 91 1235 115 a.
1341 80 1425 121 209

87 176 198 218 enim
230 176 283 217 ad
318 173 423 232 me),
461 176 563 230 quid
603 176 787 231 faciatis,
824 175 1050 217 videndum
1090 179 1164 217 est.
1234 175 1275 217 Is
1316 176 1427 216 enim

87 234 285 289 splendor
323 237 388 276 est
424 237 632 289 vestrum,
669 237 717 275 ut
759 235 901 276 eadem
938 235 1209 289 postulentur
1248 250 1271 275 a
1305 234 1425 275 vobis

87 307 194 348 quae
232 293 283 334 ab
317 293 592 348 amplissimis
626 293 801 335 civibus.
865 293 947 335 Sed
980 293 1029 334 de
1060 293 1141 335 hoc
1173 296 1220 334 tu
1252 293 1427 347 videbis,

88 352 244 407 quippe
282 366 376 393 cum
415 352 464 393 de
502 366 568 393 me
612 353 705 406 ipso
751 366 799 393 ac
842 353 891 393 de
935 353 1039 393 meis
1082 355 1124 394 te
1162 351 1427 393 considerare

53 426 68 452 5
88 411 225 452 velim.

175 469 403 523 Reliquum
444 472 526 525 est,
563 472 628 524 ut,
670 472 711 510 et
743 470 844 524 quid
875 472 1045 525 agatur,
1085 470 1224 524 quoad
1255 470 1427 524 poteris,
1452 481 1473 511 4

90 528 281 582 explores
313 528 558 582 scribasque
591 528 642 569 ad
672 543 750 584 me,
783 532 824 569 et
856 528 957 583 quid
982 528 1073 583 ipse
1099 529 1339 569 coniectura
1365 543 1427 570 as-

90 601 281 641 sequare3
323 587 436 641 quod
468 587 595 628 etiam
627 602 651 628 a
681 590 723 628 te
755 588 889 642 magis
923 589 1128 641 exspecto.
1190 586 1302 628 Nam
1335 589 1427 628 acta

90 646 285 686 omnibus
322 646 622 687 nuntiantibus
661 661 684 686 a
714 649 756 687 te
790 648 986 700 exspecto
1018 646 1174 686 futura.
1239 647 1426 694 εΜάντις

37 720 70 745 10
91 703 127 746 δ’
164 706 339 760 ἄριστος
377 703 460 745 ——'.
522 703 792 758 Loquacitati
824 704 1029 759 ignosceS‚
1063 718 1170 758 quae
1201 707 1243 745 et
1274 719 1341 745 me
1371 704 1427 746 le-

89 765 161 804 vat
204 763 255 804 ad
299 766 340 803 te
386 763 555 817 quidem
594 763 846 804 scribentem
886 766 927 803 et
965 762 1078 804 elicit
1115 767 1210 804 tuas
1247 762 1425 804 litteras.

89 821 297 877 Aenigma
330 820 584 876 [Oppiorum
616 837 665 863 ex
690 821 830 876 Velia]
863 822 987 876 plane
1012 836 1099 863 non
1123 821 1331 877 intellexi3
1364 824 1426 863 est
1453 833 1471 862 5

91 880 202 922 enim
240 895 413 921 numero
451 880 643 922 Platonis
678 881 908 922 obscurius.

680 997 825 1039 XIHa.

38 1085 70 1110 15
312 1077 385 1112 Ser.
408 1078 619 1112 Menturnis
650 1077 755 1112 VIII
776 1078 823 1112 K.
846 1077 950 1112 Febr.
972 1090 1004 1113 α.
1027 1080 1050 1112 '7'
1051 1080 1099 1113 05
1126 1079 1215 1122 (49).

491 1159 679 1194 CICERO
704 1159 895 1194 ATTICO
921 1159 1028 1194 SAL.

177 1230 267 1272 Iam
291 1231 483 1272 intellexi
508 1234 648 1286 tuum3
681 1231 842 1286 Oppios
870 1232 980 1272 enim
1008 1231 1056 1272 de
1081 1231 1205 1272 Velia
1231 1245 1426 1272 saccones
1455 1245 1470 1273 1
1500 1242 1538 1276 (5)

92 1290 205 1331 dicis.
266 1289 317 1331 In
355 1305 402 1331 eo
442 1291 629 1331 aestuavi
672 1290 754 1331 diu.
817 1290 906 1339 Quo
941 1294 1086 1344 aperto
1119 1291 1282 1344 reliqua
1312 1292 1427 1344 pate-

89 1348 194 1390 bant
231 1352 273 1389 et
313 1363 408 1389 cum
445 1349 665 1390 Terentiae
698 1364 861 1390 summa
893 1349 1194 1404 congruebant.
1255 1349 1300 1390 L.
1328 1348 1426 1390 Cae·
1454 1361 1471 1390 2
1499 1360 1538 1393 (6)

40 1426 73 1450 20
93 1422 230 1448 sarem
266 1407 353 1448 vidi
383 1407 622 1448 Menturnis
665 1423 698 1449 a.
727 1408 762 1449 d.
789 1420 872 1449 VIII
904 1408 997 1449 Kal.
1024 1407 1144 1449 Febr.
1176 1422 1299 1449 mane
1331 1422 1425 1449 cum

93 1466 407 1507 absurdissimis
437 1466 666 1520 mandatis,
703 1481 788 1508 non
820 1466 1046 1521 hominem,
1079 1467 1149 1507 sed
1182 1481 1328 1520 scopas
1362 1481 1425 1508 so·

90 1525 222 1579 lutas,
265 1527 312 1565 ut
351 1525 393 1565 id
433 1525 573 1578 ipsum
603 1525 710 1565 mihi
741 1525 813 1566 ille
844 1525 1036 1566 videatur
1067 1525 1270 1566 irridendi
1302 1540 1426 1566 causa

91 1583 253 1638 fecisse,
285 1583 358 1636 qui
387 1583 518 1623 tantis
551 1583 599 1624 de
630 1584 756 1624 rebus
787 1583 885 1624 huic
916 1583 1115 1624 mandata
1140 1584 1317 1638 dederit3
1342 1584 1426 1624 nisi

91 1642 202 1683 forte
244 1656 331 1682 non
373 1641 504 1696 dedit,
545 1645 586 1682 et
627 1641 697 1682 hic
735 1655 925 1683 sermone
962 1642 1103 1695 aliquo
1143 1645 1310 1696 arrepto
1348 1656 1425 1696 pro

41 1717 74 1743 25
91 1700 301 1742 mandatis
335 1700 490 1741 abusus
522 1702 596 1740 est.

180 1758 405 1813 Labienus,
435 1759 499 1799 vir
524 1773 617 1799 mea
644 1759 852 1799 sententia
878 1773 1070 1813 magnus,
1097 1758 1284 1799 Teanum
1310 1758 1425 1799 venit
1451 1771 1470 1800 3
1498 1770 1537 1804 (⁷)

96 1832 130 1858 a.
161 1817 197 1858 d.
229 1829 328 1858 VIIII
365 1816 457 1858 Kal.
519 1816 586 1857 Ibi
617 1816 866 1870 Pompeium
905 1817 1181 1870 consulesque
1219 1816 1424 1857 convenit.

97 1874 177 1923 Qui
213 1890 349 1916 sermo
386 1876 532 1930 fuerit,
570 1878 612 1916 et
650 1875 751 1929 quid
789 1878 928 1916 actum
966 1875 1039 1930 sit,
1079 1875 1259 1916 scribam
1291 1875 1342 1915 ad.
1372 1878 1425 1929 te,

98 1948 193 1974 cum
224 1937 384 1975 certum
417 1934 556 1975 sciam.
617 1933 844 1987 Pompeius
876 1949 900 1974 a
932 1933 1072 1975 Teano
1104 1933 1308 1974 Larinum
1339 1947 1426 1974 ver-

45 2009 78 2034 30
99 2006 169 2032 sus
194 1993 406 2046 profectus
432 1996 496 2034 est
522 2007 554 2033 a.
577 1992 612 2033 d.
632 2004 714 2033 VIII
738 1991 831 2033 Kal.
881 1992 946 2033 Eo
973 1992 1038 2033 die
1064 1992 1221 2033 mansit
1240 1991 1425 2033 Venafri.

97 2048 187 2091 Iam
213 2050 475 2105 aliquantum
501 2051 630 2092 animi
655 2051 820 2091 videtur
844 2051 968 2091 nobis
990 2051 1184 2091 attulisse
1204 2049 1425 2091 Labienus.

99 2106 180 2149 Sed
211 2122 288 2163 ego
318 2109 505 2150 nondum
534 2109 681 2163 habeo,
713 2109 825 2163 quod
857 2109 907 2150 ad
938 2112 980 2150 te
1012 2124 1061 2150 ex
1093 2108 1159 2149 his
1191 2108 1295 2149 locis
1329 2109 1426 2150 scri-

98 2166 213 2221 bam3
255 2167 339 2208 ista
373 2169 508 2222 magis
546 2171 760 2223 exspecto,
797 2168 899 2222 quid
929 2167 1038 2208 illim
1070 2167 1301 2221 adferatur,
1343 2182 1424 2221 quo

97 2227 220 2278 pacto
253 2225 303 2266 de
326 2224 512 2267 Labieno
544 2227 663 2281 ferat,
696 2226 795 2280 quid
827 2229 924 2280 agat
950 2225 1164 2266 Domitius
1192 2226 1238 2266 in
1262 2225 1427 2280 Marsis,

46 2298 79 2325 35
97 2282 222 2338 Iguvi
251 2283 469 2339 Thermus,
499 2284 542 2326 P.
569 2284 715 2326 Attius
748 2283 930 2339 Cinguli,
964 2299 1069 2339 quae
1102 2285 1157 2325 sit
1188 2284 1336 2338 populi
1360 2299 1427 2325 ur-

171 2358 229 2384 Cic.
251 2359 335 2390 epist.
355 2359 394 2384 11.
1176 2357 1218 2386 14
