1665 2553
320 684 395 737 M.
428 683 679 736 TULLI
713 681 1159 736 CICERONIS

247 789 752 836 EPISTULARUM
789 788 878 835 AD
917 789 1235 836 ATTIOUM

494 892 668 933 LIBER
701 890 992 933 SEPTIMUS.

729 1089 758 1131 I.

44 1180 59 1205 5
319 1169 392 1205 Ser.
414 1170 564 1205 Athenis
591 1171 717 1204 XVII
738 1170 785 1204 K.
807 1171 898 1205 Nov.
921 1182 952 1204 α.
977 1172 1045 1205 704
1073 1172 1164 1214 (50).

500 1251 667 1287 CICERO
693 1251 864 1286 ATTICO
892 1251 988 1286 SAL.

165 1324 370 1365 Dederam
414 1325 606 1379 equidem
642 1324 687 1364 L.
725 1323 894 1365 Saufeio
933 1323 1098 1364 libteras
1136 1325 1177 1364 et
1215 1323 1409 1363 dederam
1437 1334 1455 1364 1

80 1383 133 1423 ad
167 1385 210 1424 te
239 1397 387 1436 unum,
425 1383 556 1438 quod,
593 1397 687 1424 cum
723 1397 811 1423 non
844 1384 952 1423 esses:
984 1382 1187 1435 temporis
1219 1381 1326 1422 mihi
1358 1382 1411 1422 ad

81 1440 346 1482 scribendum
379 1441 494 1495 satis,
524 1444 666 1482 tamen
694 1441 909 1482 hominem
940 1440 1021 1481 tibi
1046 1443 1134 1481 tam
1159 1440 1411 1481 familiarem

28 1519 61 1542 10
82 1500 170 1540 sine
202 1499 306 1540 meis
332 1499 487 1540 litteris
520 1500 571 1540 ad
602 1503 644 1540 'ce
674 1499 816 1540 venire
841 1499 1055 1553 nolebam3
1089 1498 1172 1553 sed,
1204 1501 1251 1539 ul:
1276 1498 1411 1552 philo-

83 1558 206 1611 sophi
237 1557 467 1611 ambulant,
497 1557 574 1598 has
606 1558 686 1599 tibi
716 1558 928 1598 redditum
961 1558 1013 1598 iri
1043 1557 1249 1611 pufiabam
1279 1557 1409 1611 prius.

81 1615 157 1657 Sin
192 1616 278 1656 iam
315 1616 409 1656 illas
449 1616 664 1671 accepisti,
707 1616 787 1657 scis
824 1630 891 1657 me
921 1615 1112 1656 Athenas
1153 1616 1318 1656 venisse
1349 1630 1412 1669 pr.

78 1673 180 1715 Idus
212 1673 433 1729 Octobres,
472 1689 493 1715 e
531 1675 630 1715 navi
666 1688 882 1729 egressum
920 1674 966 1714 in
994 1673 1191 1714 Piraeum
1229 1677 1324 1714 tuas
1358 1673 1412 1714 ab

80 1733 237 1774 Acasto
280 1735 425 1774 nostro
468 1733 633 1773 litteras
671 1733 894 1787 accepisse,
938 1732 1255 1785 conturbatum,
1299 1732 1414 1785 quod

29 1808 63 1833 15
83 1805 177 1832 cum
213 1791 329 1832 febre
360 1790 541 1832 Romam
577 1791 781 1846 venisses,
823 1791 934 1831 bono
972 1793 1117 1830 tamen
1149 1790 1288 1830 animo
1323 1804 1414 1830 esse

83 1849 286 1904 coepisse,
331 1849 446 1904 quod
474 1849 656 1890 Acastus
694 1864 758 1902 ea,
799 1863 904 1902 quae
936 1848 1103 1902 vellem,
1147 1848 1197 1888 de
1231 1848 1412 1888 allevato

83 1921 257 1961 corpore
280 1911 355 1949 tuo
380 1908 608 1962 nuntiaret,
633 1907 896 1948 cohorruisse
923 1909 1062 1947 au‘cem
1089 1920 1148 1959 ec,
1175 1906 1289 1960 quod
1313 1909 1413 1947 tuae

82 1965 250 2006 litterae
282 1966 331 2006 de
360 1966 601 2021 legionibus
635 1964 824 2007 Caesaris
857 1965 1079 2019 adferrent,
1111 1967 1152 2005 ei:
1185 1965 1321 2020 egisse
1353 1967 1412 2005 te-

85 2038 197 2078 cum,
233 2027 281 2065 ut
310 2025 486 2079 videres,
524 2039 576 2065 ne
608 2024 709 2078 quid
740 2026 965 2078 φιλοτιμία
996 2023 1098 2077 eius,
1129 2037 1254 2076 quem
1286 2023 1415 2077 nosti,

33 2099 67 2124 20
84 2082 208 2123 nobis
232 2086 412 2137 noceret,
443 2086 497 2138 et,
527 2083 576 2124 de
603 2097 685 2137 quo
711 2083 795 2124 iam
820 2082 981 2136 pridem
1007 2081 1060 2122 ad
1083 2084 1125 2121 te
1153 2081 1415 2136 scripseram,

85 2140 316 2181 Turranius
347 2144 487 2182 autem
519 2155 636 2183 secus
663 2141 743 2182 tibi
772 2140 973 2181 Brundisi
1005 2139 1166 2180 dixerat]
1199 2137 1338 2195 (quod
1364 2154 1414 2180 ex

85 2199 139 2240 iis
168 2198 325 2239 litteris
357 2200 552 2255 cognovi,
590 2214 692 2254 quas
725 2215 749 2240 a
777 2198 969 2253 Xenone,
1014 2198 1174 2252 optimo
1208 2199 1313 2253 viro,
1353 2213 1417 2239 ac-

87 2257 223 2313 cepi),
248 2271 321 2298 cur
339 2257 512 2298 fratrem
537 2258 777 2312 provinciae
802 2272 886 2300 non
905 2257 1210 2311 praefecissem,
1238 2257 1418 2311 exposui
