1665 2553
200 101 289 141 470
626 101 674 135 M.
702 101 842 135 TULLI
868 100 1117 136 CICERONIS

848 254 898 295 V.

438 335 510 370 Ser.
528 335 569 368 in
599 334 802 369 Tusculano
834 334 868 369 V
889 335 938 370 K.
956 335 1040 369 Iun.
1061 346 1094 369 α.
1118 338 1187 369 710
1213 336 1302 378 (44).

604 415 794 451 CICERO
819 416 1012 452 ATTICO
1037 416 1145 452 SAL.

291 488 331 530 A
361 489 496 530 Bruto
534 489 781 529 tabellarius
819 489 960 542 rediit,
1005 488 1151 529 attulit
1195 491 1236 529 et
1274 489 1326 529 ab
1359 503 1407 529 eo
1439 490 1481 529 et
1512 503 1539 529 α

204 547 363 589 Cassio.
414 546 650 588 Consilium
675 562 814 588 meum
839 561 992 602 magno
1021 562 1145 601 opere
1172 547 1411 602 exquirunt,
1435 547 1539 588 Bru-

202 611 272 648 tus
305 606 486 660 quidem,
516 609 660 646 utrum
690 606 739 646 de
765 606 940 646 duobus.
992 604 1026 647 Ο
1052 620 1141 646 16111
1166 606 1383 646 miseram!
1415 605 1538 659 plane

201 680 287 706 non
330 665 485 720 habeo,
529 665 629 718 quid
675 665 867 705 scribam.
928 663 1077 718 Itaque
1123 664 1291 705 silentio
1329 667 1434 718 puto
1472 678 1539 704 me

202 739 391 778 usurum,
421 723 505 763 nisi
538 723 638 776 quid
670 723 783 763 aliud
814 723 895 763 tibi
926 723 1110 777 videtur,
1144 723 1210 763 sin
1240 723 1321 763 tibi
1347 722 1449 777 quid
1472 737 1539 763 ve-

201 783 266 823 nit
306 783 351 822 in
390 787 591 835 mentem,
636 782 789 836 scribe,
833 796 998 835 quaeso.
1061 780 1234 822 Cassius
1282 795 1381 822 vero
1418 781 1539 822 vehe-

202 844 364 881 menter
403 844 495 881 orat
535 855 581 881 ac
611 840 736 894 petit,
775 843 824 880 ut
854 840 1045 881 Hirtium
1077 855 1203 893 quam
1236 840 1445 893 optimum
1476 840 1538 880 fa-

203 900 321 940 ciam.
373 898 531 940 Sanum
557 899 712 953 putas?
744 899 857 951 -1-ὅτε
884 905 990 948 ναῦς
1016 900 1245 951 ἄνθρακες.
1297 898 1539 952 Epistulam

203 958 283 999 tibi
315 958 424 998 misi.

291 1016 351 1058 Ut
393 1019 441 1057 tu
486 1017 533 1056 de
577 1016 793 1070 provincia
834 1016 957 1056 Bruti
1001 1018 1044 1057 et
1086 1014 1206 1057 Cassi
1248 1029 1323 1069 per
1367 1018 1538 1057 senatus

202 1075 455 1130 consultum,
480 1076 539 1115 ita
566 1075 713 1115 scribit
740 1077 780 1115 et
806 1074 965 1115 Balbus
999 1078 1040 1115 et
1065 1074 1272 1128 †Hirtius
1301 1074 1469 1128 quidem
1495 1088 1539 1114 se

202 1135 419 1175 afuturum
453 1132 626 1188 (etenim
657 1134 741 1173 iam
774 1134 819 1174 in
851 1133 1089 1174 Tusculano
1123 1132 1205 1188 est)
1244 1133 1450 1186 mihique,
1489 1135 1537 1173 ut

203 1192 357 1246 absim,
389 1191 657 1232 vehementer
691 1194 838 1232 auctor
870 1194 944 1246 est,
986 1194 1028 1232 et
1057 1191 1127 1232 ille
1161 1191 1328 1244 quidem
1361 1191 1537 1245 periculi

203 1266 338 1303 causa,
373 1251 485 1304 quod
517 1250 599 1290 sibi
632 1250 759 1291 etiam
790 1250 921 1290 fuisse
952 1249 1070 1303 dicit,
1103 1263 1180 1303 ego
1214 1252 1369 1303 autem,
1409 1250 1537 1290 etiam

203 1312 251 1350 ut
281 1309 447 1349 nullum
479 1308 712 1362 periculum
744 1308 811 1361 sit,
843 1310 1010 1348 tantum
1042 1308 1172 1362 abest,
1202 1310 1251 1348 ut
1282 1307 1445 1348 Antoni
1472 1322 1538 1348 su-

203 1367 433 1421 spicionem
464 1368 609 1421 fugere
640 1381 750 1407 nunc
782 1381 934 1420 curem,
965 1381 1017 1407 ne
1047 1366 1189 1406 videar
1221 1366 1309 1407 eius
1343 1366 1536 1407 secundis

202 1426 327 1466 rebus
359 1440 447 1466 non
478 1426 686 1478 delectari,
716 1428 764 1465 ut
795 1425 900 1465 mihi
932 1439 1056 1466 causa
1088 1440 1135 1466 63
1161 1425 1229 1479 311,
1259 1439 1332 1465 6111
1356 1424 1537 1465 Romam
1557 1443 1572 1467 ε»

202 1484 343 1525 venire
380 1484 531 1538 nolim,
567 1498 620 1524 ne
657 1484 779 1524 illum
815 1484 990 1524 videam.
1052 1482 1188 1525 Varro
1221 1486 1362 1524 autem
1392 1486 1536 1524 noster

203 1543 254 1584 ad
284 1557 350 1583 me
382 1543 607 1596 epistulam
639 1542 756 1582 misit
789 1542 871 1582 sibi
903 1557 926 1583 a
957 1542 1097 1583 1163610
1132 1556 1213 1595 quo
1245 1541 1419 1582 missam
1445 1540 1536 1597 (no-

202 1616 298 1641 men
339 1601 449 1641 enim
490 1600 685 1656 delerat.);
729 1601 774 1641 in
814 1615 896 1654 qua
940 1601 1143 1654 scriptum
1185 1603 1273 1640 erat
1314 1603 1535 1640 veteranos

202 1674 292 1715 eos,
330 1660 403 1713 qui
443 1660 670 1700 reiciantur
703 1658 819 1714 (nam
851 1662 1014 1712 partem
1047 1673 1136 1699 esse
1169 1656 1424 1713 dimissam),
1461 1658 1535 1698 im-

201 1718 455 1772 probissime
492 1718 628 1772 loqui,
665 1721 713 1758 ut
749 1731 903 1772 magno
942 1717 1127 1771 periculo
1160 1716 1318 1757 Romae
1356 1717 1443 1757 sint
1473 1717 1535 1757 fu-

202 1776 300 1831 turi,
333 1776 405 1830 qui
431 1776 483 1816 ab
510 1790 656 1816 eorum
680 1776 873 1829 partibus
901 1776 1124 1816 dissentire
1149 1775 1381 1816 videantur.
1432 1774 1535 1823 Quis

202 1849 328 1888 porro
355 1837 500 1875 noster
525 1835 624 1889 itus,
655 1834 829 1889 reditus,
860 1834 1016 1890 vultus,
1047 1834 1235 1874 incessus
1261 1833 1372 1874 inter
1397 1833 1534 1874 istos?

201 1892 379 1947 Quodsi,
417 1895 464 1933 ut
497 1893 658 1947 scribis,
690 1892 734 1933 L.
761 1892 973 1933 Antonius
1006 1893 1052 1933 in
1082 1892 1132 1933 D.
1158 1892 1351 1946 Brutum,
1382 1891 1534 1945 reliqui

201 1951 245 1992 in
275 1954 461 2006 nostros,
492 1965 569 2005 ego
603 1951 704 2004 quid
735 1950 886 1991 faciam
913 1954 986 1992 aut
1012 1965 1095 2004 quo
1121 1965 1187 1991 me
1213 1953 1335 2004 pacto
1362 1949 1533 2004 geram?

200 2009 309 2050 Mihi
339 2024 438 2050 vero
466 2009 743 2050 deliberatum
769 2012 844 2063 est,
877 2012 924 2050 ut
948 2023 1060 2049 nunc
1086 2009 1255 2062 quidem
1280 2011 1355 2061 est,
1387 2008 1533 2049 abesse

200 2082 250 2108 ex
282 2082 329 2108 ea
363 2068 478 2123 urbe,
515 2068 560 2108 in
592 2082 674 2121 qua
703 2082 790 2108 non
820 2067 946 2108 modo
978 2067 1104 2108 florui
1136 2082 1231 2108 cum
1263 2081 1438 2121 summa,
1468 2081 1533 2107 ve-

199 2140 294 2166 rum
325 2126 453 2166 etiam
485 2126 638 2166 servivi
671 2140 764 2166 cum
796 2126 938 2179 aliqua
969 2125 1194 2180 dignitate3
1224 2139 1301 2166 nec
1330 2127 1421 2166 tam
1451 2127 1534 2166 sta-

199 2184 264 2224 tui
303 2198 352 2224 ex
389 2183 514 2225 Italia
551 2184 680 2238 exire,
719 2184 768 2225 de
806 2198 888 2238 quo
927 2187 1069 2225 tecum
1106 2183 1369 2237 deliberabo,
1407 2197 1534 2237 quam

199 2241 307 2282 istuc
338 2257 424 2283 non
455 2243 608 2283 venire.

1559 858 1592 882 10

1556 1150 1589 1175 15

1555 1734 1588 1759 25

1552 2026 1586 2050 30
