1665 2553
226 69 314 109 454
446 47 449 48 ⁷
651 68 700 103 M.
727 68 869 102 TULLI
894 68 1143 103 CICERONIS

227 165 310 218 ipsi
343 163 671 219 Agamemnoni,
707 178 857 219 regum
888 164 998 220 regi,
1028 164 1110 204 fuit
1140 163 1379 218 honestum,
1409 163 1566 205 habere

228 224 411 277 aliquem
455 223 501 264 in
538 223 726 264 consiliis
770 223 983 276 capiendis
1027 221 1272 275 Nestorem,
1311 223 1417 263 mihi
1465 237 1564 264 vero

228 282 465 337 gloriosum
496 285 538 322 te
570 282 765 323 iuvenem
797 281 1015 323 consulem
1046 281 1195 322 florere
1221 281 1417 322 laudibus
1445 282 1566 335 quasi

229 341 448 381 alumnum
492 340 738 394 disciplinae
776 355 902 381 meae.
970 340 1016 383 L.
1049 340 1217 394 quidem
1259 339 1429 394 Caesar,
1471 354 1566 381 oum

229 399 280 440 ad
313 414 408 440 eum
435 402 656 455 aegrotum
687 398 914 453 Neapolim
940 399 1161 453 venissem,
1193 413 1449 453 quamquam
1475 401 1566 439 erat

230 472 456 512 oppressus
488 458 622 499 totius
657 459 845 511 corporis
878 458 1115 512 doloribus,
1153 461 1308 512 tamen,
1340 460 1566 511 antequam

228 532 296 557 me
333 517 456 570 plane
495 516 714 571 salutavit,
759 515 809 557 eO
845 516 902 557 mi
943 515 1118 570 Cicero',
1156 516 1315 570 inquit,
1359 515 1567 570 ‘gratulor

229 576 327 628 tibi,
366 590 460 616 611111
492 579 661 632 tantum
692 575 806 616 vales
840 575 950 628 apud
981 574 1260 629 Dolabellam,
1293 578 1500 628 quantum
1531 575 1567 615 si

230 648 307 688 ego
341 635 451 687 apud
485 634 642 675 sororis
674 634 810 675 filium
842 634 1035 687 valerem,
1067 634 1152 674 iam
1178 633 1284 674 salvi
1310 648 1401 674 esse
1426 648 1568 687 posse-

230 708 329 734 mus.
389 692 636 734 Dolabellae
670 707 766 733 vero
799 696 874 733 tuo
908 695 948 733 et
981 693 1173 747 gratulor
1204 695 1246 733 et
1278 692 1436 746 gratias
1470 706 1568 747 ago3

232 766 357 805 quem
395 752 565 805 quidem
595 755 694 805 post
725 754 766 792 te
799 751 1014 792 consulem
1046 751 1184 792 solum
1215 765 1440 804 possumus
1472 765 1568 792 vere

233 810 450 851 consulem
500 810 661 851 dieere.’
729 809 840 850 Dein
889 810 1023 850 multa
1073 810 1122 850 de
1170 810 1282 850 facto
1333 824 1380 850 ae
1429 809 1478 850 de
1524 823 1569 850 re

231 873 352 924 gesta
377 872 467 923 tua3
499 869 609 909 nihil
635 869 988 924 magnificentius,
1013 868 1123 909 nihil
1147 868 1403 922 praeclarius
1429 871 1569 909 aetum

231 943 444 982 umquam,
464 928 573 968 nihil
598 928 659 968 rei
686 927 880 981 publicae
908 927 1146 968 salutarius.
1191 926 1334 981 Atque
1358 927 1460 968 haee
1484 941 1569 967 una

232 1001 314 1027 vox
347 987 536 1027 omnium
569 989 643 1027 est.
694 986 734 1026 A
765 989 806 1027 te
839 989 979 1027 autem
1004 989 1115 1040 peto,
1147 989 1196 1026 ut
1221 1000 1287 1026 me
1312 985 1420 1026 hane
1447 985 1569 1039 quasi

231 1045 383 1086 falsam
419 1045 699 1086 hereditatem
739 1045 898 1086 alienae
936 1045 1096 1099 gloriae
1135 1044 1248 1085 sinas
1290 1058 1456 1085 cernere
1488 1058 1570 1084 me-

233 1118 313 1157 que
345 1104 486 1157 aliqua
518 1118 568 1144 ex
601 1106 720 1157 parte
751 1104 797 1144 in
828 1104 1073 1144 societatem
1104 1105 1274 1143 tuarum
1305 1103 1479 1143 laudum
1504 1116 1570 1143 ve-

230 1163 320 1203 nire
358 1163 529 1216 patiare.
593 1162 875 1216 Quamquam,
916 1162 974 1202 mi
1011 1161 1253 1216 Dolabella,
1301 1160 1420 1216 (haee
1457 1161 1569 1201 enim

230 1221 394 1261 iocatus
427 1220 539 1276 sum)
571 1221 773 1261 libentius
806 1235 949 1261 omnes
981 1235 1107 1274 meas,
1140 1220 1175 1260 si
1207 1219 1332 1260 modo
1366 1222 1465 1260 sunt
1497 1219 1570 1260 ali-

232 1294 338 1333 quae
375 1294 490 1320 meae
528 1279 690 1332 laudes,
730 1279 780 1319 ad
818 1282 860 1319 te
891 1279 1191 1319 transfuderim
1224 1293 1351 1332 quam
1383 1278 1569 1332 aliquam

230 1341 394 1391 partem
438 1338 703 1379 exhauserim
747 1352 796 1377 ex
840 1337 937 1378 tuis.
1008 1336 1138 1392 Nam,
1180 1351 1275 1377 611111
1317 1339 1360 1377 te
1405 1351 1568 1390 semper

230 1399 398 1437 tantum
424 1397 654 1449 dilexerim,
687 1399 894 1450 quantum
919 1399 966 1436 tu
992 1395 1237 1449 intellegere
1262 1395 1457 1450 potuisti,
1477 1398 1570 1436 tum

229 1455 297 1496 his
328 1455 415 1496 tuis
448 1455 571 1496 factis
603 1455 661 1496 sio
692 1455 887 1495 incensus
921 1468 1032 1509 sum,
1073 1457 1120 1494 ut
1151 1453 1261 1494 nihil
1292 1468 1493 1507 umquam
1524 1454 1570 1494 in

232 1528 374 1554 amore
411 1514 540 1554 fuerit
579 1514 804 1554 ardentius.
872 1512 995 1553 Nihil
1032 1516 1096 1553 est
1135 1513 1264 1567 enim,
1300 1512 1407 1552 mihi
1438 1512 1569 1565 erede,

231 1573 389 1613 virtute
436 1572 684 1625 formosius,
734 1572 844 1612 nihil
893 1571 1127 1627 pulchrius,
1174 1570 1283 1611 nihil
1333 1571 1567 1611 amabilius.

188 1642 201 1649 ”
233 1630 405 1684 Semper
437 1631 591 1686 amavi,
631 1633 680 1672 ut
713 1631 806 1684 seis,
837 1630 891 1671 M.
918 1630 1101 1670 Brutum
1131 1632 1305 1683 propter
1337 1629 1426 1670 eius
1458 1644 1568 1670 sum-

230 1705 347 1730 mum
377 1690 608 1744 ingenium,
649 1689 923 1730 suavissimos
956 1703 1105 1741 mores,
1139 1688 1396 1742 singularem
1426 1687 1568 1741 probi-

231 1751 363 1789 tatem
395 1752 522 1802 atque
554 1748 848 1789 constantiam.
911 1747 1070 1788 Tamen
1101 1746 1247 1787 Idibus
1279 1746 1447 1787 Martiis
1478 1749 1570 1787 tan-

229 1810 322 1847 tum
373 1807 547 1848 accessit
598 1807 649 1847 ad
693 1821 895 1860 amorem,
945 1808 992 1846 ut
1036 1806 1213 1846 mirarer
1255 1805 1396 1845 loeum
1440 1805 1569 1845 fuisse

231 1866 412 1920 augendi
462 1866 507 1906 in
555 1880 621 1919 eo,
672 1865 784 1919 quod
827 1864 932 1905 mihi
974 1864 1059 1905 iam
1102 1864 1264 1918 pridem
1307 1863 1569 1904 cumulatum

231 1924 359 1965 etiam
389 1924 622 1965 videbatur.
673 1923 774 1972 Quis
808 1926 909 1975 erat,
943 1923 1016 1976 qui
1047 1925 1218 1976 putaret
1249 1922 1300 1963 ad
1331 1936 1426 1962 eum
1458 1936 1570 1963 amo-

231 1997 332 2038 rem,
370 1997 495 2036 quem
527 1996 627 2037 erga
658 1985 700 2022 te
731 1982 959 2036 habebam,
996 1995 1121 2035 posse
1153 1980 1315 2034 aliquid
1348 1980 1568 2021 accedere?

231 2041 414 2082 Tantum
446 2042 640 2096 accessit,
678 2043 726 2081 ut
756 2040 862 2080 mihi
893 2054 1004 2080 1111116
1036 2039 1214 2092 denique
1246 2053 1386 2079 amare
1416 2038 1570 2093 videar,

232 2102 327 2140 ante
366 2099 572 2140 dilexisse.
635 2098 771 2147 Quare
813 2098 913 2152 quid
951 2100 1034 2152 est,
1073 2097 1184 2151 quod
1223 2111 1301 2152 ego
1340 2100 1383 2138 te
1413 2096 1570 2150 horter,

230 2160 278 2198 ut
316 2158 516 2212 dignitati
548 2161 590 2198 et
622 2157 782 2212 gloriae
815 2156 1000 2197 servias?
1049 2155 1291 2209 Proponam
1321 2155 1403 2196 tibi
1434 2155 1569 2196 claros

230 2216 363 2271 viros,
404 2217 516 2270 quod
553 2217 688 2257 faeere
727 2215 883 2270 solent,
921 2215 994 2268 qui
1032 2214 1290 2255 hortantur?
1347 2213 1567 2254 Neminem

230 2273 365 2315 habeo
404 2275 623 2316 clariorem
657 2289 784 2328 quam
815 2276 857 2314 te
888 2273 1039 2327 ipsum.
1103 2272 1161 2313 Te
1193 2272 1356 2313 imitere
1389 2274 1570 2326 oportet,

1589 1002 1621 1028 15

1588 1297 1622 1321 20

1589 1587 1665 1622 25}

1589 1880 1623 1905 30

1589 2169 1622 2197 35
