1665 2553
188 63 216 103 4
609 62 657 98 Μ.
684 62 824 98 TULLI
849 62 1095 98 CICERONIS

187 158 442 200 litterarum!
485 157 580 212 Ego
606 158 655 199 de
679 159 784 199 meis
810 158 862 199 ad
886 160 928 198 te
952 157 1189 199 rationibus
1219 158 1369 212 scripsi
1393 160 1517 200 antea

188 217 421 271 diligenter.
506 215 600 258 Hoc
653 219 842 270 tempore
897 214 1143 272 Catilinam,
1197 216 1517 270 competitorem

185 278 395 331 nostrum,
426 275 643 316 defendere
675 275 920 330 cogitamus,
970 274 1132 316 Iudices
1162 275 1379 332 habemus,
1410 290 1516 330 quos

187 334 418 389 voluimus,
465 348 629 375 summa
678 333 931 375 accusatoris
975 333 1204 375 voluntate.
1281 332 1431 389 Spero,
1479 334 1517 376 si

188 392 408 434 absolutus
446 393 544 447 erit,
581 392 911 434 coniunctiorem
947 391 1068 434 illum
1104 392 1227 433 nobis
1258 392 1348 433 fore
1379 393 1425 433 in
1453 406 1516 434 ra·
1553 408 1569 435 5

186 451 302 492 tione
339 451 578 505 petitionis,
622 451 686 492 sin
725 451 846 492 aliter
884 450 1097 505 acciderit,
1138 451 1378 492 humaniter
1414 451 1516 492 fere-

187 524 293 551 mus.
328 509 419 551 Tuo
440 509 621 551 adventu
638 510 762 550 nobis
790 524 895 563 opus
922 512 987 550 est
1010 512 1194 564 maturo3
1219 524 1317 550 nam
1341 523 1516 564 prorsus

188 582 352 609 summa
393 568 612 609 hominum
655 571 719 609 est
763 568 905 622 opinio
948 570 1045 609 tuos
1088 568 1315 609 familiares
1352 568 1516 609 nobiles

185 626 378 668 homines
423 626 683 668 adversarios
726 626 878 667 honori
917 629 1064 668 nostro
1107 627 1207 668 fore.
1268 626 1336 668 Ad
1372 641 1517 668 eorum

186 685 450 726 voluntatem
485 685 591 726 mihi
628 684 930 726 conciliandam
971 685 1154 726 maximo
1198 687 1240 726 te
1280 685 1385 726 mihi
1419 685 1516 726 usui
1535 701 1569 726 10

186 743 276 785 fore
319 744 449 785 video.
524 743 659 792 Quare
701 742 896 785 Ianuario
939 758 1100 799 mense,
1148 746 1197 785 ut
1245 744 1519 800 constituisti,

186 815 287 843 cura
317 805 364 843 ut
395 801 554 844 Romae
587 802 655 843 sis.

813 976 889 1018 ΠΙ.

555 1056 629 1092 Ser.
657 1057 792 1091 Romae
816 1067 867 1091 ex.
895 1068 927 1091 α.
956 1058 1029 1091 687
1056 1057 1147 1099 (67).
1536 1062 1569 1088 15

608 1137 775 1172 CICERO
801 1136 972 1172 ATTlCO
1000 1137 1096 1172 SAL.

274 1208 427 1251 Aviam
457 1212 575 1251 tuam
607 1210 711 1250 scito
744 1209 948 1250 desiderio
981 1209 1045 1250 tui
1081 1211 1293 1250 mortuam
1330 1223 1437 1264 esse,
1474 1212 1516 1250 et

187 1267 314 1308 simul
351 1267 463 1321 quod
499 1268 633 1309 verita
672 1268 745 1322 sit,
781 1282 832 1308 ne
864 1267 1039 1308 Latinae
1070 1267 1114 1308 in
1148 1267 1285 1309 officio
1316 1281 1402 1309 non
1432 1282 1517 1309 ma-

185 1328 333 1366 nerent
359 1329 400 1367 et
425 1326 470 1367 in
494 1329 681 1367 montem
706 1325 920 1367 Albanum
944 1326 1106 1367 hostias
1138 1340 1224 1367 non
1256 1326 1515 1367 adducerent.

185 1384 290 1425 Eius
328 1384 389 1425 rei
426 1384 757 1425 consolationem
793 1384 845 1425 ad
879 1387 922 1425 te
958 1384 1002 1425 L.
1036 1383 1251 1425 Saufeium
1287 1385 1516 1425 missurum
1535 1401 1568 1426 20

186 1456 276 1483 esse
314 1443 508 1484 arbitror.
569 1442 660 1484 Nos
697 1443 765 1484 hic
802 1446 844 1484 te
879 1443 930 1484 ad
960 1458 1145 1484 mensem
1176 1441 1419 1484 Ianuarium
1450 1457 1517 1484 ex-

186 1503 422 1554 spectamus
464 1516 514 1542 ex
552 1501 732 1555 quodam
767 1516 934 1543 rumore
972 1516 1026 1542 an
1062 1516 1111 1542 ex
1148 1501 1304 1542 litteris
1341 1502 1426 1542 tuis
1465 1501 1517 1543 ad

185 1559 290 1600 alios
319 1560 479 1615 missis,
510 1574 609 1601 nam
640 1560 691 1601 ad
721 1562 787 1601 me
819 1560 868 1601 de
899 1575 947 1602 eo
978 1560 1087 1601 nihil
1118 1560 1335 1614 scripsisti.
1387 1558 1516 1614 Signa

185 1631 291 1671 quae
321 1619 445 1659 nobis
479 1619 647 1674 curasti,
679 1633 725 1659 ea
755 1621 853 1659 sunt
878 1619 929 1660 ad
958 1617 1146 1660 Caietam
1172 1618 1373 1672 exposita.
1423 1617 1514 1659 Nos

185 1690 232 1717 ea
268 1691 355 1717 non
390 1677 589 1731 vidimus;
626 1691 760 1731 neque
799 1677 909 1718 enim
946 1677 1121 1718 exeundi
1152 1676 1288 1718 Roma
1323 1678 1513 1730 potestas
1534 1692 1566 1718 25

183 1735 308 1775 nobis
345 1735 437 1776 fuit.
505 1735 721 1790 Misimus,
763 1736 836 1790 qui
875 1750 950 1790 pro
990 1738 1159 1776 vectura
1197 1735 1386 1776 solveret.
1455 1733 1514 1775 Te

184 1793 366 1834 multum
398 1809 604 1850 amamus,
642 1794 752 1848 quod
790 1809 837 1836 ea
868 1795 942 1835 abs
974 1796 1016 1835 te
1047 1794 1270 1848 diligenter
1300 1807 1514 1847 parvoque

185 1854 329 1893 curata
363 1855 471 1894 sunt.

273 1909 393 1959 Quod
424 1911 474 1952 ad
505 1925 571 1951 me
603 1925 725 1964 saepe
757 1910 965 1964 scripsisti
1002 1910 1050 1951 de
1084 1909 1231 1950 nostro
1263 1908 1395 1949 amico
1426 1908 1513 1962 pla-

186 1968 333 2024 cando,
369 1969 450 2010 feci
481 1972 522 2011 et
555 1971 751 2022 expertus
785 1983 878 2009 sum
909 1968 1066 2022 omnia,
1098 1967 1169 2008 sed
1199 1967 1436 2008 mirandum
1467 1967 1513 2008 in
1532 1984 1565 2009 30

185 2026 356 2067 modum
393 2030 456 2068 est
494 2027 632 2068 animo
673 2027 918 2068 abalienato.
981 2026 1141 2075 Quibus
1179 2025 1228 2066 de
1267 2025 1512 2079 suspicioni-

185 2083 265 2123 bus
303 2085 383 2125 etsi
420 2086 585 2126 audisse
621 2088 663 2126 te
700 2085 900 2140 arbitror,
937 2087 1079 2126 tamen
1116 2098 1165 2124 ex
1201 2098 1285 2138 me,
1323 2098 1416 2124 cum
1446 2098 1513 2125 ve-

183 2142 308 2197 neris,
341 2157 576 2196 cognosces.
639 2143 887 2185 Sallustium
924 2144 1184 2196 praesentem
1215 2142 1437 2183 restituere
1467 2141 1513 2182 in

186 2199 274 2240 eius
312 2203 493 2242 veterem
531 2202 712 2257 gratiam
750 2216 837 2243 non
872 2201 1003 2255 potui.
1063 2199 1156 2242 Hoc
1194 2200 1243 2241 ad
1278 2203 1319 2241 te
1352 2200 1511 2255 scripsi,

185 2258 298 2311 quod
334 2258 369 2299 is
407 2274 471 2300 me
510 2275 699 2302 accusare
737 2260 786 2301 de
826 2262 867 2301 te
904 2259 1076 2301 solebat.
1142 2258 1193 2300 In
1230 2273 1273 2300 se
1309 2261 1505 2312 expertus
1530 2273 1563 2300 35
