1665 2553
305 101 646 136 EPISTULARUM
671 102 735 136 AD
761 102 976 137 ATTICUM
1000 102 1034 136 V
1062 106 1209 137 18—20.
1349 103 1432 143 149

88 197 240 252 Itaque
271 213 338 239 me
371 197 500 239 etiam
532 197 801 253 admonuisti,
832 200 881 239 ut
914 198 1156 253 gauderem3
1196 213 1296 239 nam
1326 198 1433 239 mihi

89 257 136 297 in
177 259 362 298 mentem
405 271 493 297 non
535 260 719 298 venerat.
789 257 908 298 ‘Non
952 257 1074 298 credo
1086 257 1108 311 ²,
1151 257 1306 311 inquis.
1373 256 1434 298 Ut

89 316 212 371 libet3
243 315 314 356 sed
345 315 469 369 plane
503 316 685 371 gaudeo,
717 316 918 370 quoniam
950 316 998 357 τὸ
1032 322 1218 370 νεμεσᾶν
1255 315 1434 356 interest

89 380 169 416 τοῦ
202 379 404 429 φθονεῖν.

55 530 72 556 5
721 514 811 556 XX.

136 606 209 641 Ser.
236 607 277 640 in
305 606 434 641 Cilicia,
461 618 493 640 α.
522 608 593 641 703
621 609 698 650 (51)
727 607 820 641 inter
846 619 878 642 a.
906 608 939 641 d.
968 607 1058 641 XII
1078 611 1110 642 et
1134 607 1198 641 IV
1221 607 1269 641 K.
1296 607 1391 641 Ian..

519 698 687 734 CICERO
714 699 887 735 ATTICO
916 700 1012 735 SAL.

183 781 479 824 Saturnalibus
504 798 626 824 mane
653 798 696 824 se
721 784 827 824 mihi
851 783 1160 824 Pindenissitae
1186 783 1432 825 dediderunt

96 842 275 896 septimo
318 844 359 882 et
402 842 753 896 quinquagesimo
796 843 878 897 die,
918 845 1145 896 postquam
1187 856 1433 897 oppugnare

40 919 75 943 10
95 915 166 942 eos
210 900 436 954 coepimus,
505 900 624 955 eQui,
668 901 842 942 malum!
892 901 966 941 isti
1009 901 1317 942 Pindenissitae
1362 901 1434 954 qui

96 959 244 1000 sunt?
284 959 469 1012 inquies,
512 960 686 1000 ‘nomen
719 960 860 1000 audivi
889 960 1151 1013 numquam?
1215 959 1324 1008 Quid
1355 962 1432 1014 ego
1485 1005 1493 1008 ,

95 1017 273 1058 faciam?
305 1032 408 1057 num
434 1018 555 1071 potui
583 1017 774 1058 Ciliciam
799 1018 1014 1059 Aetoliam
1047 1022 1119 1059 aut
1145 1018 1434 1059 Macedoniam

95 1076 293 1117 reddere?
355 1075 448 1117 Hoc
479 1076 563 1116 iam
596 1076 656 1117 sic
686 1076 861 1131 habeto,
899 1091 977 1117 nec
1016 1077 1096 1129 hoc
1138 1077 1323 1118 exercitu
1365 1091 1437 1117 nec

94 1135 164 1175 hic
205 1137 325 1175 tanta
367 1135 541 1189 negotia
584 1135 674 1190 geri
718 1135 917 1188 potuisse.
981 1135 1095 1184 Quae
1140 1149 1345 1190 cognosce
1388 1135 1436 1176 ἐν

43 1210 76 1236 15
98 1193 294 1249 ἐπιτομῇ
346 1193 405 1233 sic
454 1194 566 1234 enim
616 1194 807 1234 concedis
850 1193 957 1234 mihi
1000 1194 1220 1248 proxumis
1265 1194 1433 1234 litteris.

95 1251 315 1305 Ephesum
346 1254 394 1292 ut
421 1252 618 1306 venerim,
649 1253 776 1307 nosti,
808 1253 880 1306 qui
907 1253 1036 1293 etiam
1062 1253 1168 1293 mihi
1195 1253 1434 1307 gratulatus

97 1325 140 1351 es
172 1310 287 1351 illius
320 1310 402 1350 diei
435 1311 741 1366 celebritatem,
779 1325 861 1364 qua
891 1311 1001 1351 nihil
1038 1325 1104 1352 me
1136 1326 1337 1365 umquam
1369 1311 1435 1351 de-

96 1369 269 1409 lectavit
294 1369 441 1423 magis.
485 1368 588 1410 Inde
613 1370 658 1410 m
685 1369 850 1423 oppidis
875 1370 940 1422 iis,
977 1384 1059 1424 qua
1084 1372 1160 1411 ‘iter
1186 1372 1288 1425 erat,
1312 1370 1436 1410 mira-

97 1427 243 1468 biliter
274 1428 434 1481 accepti
464 1426 713 1468 Laodiceam
744 1428 878 1482 pridie
902 1427 996 1469 Kal.
1024 1427 1204 1469 Sextiles
1230 1429 1434 1469 venimus.

45 1503 79 1527 20
98 1485 165 1526 Ibi
203 1485 359 1526 morati
395 1486 573 1527 biduum
612 1487 876 1540 pei-illustres
912 1487 1071 1528 fuimus
1104 1487 1436 1540 honorificisque

98 1544 238 1585 verbis
265 1558 409 1585 omnes
435 1544 611 1585 iniurias
637 1545 879 1586 revellimus
907 1546 1156 1600 superiores,
1189 1546 1300 1599 quod
1326 1546 1437 1586 idem

103 1602 286 1653 Colossis,
319 1602 415 1643 dein
439 1601 651 1656 Apameae
683 1603 868 1658 quinque
902 1604 989 1645 dies
1020 1604 1175 1645 morati
1207 1606 1249 1644 et
1276 1603 1437 1657 Synna-

100 1661 163 1702 dis
194 1661 396 1714 triduum,
426 1660 653 1702 Philomeli
679 1662 865 1716 quinque
897 1662 997 1716 dies,
1027 1661 1145 1703 Iconi
1170 1662 1311 1703 decem
1342 1662 1437 1702 feci-

99 1734 204 1760 mus.
266 1718 388 1760 Nihil
419 1734 466 1760 ea
497 1720 601 1760 iuris
628 1720 810 1761 dictione
843 1721 1118 1776 aequabilius,
1150 1721 1258 1761 nihil
1288 1720 1437 1774 lenius,

48 1794 81 1819 25
100 1778 208 1818 nihil
240 1778 422 1832 gravius.
484 1777 584 1818 Inde
620 1778 665 1818 in
696 1781 832 1819 castra
863 1780 960 1820 veni
992 1794 1024 1819 a.
1058 1779 1093 1819 d.
1126 1791 1192 1819 VII
1222 1778 1434 1819 Kalendas
1462 1790 1483 1819 2

104 1835 382 1889 Septembres.
427 1836 476 1877 A.
498 1837 533 1877 d.
554 1848 605 1877 ΠΙ
631 1837 861 1878 exercitum
892 1837 1073 1878 lustravi
1099 1837 1209 1890 apud
1234 1836 1435 1877 Iconium.

103 1894 171 1934 Ex
199 1894 266 1935 his
298 1895 460 1948 castris,
492 1910 586 1936 cum
618 1909 767 1949 graves
799 1896 847 1936 de
873 1894 1042 1936 Parthis
1068 1896 1208 1935 nuntii
1233 1895 1439 1950 venirent,

103 1953 268 2005 perrexi
298 1953 342 1993 in
369 1952 559 1994 Ciliciam
585 1968 659 2007 per
686 1952 974 2007 Cappadociae
999 1956 1163 2008 partem
1195 1968 1298 2007 eam,
1332 1968 1439 2007 quae

106 2009 295 2051 Ciliciam
325 2012 513 2067 attingit,
544 2026 592 2053 eo
626 2012 815 2066 consilio,
846 2015 894 2053 ut
924 2012 1150 2053 Armenius
1184 2011 1439 2052 Artavasdes

51 2086 85 2110 30
105 2071 146 2109 et
177 2069 259 2122 ipsi
287 2069 436 2111 Parthi
468 2069 732 2124 Cappadocia
774 2085 817 2111 se
858 2071 1023 2111 excludi
1060 2073 1269 2124 putarent.
1332 2069 1437 2110 Cum

105 2127 191 2167 dies
225 2127 408 2181 quinque
440 2129 491 2169 ad
517 2128 715 2182 Cybistra
749 2128 1075 2183 [Cappadociae]
1108 2131 1244 2169 castra
1268 2128 1440 2169 habuis-

105 2199 202 2239 sem,
235 2186 386 2226 certior
419 2201 513 2227 sum
543 2188 680 2228 factus
712 2186 893 2228 Parthos
932 2188 983 2228 ab
1016 2188 1091 2228 illo
1131 2187 1247 2227 aditu
1280 2186 1440 2241 Cappa-

103 2243 245 2285 dociae
276 2243 401 2298 longe
433 2245 595 2299 abesse,
629 2244 799 2286 Ciliciae
830 2247 966 2300 magis
999 2246 1228 2286 imminere.
1290 2245 1439 2299 Itaque

104 2302 325 2343 confestim
357 2303 438 2344 iter
468 2303 514 2344 in
546 2303 739 2345 Ciliciam
771 2305 850 2345 feci
882 2319 956 2358 per
989 2304 1116 2345 Tauri
1148 2304 1278 2358 pylas.
1342 2304 1438 2345 Tar-

1467 2316 1486 2330 O

1466 2330 1488 2344 -)
