1665 2553
162 645 181 674 10

205 66 290 109 530
628 65 676 100 M.
704 65 845 100 TULLI
871 64 1119 99 CICERONIS

205 162 376 217 publica
408 161 701 203 contentiones
734 161 1126 215 sollicitudinesque
1156 161 1339 201 fuerunt.
1395 159 1544 214 Itaque

206 221 273 262 vel
311 221 444 275 ipsius
483 221 619 261 virtus
658 220 724 261 vel
761 222 909 260 nostra
945 219 1213 261 necessitudo
1254 219 1378 260 debet
1410 219 1545 260 conci-

206 280 311 320 liare
353 283 395 320 te
432 279 507 320 illi.
571 278 662 327 Quo
702 278 841 319 minus
880 279 1015 319 multa
1052 278 1158 319 mihi
1196 278 1416 319 scribenda
1454 293 1545 319 esse

208 339 403 379 arbitror.
465 338 677 378 Voluntas
716 337 828 378 enim
865 340 906 377 te
943 351 1111 378 movere
1151 337 1275 378 debet
1305 339 1470 391 nostra,
1508 337 1544 377 si

208 398 333 438 modo
371 397 484 437 iusta
522 400 586 437 est
624 398 696 436 aut
733 411 811 450 pro
851 396 989 436 officio
1026 395 1263 436 necessario
1304 395 1543 449 suscipitur.
1583 416 1598 441 5

208 456 254 497 Is
291 457 335 496 in
366 455 527 496 Pansae
566 455 706 495 locum
743 457 885 508 petere
923 455 1156 495 constituit.
1218 454 1326 495 Eam
1355 454 1545 495 nomina-

207 515 367 555 tionem
406 530 429 555 a
465 517 507 555 te
546 514 739 567 petimus.
802 512 950 567 Neque
983 513 1263 554 coniunctiori
1294 513 1392 554 dare
1423 512 1546 553 bene-

207 573 367 626 ficium,
406 587 532 626 quam
563 587 641 628 nos
674 571 755 612 tibi
787 587 944 626 sumus,
981 586 1117 626 neque
1149 572 1384 626 digniorem
1414 571 1547 612 nomi-

208 647 308 672 nare
347 634 470 685 potes
511 646 638 685 quam
675 630 888 672 Bibulum.
951 630 1013 672 De
1052 630 1243 671 Domitio
1282 633 1323 671 et
1364 629 1545 684 Apuleio

210 691 311 744 quid
349 690 503 731 attinet
540 705 606 730 me
645 690 844 743 scribere,
883 704 978 730 cum
1014 689 1097 743 ipsi
1134 704 1208 743 per
1250 703 1293 730 se
1325 689 1405 729 tibi
1437 703 1600 734 com-10

208 749 515 790 mendatissimi
548 748 661 789 sint‘.>
718 748 948 801 Apuleium
979 763 1078 789 vero
1111 751 1157 788 tu
1189 750 1262 788 tua
1294 747 1546 788 auctoritate

209 808 417 848 sustinere
449 808 584 848 debes.
637 806 719 848 Sed
751 807 957 860 Apuleius
987 807 1031 847 in
1059 821 1133 847 sua
1160 806 1341 860 epistula
1367 805 1548 847 celebra-

209 867 337 921 bitur,
367 866 570 907 Bibulum
602 866 691 906 noli
723 866 936 906 dimittere
969 880 990 906 e
1023 866 1118 906 sinu
1149 868 1238 920 tuo,
1268 867 1436 905 tantum
1462 865 1548 905 iam

207 925 358 979 virum,
397 940 445 965 ex
479 928 649 979 quanto,
687 925 805 965 crede
837 924 955 979 mihi,
987 927 1128 978 potest
1160 923 1344 978 evadere,
1377 923 1450 977 qui
1480 937 1547 964 vc-

209 984 309 1025 stris
341 998 571 1038 paucorum
602 983 855 1038 respondeat
887 983 1094 1024 laudibus.
1567 1001 1601 1027 15

820 1122 934 1165 VIII.

505 1204 579 1240 Ser.
602 1217 645 1238 m.
668 1205 774 1239 Maio
801 1209 865 1239 aut
890 1205 939 1238 in.
961 1206 1045 1238 Izan.
1068 1216 1099 1238 a.
1124 1207 1190 1238 711
1220 1206 1308 1247 (43).

640 1285 808 1320 CICERO
835 1284 995 1319 BRUTO
1023 1284 1119 1319 SAL.

297 1358 458 1399 Multos
502 1358 583 1399 tibi
627 1357 926 1399 commendabo
972 1359 1013 1398 et
1055 1356 1338 1398 commendem
1377 1371 1547 1398 necesse

211 1420 284 1458 est.
348 1416 544 1470 Optimus
584 1417 694 1457 enim
733 1417 912 1470 quisque
949 1416 1014 1456 vir
1052 1418 1094 1456 et
1132 1416 1234 1456 civis
1271 1415 1454 1456 maxime
1487 1429 1547 1456 se·
1568 1435 1602 1460 20

211 1476 356 1530 quitur
381 1478 503 1516 tuum
528 1476 742 1528 iudicium,
768 1475 932 1529 tibique
959 1488 1103 1515 omnes
1129 1474 1261 1515 fortes
1287 1474 1368 1514 viri
1394 1488 1547 1514 navare

211 1549 381 1588 operam
413 1537 454 1575 et
487 1534 674 1575 studium
706 1534 868 1589 volunt,
899 1548 975 1574 nec
1001 1533 1225 1586 quisquam
1252 1535 1327 1586 est,
1360 1533 1463 1586 quin
1487 1532 1548 1573 ita

211 1593 443 1647 existimet,
480 1607 616 1634 meam
655 1592 766 1646 apud
804 1595 846 1633 te
888 1595 929 1632 et
961 1592 1258 1632 auctoritatem
1291 1594 1332 1631 et
1364 1591 1547 1646 gratiam

210 1651 347 1692 valere
380 1652 621 1705 plurimum.
685 1650 767 1692 Sed
799 1650 841 1691 C.
869 1649 1145 1705 Nasennium‚
1183 1649 1440 1703 municipem
1473 1649 1547 1691 Su-

213 1725 425 1765 essanum,
462 1711 542 1751 tibi
579 1711 639 1750 ita
677 1709 921 1750 commendo
960 1712 1008 1750 ut
1046 1709 1257 1749 neminem
1289 1708 1545 1762 diligentius,
1566 1725 1600 1751 25

214 1768 405 1810 Cretensi
443 1769 553 1809 bello
586 1768 758 1810 Metello
800 1768 1053 1821 imperatore
1086 1770 1281 1808 octavum
1313 1767 1547 1820 principem

211 1827 343 1882 duxit,
384 1830 533 1881 postea
563 1828 608 1868 in
639 1842 683 1868 re
713 1826 913 1867 familiari
948 1829 1176 1880 occupatus
1208 1826 1302 1879 fuit,
1334 1825 1413 1865 hoc
1444 1828 1546 1866 tem-

211 1901 313 1939 pore
356 1900 450 1926 cum
493 1885 553 1926 rei
596 1885 790 1939 publicae
834 1885 1027 1938 partibus
1071 1888 1163 1925 tum
1207 1886 1280 1924 tua
1323 1883 1546 1924 excellenti

212 1944 418 1999 dignitate
457 1947 692 1985 commotus
730 1944 867 1984 voluit
904 1958 977 1997 per
1008 1946 1050 1984 te
1088 1942 1248 1996 aliquid
1279 1942 1545 1982 auctoritatis

212 2003 439 2043 adsumere.
490 2002 660 2043 Fortem
686 2003 836 2057 virum,
866 2001 1008 2052 Brute,
1040 2002 1121 2042 tibi
1145 2001 1403 2054 commendo,
1431 2000 1545 2054 frugi
1565 2018 1600 2043 30

211 2061 425 2102 hominem
458 2064 516 2116 et,
555 2062 589 2102 si
622 2061 723 2115 quid
754 2061 805 2101 ad
838 2075 924 2100 rem
955 2060 1159 2114 pertinet,
1206 2059 1334 2100 etiam
1365 2059 1546 2112 locuple—

211 2123 307 2160 tem.
374 2119 625 2175 Pergratum
662 2119 767 2160 mihi
805 2119 904 2174 erit,
942 2119 977 2159 si
1018 2132 1112 2159 eum
1149 2118 1210 2159 ita
1247 2117 1461 2172 tractaris,
1498 2119 1546 2157 ut

210 2179 362 2219 merito
396 2181 470 2219 tuo
503 2178 608 2219 mihi
640 2178 799 2233 gratias
832 2191 955 2232 agere
986 2177 1134 2231 possit.
