1665 2553
222 89 305 130 108
643 88 690 123 Μ.
718 88 859 122 TULLI
883 87 1132 123 CICERONIS

219 184 464 238 adsequitur
490 184 601 225 inter
626 184 741 225 vicos
760 183 976 225 hominem
995 183 1113 238 Milo,
1139 183 1375 226 obnuntiat.
1413 183 1490 226 Ille
1511 198 1555 226 se

217 243 376 297 recepit
407 256 561 297 magno
594 245 636 284 et
667 242 782 296 turpi
815 241 859 290 Q.
892 241 1030 283 Flacci
1061 243 1258 283 convicio.
1300 242 1413 284 Ante
1446 243 1555 284 diem

217 313 249 342 X
279 301 372 342 Kal.
403 301 625 342 nundinae.
689 299 841 341 Contio
875 300 1002 341 biduo
1034 301 1162 341 nulla.
1548 345 1550 349 ,

305 359 418 400 Ante
450 359 559 400 diem
585 370 667 399 ΠΗ
692 359 784 400 Kal.
810 359 914 400 haec
947 372 1024 413 ego
1057 359 1292 400 scribebam
1322 359 1429 400 hora
1459 373 1556 400 noc-

217 418 274 459 tis
304 433 427 459 nona.
489 417 594 458 Milo
623 432 817 471 campum
847 417 932 458 iam
962 417 1144 459 tenebat.
1206 417 1430 459 Marcellus
1463 432 1554 459 can-
1593 434 1609 460 5

217 476 384 517 didatus
416 477 477 517 ita
518 476 742 529 stertebat,
779 478 827 516 ut
865 489 942 530 ego
975 476 1136 517 vicinus
1174 476 1371 517 audirem.
1434 474 1556 518 Clodi

216 535 474 576 vestibulum
489 549 667 575 vacuum
688 548 786 575 sane
806 534 911 575 mihi
924 534 1214 588 nuntiabatur,
1234 535 1378 588 paucis
1399 549 1555 589 panno-

217 594 274 634 sis
305 594 416 634 linea
446 593 650 634 lanterna.
701 592 797 633 Meo
830 593 1007 634 consilio
1040 593 1181 634 omnia
1205 593 1269 634 illi
1294 594 1386 634 fieri
1413 608 1556 647 quere-

216 652 373 693 bantur
416 652 572 706 ignari,
627 654 831 705 quantum
881 651 926 692 in
968 651 1042 692 illo
1087 651 1214 692 heroe
1258 654 1364 692 esset
1414 652 1554 705 animi,

217 713 423 764 quantum
467 711 595 751 etiam
639 710 814 751 consilii.
883 710 1075 750 Miranda
1118 710 1254 751 virtus
1299 713 1373 751 est.
1432 709 1555 752 Nova
1576 726 1609 751 10

217 769 420 823 quaedam
452 769 593 809 divina
623 769 765 822 mitt03
805 768 876 809 sed
907 768 1009 809 haec
1041 783 1204 809 summa
1235 772 1308 810 est.
1373 766 1555 810 Comitia

215 827 306 869 fore
332 842 419 868 non
445 827 646 881 arbitror3
671 842 789 867 reum
809 826 1020 880 Publium,
1051 827 1135 867 nisi
1162 829 1258 868 ante
1279 826 1441 868 occisus
1463 827 1555 882 erit,

215 886 305 927 fore
345 901 368 926 a
399 885 558 926 Milone
595 888 717 940 puto3
757 886 792 926 si
832 900 874 926 se
912 886 956 925 in
994 885 1121 926 turba
1159 886 1196 926 ei
1238 886 1397 927 obviam
1435 885 1555 926 obtu—

214 943 326 999 lerit,
359 944 543 985 occisum
573 944 626 984 iri
658 944 710 984 ab
743 944 835 997 ipso
868 943 1026 985 Milone
1057 944 1188 985 video.
1250 943 1351 986 Non
1387 943 1554 984 dubitat

215 1002 368 1056 facere,
412 1017 512 1056 prae
553 1017 596 1043 se
637 1002 736 1057 fert3
778 1017 920 1043 casum
952 1002 1073 1043 illum
1104 1005 1298 1043 nostrum
1334 1016 1421 1043 non
1452 1002 1554 1043 exti-
1574 1017 1607 1043 15

215 1061 374 1102 mescit.
436 1060 682 1114 Numquam
725 1060 836 1101 enim
877 1061 1123 1114 cuiusquam
1164 1061 1296 1101 invidi
1327 1064 1368 1102 et
1405 1060 1554 1114 perfidi

216 1119 393 1161 consilio
427 1122 491 1159 est
522 1133 678 1159 usurus
709 1133 786 1159 nec
818 1119 945 1160 inerti
976 1119 1111 1159 nobili
1144 1119 1388 1160 crediturus.

306 1176 397 1217 Nos
430 1177 570 1217 animo
604 1177 825 1217 dumtaxat
857 1177 1059 1231 vigemus,
1092 1177 1219 1218 etiam
1250 1177 1397 1231 magis,
1429 1191 1553 1229 quam

216 1248 312 1275 cum
343 1234 609 1289 florebamus,
641 1249 684 1275 re
709 1235 907 1275 familiari
934 1235 1180 1275 comminuti
1206 1250 1360 1276 sumus.
1405 1234 1552 1283 Quinti

214 1293 360 1333 fratris
393 1296 532 1333 tamen
570 1292 819 1333 liberalitati
856 1307 933 1346 pro
971 1293 1245 1334 facultatibus
1285 1293 1462 1346 nostris,
1499 1308 1551 1334 ne
1571 1310 1606 1334 20

216 1351 388 1392 omnino
421 1351 652 1392 exhaustus
684 1366 830 1403 essem,
862 1352 935 1392 illo
968 1354 1187 1392 recusante
1220 1351 1419 1392 subsidiis
1453 1352 1552 1392 ami-

215 1423 358 1450 corum
406 1409 712 1462 respondimus.
784 1409 893 1458 Quid
939 1410 1103 1450 consilii
1149 1410 1198 1450 de
1245 1410 1359 1451 omni
1403 1413 1551 1451 nostro

215 1470 333 1508 statu
354 1468 583 1522 capiamus,
615 1471 657 1508 te
684 1468 857 1508 absente
882 1469 1103 1509 nescimus.
1154 1467 1289 1517 Quare
1309 1468 1551 1522 adpropera.

846 1571 918 1613 IV.

473 1640 546 1675 Ser.
575 1641 710 1675 Romae
734 1641 809 1674 ΙΙΙ
829 1641 876 1674 K.
905 1641 1010 1675 Febr.
1038 1652 1069 1674 α.
1099 1644 1171 1675 698
1199 1643 1289 1684 (56).
1570 1648 1604 1672 ‘25

616 1698 806 1733 CICERO
829 1699 1020 1733 ATTICO
1046 1699 1153 1733 SAL.

300 1757 590 1799 Periucundus
627 1759 733 1799 mihi
766 1757 935 1800 Cincius
974 1759 1054 1799 fuit
1093 1762 1189 1800 ante
1227 1758 1335 1799 diem
1374 1769 1425 1798 111
1455 1758 1548 1799 Kal.

212 1815 333 1857 Febr.
367 1820 463 1857 ante
495 1817 649 1871 lucem,
692 1817 801 1857 dixit
842 1817 953 1858 enim
993 1817 1098 1858 mihi
1138 1820 1181 1858 te
1221 1831 1310 1857 esse
1349 1816 1395 1856 in
1425 1815 1550 1857 Italia

212 1889 384 1928 seseque
417 1875 468 1915 ad
500 1878 542 1916 te
573 1889 726 1928 pueros
759 1875 939 1916 mittere.
1002 1875 1115 1924 Quos
1143 1875 1230 1916 sine
1260 1874 1363 1915 meis
1391 1874 1547 1916 litteris

212 1934 272 1973 ire
302 1933 433 1986 nolui,
464 1947 551 1974 non
580 1948 662 1987 quo
689 1933 900 1987 haberem,
933 1934 1045 1987 quod
1070 1933 1162 1988 tibi,
1193 1933 1439 1986 praesertim
1464 1933 1548 1974 iam
1569 1950 1602 1975 30

211 2005 344 2044 prope
374 1992 605 2045 praesenti,
648 1992 893 2046 scriberem,
934 1991 1005 2032 sed
1045 1994 1092 2032 ut
1131 1991 1212 2032 hoc
1251 1991 1392 2045 ipsum
1423 1991 1549 2046 signi-

213 2049 398 2103 ficarem,
439 2049 545 2090 mihi
586 2053 708 2090 tuum
750 2050 977 2091 adventum
1009 2049 1307 2090 suavissimum
1340 2053 1550 2103 exspecta-

212 2107 509 2162 tissimumque
542 2122 641 2149 esse.
705 2107 840 2156 Quare
870 2107 1019 2149 advola
1051 2107 1102 2148 ad
1132 2122 1210 2148 nos
1238 2122 1284 2148 eo
1318 2108 1469 2161 animo,
1500 2110 1549 2148 ut

211 2177 289 2205 nos
310 2180 435 2219 ames,
467 2169 509 2207 te
535 2166 665 2207 amari
692 2166 809 2207 scias.
862 2165 1010 2206 Cetera
1041 2179 1181 2206 coram
1208 2180 1390 2221 agemus.
1434 2165 1548 2207 Haec

211 2227 485 2276 properantes
519 2225 774 2278 scripsimus.
837 2223 927 2272 Quo
969 2224 1034 2264 die
1066 2225 1225 2278 venies,
1266 2225 1414 2278 utique
1454 2238 1548 2265 cum
1567 2239 1601 2266 35

211 2281 298 2321 tuis
331 2282 439 2334 apud
471 2297 537 2323 me
569 2283 662 2324 eris.
