1665 2553
646 111 683 145 P.
708 113 904 145 160—170.
1367 108 1448 142 LIII

106 205 200 250 quod
225 205 361 240 homini
385 204 503 239 alieno
530 205 689 249 (ignoto),
715 215 816 248 quem
835 203 1004 247 quidem>
1029 213 1226 246 numquam
1245 202 1336 236 vidit
1354 202 1445 235 Leh*

106 263 219 286 mann
248 251 541 286 ‘Jahresberioht
567 251 630 285 des
662 250 791 295 philol.
818 249 986 284 Vereins’
1017 252 1106 283 1888
1132 261 1166 293 p.
1196 252 1275 291 257,
1303 248 1348 282 de
1375 247 1446 282 Cio.

108 299 156 332 ad
181 299 256 332 Att.
288 309 342 343 ep.
372 310 407 342 p.
439 301 505 332 196
531 309 582 341 sq.
616 319 661 323 —
694 301 737 331 29
763 298 911 339 oblitus,
945 307 1098 341 maynus
1136 298 1214 340 (pro
1249 295 1446 340 adiectivo)

107 345 279 380 Wesenb.
295 366 340 370 —
355 349 397 379 31
413 345 706 391 [respondimus]
719 343 893 378 Wesenb.
909 364 954 368 ——
969 347 1011 376 33
1033 344 1109 377 alia
1124 347 1242 378 autem
1261 342 1446 385 Wurceb,

107 392 259 437 Tyrrell.
286 413 331 418 —
356 396 402 426 34
422 393 544 437 potuit
570 392 648 426 sine
668 402 773 425 cruce
792 391 929 434 Baiter,
950 391 1141 434 proposuit
1160 389 1315 432 Bentiv.,
1341 389 1444 433 prob.

107 440 201 474 Boot
232 442 324 484 (sqq.
352 438 420 473 sic:
447 440 520 473 nisi
544 439 635 481 forte
660 439 753 473 dolet
777 439 825 481 ei,
858 438 951 482 quod
981 447 1046 472 suo
1070 437 1215 472 tibicine
1241 437 1374 482 eyebit).
1402 457 1447 461 ——

108 491 151 520 36
172 488 234 531 qui
260 486 362 520 codd.
385 485 495 519 WOP
516 485 718 530 (Lehmann
738 485 813 519 Att.
833 497 867 529 p.
892 486 983 529 183),
1010 484 1090 528 quis
1108 483 1212 518 NMs.
1234 505 1279 508 —
1297 483 1349 517 Π).
1371 484 1448 518 eius

106 538 221 568 status
246 532 391 566 WOPN
418 533 621 576 (Lehmann
645 532 722 566 Att.
737 544 771 576 p.
787 536 842 575 39,
865 534 955 576 183),
981 535 1095 566 status
1120 532 1196 565 eius
1221 530 1289 574 Ms,
1317 530 1398 564 edd.
1436 530 1449 576 Η

155 581 200 615 P.
228 580 317 615 168.
345 584 388 613 14
419 580 478 614 Et
508 581 593 614 heus
623 583 663 614 tu
695 579 817 622 codd.,
856 577 1015 622 Tyrrell,
1055 577 1134 612 Sed
1165 579 1196 612 h.
1218 582 1241 612 t.
1268 577 1364 621 vulg.
1402 576 1444 610 V.

107 639 142 671 p.
163 631 242 661 476.
266 631 302 670 1,
335 627 460 660 Lehm.
483 626 649 667 Quaestt.
669 638 704 670 p.
727 630 768 660 63
797 636 850 660 ex,
889 647 933 650 —
974 629 1015 658 15
1042 626 1161 659 iamne
1185 635 1246 659 vos
1266 623 1323 667 ΖΒ,
1351 624 1446 667 edd„

107 685 205 718 yenu
215 674 335 708 arios
360 672 425 707 MC
451 676 600 717 propter
625 673 872 707 tabellarios
896 684 927 706 V.
951 676 1010 715 14,
1045 672 1193 706 Genuae
1218 683 1278 706 vos
1306 672 1446 705 ‘natiir-

108 721 183 755 lich
220 721 290 754 mit
327 720 518 754 Turnebus
561 720 805 754 einzusetzen’
842 718 881 753 O.
896 719 936 752 E.
959 718 1126 753 Schmidt
1166 718 1253 752 ‘Der
1282 718 1444 752 Briefw.’

108 780 142 812 p.
157 771 267 802 440n.
297 767 519 801 Prudentius
545 767 649 800 Boot.
689 788 732 791 —
773 770 815 800 19
840 766 943 800 Haec
975 765 1078 799 codd.
1105 767 1252 809 praeter
1277 765 1315 798 M
1341 765 1446 807 (Leh-

108 825 220 847 mann
240 815 315 848 Att.
337 826 370 858 p.
393 818 448 857 25,
469 818 524 857 29,
545 818 600 857 34,
615 818 658 847 43
681 824 746 856 ex„
775 817 851 856 160,
873 816 965 857 183),
985 812 1139 856 Tyrrell,
1159 813 1222 846 hoe
1241 812 1289 853 M,
1310 812 1447 855 Baiter,

110 861 295 903 IVesenb„
323 861 425 894 Boot.
452 861 511 894 Ad
536 873 570 904 p.
594 864 646 894 12.
670 864 700 894 6.
727 881 772 885 -
799 864 843 894 20
858 871 909 903 sq.
937 860 1025 893 mihi
1056 860 1196 893 obviam
1220 859 1315 893 venit
1341 858 1446 892 codd.

108 909 256 952 praeter
286 908 324 941 M
356 907 559 951 <Lehmann
590 907 667 941 Att.
699 919 734 951 p.
768 910 823 950 25,
844 910 899 949 29,
926 910 981 948 31,
1008 910 1063 948 34,
1090 909 1132 939 39
1155 916 1220 947 ex,
1249 909 1326 948 164,
1354 907 1446 949 183),

108 955 204 989 venit
229 955 317 988 mihi
348 955 485 989 obviam
511 954 560 997 M,
587 954 668 988 edd.
696 975 740 979 —
767 957 810 988 28
837 964 926 997 quae
957 953 1005 995 Μ,
1032 953 1140 994 Boot,
1174 952 1328 996 Tyr-rell,
1354 953 1448 996 quod

108 1001 244 1043 Wuro,
258 1001 395 1043 Baiter,
415 1000 588 1034 Wesenb.
609 1001 667 1034 An
692 1001 820 1044 quoius
838 1001 1015 1034 hereditas
1027 1004 1041 1033 ἱ)
1061 1021 1106 1024 —-
1125 999 1177 1032 Ib.
1193 999 1448 1044 [Pompeium]

108 1048 260 1092 Tyrrell.
288 1069 333 1073 —-
359 1051 401 1081 33
428 1049 582 1082 uxoris
616 1048 717 1081 illius
749 1047 921 1089 SchuetZ,
953 1046 1138 1088 Wesenb.,
1165 1045 1309 1089 Tyrrell
1344 1045 1447 1089 (Her-
1490 1073 1497 1076 .

108 1095 222 1129 math.
244 1094 310 1128 VH
325 1098 414 1129 1890
433 1107 468 1139 p.
484 1096 543 1139 41)
561 1094 715 1139 probab.
753 1096 764 1138 ΙΙ
801 1094 846 1128 Ρ.
862 1094 951 1127 169.
973 1098 991 1126 3
1013 1094 1134 1137 ipsas
1152 1094 1314 1127 Athenas
1334 1091 1448 1126 Orelli

109 1141 275 1175 Eleusini
302 1141 438 1186 opponi
462 1143 583 1185 putat,
618 1141 663 1175 ‘si
688 1142 787 1174 reete
815 1151 852 1174 se
884 1140 1008 1174 habet.
1054 1140 1225 1173 Fortasse
1250 1140 1367 1182 istas',
1392 1139 1447 1172 id-

110 1199 181 1232 que
212 1188 343 1222 laudat
373 1188 475 1222 Boot.
519 1189 626 1232 Ipsas
656 1188 817 1222 Athenas
847 1187 966 1231 possis
999 1188 1139 1220 vertere
1173 1186 1310 1220 ‘Athen
1341 1186 1447 1219 fiber-

109 1236 239 1280 haupt,
265 1235 316 1268 im
341 1234 612 1279 Allgemeinen'
645 1236 710 1268 aut
731 1235 867 1278 ‘ganz'.
914 1234 964 1268 Cf.
987 1244 1097 1277 supra
1116 1246 1151 1277 p.
1173 1237 1227 1267 46.
1244 1237 1287 1266 29
1308 1234 1450 1276 Epirus

110 1284 201 1326 ipsa,
223 1281 280 1316 off.
295 1285 424 1326 p.42.3
447 1282 501 1316 ed.
520 1285 620 1322 1882,
643 1281 784 1315 Goethe
806 1281 853 1314 ad
872 1281 975 1314 n.d.1
996 1284 1115 1324 1437,
1136 1280 1271 1313 Plin.II
1286 1284 1364 1322 102,
1382 1284 1448 1313 144

110 1331 185 1373 ipse
211 1329 376 1371 mundus,
410 1327 481 1363 Cio.
503 1329 635 1363 n.d.II
654 1332 792 1362 49.126
820 1330 856 1362 et
883 1327 1100 1371 saepissime
1125 1338 1247 1372 yenus,
1273 1326 1382 1370 Verg.
1406 1326 1446 1360 G.

110 1376 246 1409 111387
274 1376 383 1418 aries,
415 1375 465 1408 IV
480 1379 545 1409 543
573 1386 734 1419 corpora,
767 1374 932 1418 Wagner
958 1374 1124 1415 Quaestt.
1152 1386 1186 1418 p.
1204 1377 1283 1416 467,
1310 1373 1447 1417 Paneg.

111 1422 183 1456 Pis.
204 1425 249 1455 44
274 1423 372 1465 fora,
404 1422 477 1456 Iuv.
501 1426 531 1456 1.
548 1426 613 1455 127
640 1422 731 1465 (lies,
762 1432 882 1464 neque
915 1420 1024 1454 aliter
1049 1420 1227 1465 intellego
1253 1432 1287 1464 p.
1310 1424 1448 1454 270.16

114 1470 229 1512 ipsum
249 1469 451 1511 dimidium,
468 1472 575 1502 93.2Ο
596 1469 749 1513 triyz’nta
768 1469 852 1511 dies,
875 1472 1003 1501 130.21
1020 1468 1144 1510 decem,
1162 1471 1292 1501 182.19
1307 1468 1449 1511 viyinti,

114 1519 190 1549 171.
213 1519 256 1549 28
276 1516 438 1550 tridatem
458 1517 525 1549 eto.
565 1515 637 1549 Sed
656 1515 785 1548 malim
802 1514 1038 1559 interpretari
1061 1516 1123 1548 ‘an
1144 1514 1234 1557 sich,
1248 1525 1310 1547 um
1331 1514 1451 1548 seiner

113 1562 230 1596 selbst
254 1562 392 1596 willen'
421 1564 464 1595 ut
482 1562 583 1596 Verr.
610 1561 660 1595 IV
687 1566 717 1595 2.
745 1566 763 1595 3
791 1574 832 1596 ea
864 1563 987 1596 domus
1011 1562 1095 1596 urbi
1119 1565 1195 1595 erat
1223 1565 1429 1595 ornamento
1438 1574 1450 1603 ;

112 1621 197 1643 nam
222 1609 319 1653 ipsa
346 1609 520 1643 BIessana
551 1620 666 1643 vacua
697 1613 800 1652 atque
821 1609 932 1642 nuda
957 1613 1021 1651 est,
1054 1608 1113 1641 fin.
1134 1608 1167 1641 II
1193 1611 1236 1642 26
1253 1619 1305 1641 ex.
1328 1611 1370 1641 85
1398 1619 1450 1641 me

111 1657 231 1699 ipsum
261 1667 356 1690 ames
387 1660 536 1700 oportet,
566 1666 641 1689 non
665 1667 757 1697 mea,
785 1654 842 1689 off.
870 1667 903 1699 p.
932 1658 985 1689 64.
1008 1659 1027 1688 6
1055 1655 1109 1688 ed.
1139 1658 1246 1696 1882,
1280 1653 1450 1697 Seyfferti

113 1702 212 1736 Lael.
233 1714 266 1746 p.
290 1706 368 1745 121,
388 1706 468 1745 478,
488 1702 654 1746 Wagner
673 1701 782 1745 Verg.
805 1701 969 1743 Quaestt.
990 1714 1024 1745 p.
1046 1705 1126 1744 468,
1148 1700 1219 1734 Cic.
1243 1699 1319 1734 Cat.
1341 1701 1373 1733 II
1395 1704 1449 1733 11.

115 1753 156 1782 25
188 1750 244 1783 his
273 1750 376 1784 rebus
407 1750 546 1783 omissis
582 1760 710 1783 causas
746 1750 844 1792 ipsas
881 1749 1102 1791 contendere,
1135 1747 1196 1781 hie
1226 1759 1260 1791 p.
1289 1751 1365 1780 216.
1394 1750 1450 1789 22,

114 1795 206 1829 alibi
234 1795 365 1839 ‘bloss,
391 1808 476 1839 nur,
504 1795 668 1839 absolut,
696 1795 981 1839 selbststandig,
1009 1794 1226 1839 eigentlicsh,
1253 1793 1449 1827 wirklich’.

114 1863 159 1866 —
185 1846 206 1875 4
232 1853 345 1876 meum
372 1843 455 1876 add.
482 1844 567 1886 post
598 1846 863 1876 monumentum
894 1841 1036 1886 Tyrrell
1062 1841 1192 1874 Bootio
1220 1841 1378 1873 auctore.
1406 1861 1451 1864 —

115 1893 156 1922 21
178 1889 356 1923 haetenus.
384 1890 538 1923 dixerim
558 1890 658 1931 vett,
679 1888 815 1931 Baiter,
835 1889 1023 1923 haetenus:
1049 1888 1199 1922 dixerim
1220 1887 1263 1920 H.
1286 1886 1328 1921 A.
1348 1886 1451 1920 Koch

113 1946 234 1979 progr.
249 1936 346 1969 Port.
364 1939 455 1970 1868
480 1948 515 1980 p.
532 1939 585 1969 24.
608 1957 653 1960 —
674 1939 716 1968 22
733 1937 845 1979 plura
864 1935 961 1977 Ern.,
982 1934 1094 1976 Wes.,
1114 1934 1217 1975 Boot,
1239 1933 1346 1976 quasi
1366 1944 1451 1966 vero

115 1982 154 2015 in
179 1983 231 2016 vel
251 1983 422 2026 plurimis
442 1993 514 2016 non
534 1982 650 2015 insint
671 1983 793 2026 plura.
828 1980 878 2016 Cf.
896 1986 973 2015 213.
991 1986 1044 2015 35.
1060 2002 1104 2005 -
1120 1984 1162 2013 33
1184 1980 1271 2025 [ac]
1290 1979 1451 2023 Ernesti,

115 2028 287 2062 Wesenb.
325 2031 336 2070 ΙΙ
372 2029 418 2064 Ρ.
440 2029 529 2064 170.
550 2033 570 2062 3
590 2030 631 2063 in
650 2040 718 2073 quo
738 2040 821 2063 eum
839 2030 991 2062 recentt.
1015 2028 1094 2061 edd.
1118 2026 1287 2060 omnibus
1309 2026 1451 2070 scripsi,

115 2075 208 2118 quod
240 2075 361 2117 codd.,
400 2086 473 2109 non
511 2087 582 2119 quo
622 2076 770 2109 credam
801 2075 956 2109 Ernesto
994 2074 1064 2107 hoc
1096 2073 1243 2107 omnino
1276 2073 1451 2107 Latinum

117 2132 196 2155 esse
221 2122 390 2165 neganti,
418 2122 483 2156 sed
507 2124 659 2166 propter
690 2122 842 2155 nimiam
872 2121 1103 2155 facilitatem.
1138 2119 1179 2153 V.
1202 2120 1249 2153 ad
1274 2132 1308 2164 p.
1332 2124 1384 2153 17.
1408 2123 1451 2153 27

117 2170 153 2201 et
178 2171 232 2201 40.
254 2172 307 2202 30.
334 2189 379 2193 —
402 2169 455 2203 Ib.
483 2180 542 2214 eqo
569 2180 637 2203 om.
665 2168 837 2202 Wesenb.
864 2168 1013 2209 invitus,
1039 2168 1081 2200 ut
1099 2166 1255 2200 videtur.
1282 2187 1327 2191 —
1354 2170 1373 2200 9
1399 2178 1452 2201 re-

109 2215 280 2259 prehencl.
310 2215 390 2248 edd.
417 2215 476 2248 Ad
494 2228 529 2259 p.
553 2220 629 2249 105.
651 2219 682 2249 8.
704 2237 748 2240 —
767 2215 819 2248 Ib.
840 2219 981 2249 tantum
1002 2213 1127 2256 Orelli,
1152 2213 1288 2256 Baiter,
1310 2213 1452 2257 Tyri-el]

117 2272 171 2305 ep.
199 2264 279 2301 256,
304 2265 378 2295 tum
403 2261 452 2304 M,
478 2266 551 2297 tam¹
576 2262 686 2305 vulg,
712 2261 898 2303 Wesenb.,
924 2261 1018 2294 Boot
1042 2260 1199 2294 fortasse
1224 2262 1340 2302 reete,
1367 2270 1453 2293 nam

116 2319 139 2341 a
165 2309 334 2352 apertum
359 2307 474 2341 fuisse
505 2308 543 2342 in
571 2309 769 2352 archetypo
800 2307 919 2341 multa
946 2309 1031 2340 sunt
1061 2307 1211 2341 indicia.
1239 2328 1283 2331 —
1311 2310 1353 2340 10
1379 2307 1454 2341 sint
