1665 2553
339 101 681 136 EPISTULARUM
707 102 772 136 AD
798 103 1015 138 ATTICUM
1039 103 1125 137 VIII
1152 107 1277 139 9-11.
1399 104 1485 146 235

136 212 226 239 non
257 197 432 252 solvere,
463 197 645 238 aliorum
676 198 786 239 diem
817 198 1006 239 nondum
1040 213 1140 240 esse.
1200 198 1324 239 Dixit
1356 200 1486 240 etiam

140 256 223 297 alia
260 255 465 310 quaedam
504 256 554 297 de
595 257 773 298 servulis
814 257 920 311 suis,
965 272 1094 312 quare
1130 258 1355 299 nobiscum
1397 272 1486 299 esse

138 329 227 356 non
255 317 411 369 posset.
467 314 632 356 Morem
664 316 794 370 gessi,
827 316 968 357 dimisi
1001 331 1024 357 a
1054 330 1122 357 me
1152 319 1201 357 ut
1233 317 1488 371 magistrum

141 372 394 415 Ciceronum
436 387 524 414 non
565 374 779 430 lubenter,
822 378 870 415 ut
907 374 1124 416 hominem
1154 375 1371 429 ingratum
1401 390 1490 416 non

105 449 122 475 5
143 432 314 473 invitus.
365 432 496 474 Volui
527 435 569 473 te
602 433 719 488 scire,
751 437 792 474 et
819 433 920 488 quid
948 447 1025 488 ego
1052 433 1102 475 de
1129 434 1218 475 eius
1245 434 1357 475 facto
1383 434 1489 475 iudi-

141 505 290 532 carem.

778 608 851 650 XI.

343 689 417 725 Ser.
439 690 479 723 in
507 688 707 724 Formiano
731 689 807 723 III
826 688 875 723 K.
897 689 1012 724 Mart.
1034 700 1066 723 a.
1091 691 1162 724 705
1190 691 1280 733 (49).

568 769 736 805 CICERO
762 769 936 804 ATTICO
965 770 1062 805 SAL.

88 859 123 885 10
233 842 353 891 Quod
396 857 463 884 me
498 857 653 897 magno
692 842 821 883 animi
857 844 978 883 motu
1014 843 1313 897 perturbatum
1351 845 1489 898 putas,

145 917 239 943 sum
272 902 477 956 equidem,
509 902 581 942 sed
611 916 698 942 non
728 903 817 941 tam
848 915 1014 956 magnO,
1048 916 1173 955 quam
1199 902 1281 942 tibi
1307 902 1490 942 fortasse

142 960 299 1002 videor.
362 960 546 1001 Levatur
585 960 697 1001 enim
729 959 866 1000 omnis
908 974 1023 1014 cura,
1063 974 1159 1001 cum
1190 963 1263 1001 aut
1296 960 1512 1001 constitit.

144 1019 387 1074 consilium,
426 1022 498 1060 aut
539 1018 764 1073 cogitando
796 1018 905 1059 nihjl
938 1019 1184 1072 explicatur.
1246 1018 1490 1060 Lamentari

145 1080 286 1118 autem
323 1077 422 1118 licet
461 1078 568 1118 illud
605 1077 775 1131 quidem
813 1079 929 1117 totos
970 1077 1075 1131 dies3
1122 1077 1193 1118 sed
1224 1092 1390 1133 vereor,
1425 1092 1491 1133 ne,

90 1153 124 1177 15
144 1136 254 1176 nihil
286 1151 381 1177 cum
411 1136 641 1191 proficiam,
674 1136 801 1176 etiam
833 1135 1023 1177 dedecori
1057 1136 1137 1176 sim
1169 1136 1322 1177 studiis
1349 1151 1396 1177 ac
1420 1136 1490 1176 lit-

143 1195 247 1235 teris
288 1195 460 1236 nostris.
523 1193 737 1236 Consumo
776 1194 910 1249 igitur
948 1208 1072 1235 omne
1103 1197 1270 1248 tempus
1303 1194 1490 1236 conside-

143 1267 261 1308 rans,
306 1256 465 1306 quanta
507 1254 571 1295 vis
617 1253 673 1294 sit
711 1253 827 1294 illius
864 1253 963 1308 viri,
1007 1267 1132 1306 quem
1167 1253 1328 1294 nostris
1364 1253 1488 1294 libris

146 1311 249 1352 satis
283 1312 520 1368 diligenter,
556 1314 604 1352 ut
641 1311 724 1352 tibi
756 1312 925 1365 quidem
957 1312 1159 1363 videmur,
1192 1312 1488 1365 expressimus.

145 1370 335 1411 Tenesne
374 1371 528 1426 igitur,
569 1370 878 1411 moderatorem
916 1370 1037 1411 illum
1075 1370 1136 1411 rei
1178 1371 1372 1424 publicae
1404 1385 1488 1424 quo

90 1446 127 1470 ‘20
145 1429 302 1469 referre
338 1429 517 1470 velimus
557 1429 728 1470 omnia?
779 1428 891 1470 Nam
930 1429 989 1470 sic
1027 1429 1196 1483 quinto,
1237 1432 1285 1470 ut
1327 1429 1490 1485 opinor,

145 1487 191 1527 in
237 1487 348 1528 libro
398 1487 589 1541 loquitur
634 1487 791 1541 Scipio:
855 1487 936 1528 ‘Ut
980 1488 1110 1528 enim
1153 1487 1486 1542 gubernatori

146 1560 324 1586 cursus
359 1546 624 1601 secundus,
654 1546 843 1586 medico
876 1546 1036 1601 salus,
1061 1546 1359 1599 imperatori
1390 1547 1490 1587 vic—

146 1604 298 1657 toria,
344 1604 413 1644 sic
456 1604 572 1645 huic
608 1604 917 1645 moderatori
955 1605 1028 1645 rei
1066 1604 1302 1658 publicae
1340 1605 1489 1645 beata

147 1662 335 1703 civium
383 1663 490 1703 vita
538 1663 804 1716 proposita
855 1665 946 1716 est,
995 1665 1049 1702 ut
1101 1663 1280 1716 opibus
1325 1663 1490 1718 firma,

90 1738 126 1763 25
147 1721 308 1774 copiis
347 1720 593 1774 locuples,
631 1721 796 1775 gloria
828 1721 1008 1774 ampla,
1045 1721 1244 1762 virtute
1274 1721 1490 1762 honesta

147 1779 225 1820 sit.
287 1779 445 1820 Huius
484 1779 613 1820 enim
652 1780 818 1832 operis
854 1778 1058 1819 maximi
1096 1779 1230 1819 inter
1260 1778 1487 1820 homines

147 1840 297 1891 atque
330 1838 511 1892 optimi
542 1837 687 1878 illum
713 1852 822 1878 esse
847 1838 1183 1890 perfectorem
1208 1837 1351 1878 volo.'
1395 1837 1488 1879 Hoc

148 1894 316 1937 Gnaeus
346 1899 492 1937 noster
524 1910 620 1936 cum
651 1898 774 1936 antea
804 1910 1036 1949 numquam
1069 1898 1160 1935 tum
1192 1895 1237 1935 in
1260 1895 1339 1936 hac
1364 1910 1491 1936 causa

147 1954 320 1995 minime
353 1955 569 2009 cogitavit.
619 1953 867 1995 Dominatio
901 1954 1093 2008 quaesita
1126 1954 1177 1994 ab
1204 1956 1387 2007 utroque
1414 1957 1491 2010 est,

93 2029 129 2054 30
147 2026 235 2052 non
265 2013 308 2053 id
340 2016 492 2068 actum,
524 2013 648 2054 beata
681 2015 721 2053 et
752 2012 931 2054 honesta
963 2012 1111 2053 civitas
1143 2014 1191 2052 ut
1224 2015 1344 2053 esset.
1400 2011 1491 2054 Nec

147 2084 245 2111 vero
283 2071 355 2111 ille
393 2072 541 2112 urbem
572 2071 766 2125 reliquit,
805 2071 918 2124 quod
951 2085 1040 2111 eam
1072 2071 1184 2111 tueri
1214 2085 1302 2111 non
1332 2074 1491 2126 posset,

146 2143 222 2169 nec
253 2127 434 2183 Italiam,
467 2130 580 2184 quod
613 2144 659 2170 ea
691 2129 932 2184 pelleretur,
964 2129 1036 2170 sed
1060 2128 1141 2169 hoc
1166 2144 1189 2169 a
1215 2129 1352 2182 primo
1379 2131 1491 2185 cogi-

147 2187 269 2241 tavit,
302 2202 446 2228 omnes
478 2192 626 2243 terras,
659 2188 800 2229 omnia
824 2189 957 2228 maria
981 2202 1163 2242 movere,
1194 2201 1314 2242 reges
1341 2188 1491 2229 barba—

147 2260 218 2286 ros
250 2246 442 2301 incitare,
479 2250 624 2301 gentes
656 2247 764 2287 feras
798 2249 980 2287 armatas
1012 2246 1057 2286 in
1082 2245 1251 2286 Italiam
1277 2246 1491 2300 adducere,

95 2319 128 2346 35
149 2304 356 2345 exercitus
389 2305 590 2346 conficere
615 2305 834 2346 maximos.
881 2304 1022 2346 Genus
1048 2304 1154 2345 illud
1181 2303 1344 2346 Sullani
1370 2306 1493 2360 regni

1515 1845 1534 1874 Ν)
