1665 2553
218 68 302 109 396
643 69 690 103 Μ.
717 69 858 104 TULLI
884 68 1131 104 CICERONIS

848 187 922 229 IV.

476 267 550 303 Ser.
572 269 612 302 in
640 267 847 303 Tusculano
873 269 922 303 K.
943 269 1028 303 Iun.
1049 280 1083 304 a.
1106 272 1177 304 709
1205 272 1296 314 (45).

621 349 811 384 CICERO
836 350 1027 386 ATTICO
1051 351 1160 386 SAL.

172 432 189 462 1
305 421 452 463 Habeo
491 436 646 462 munus
686 437 709 462 a
749 424 791 463 te
832 422 1095 464 elaboratum
1135 423 1275 464 decem
1305 423 1556 479 legatorum.

218 480 276 521 Et
314 481 482 534 quidem
520 482 567 522 de
600 481 805 522 Tuditano
841 482 948 522 idem
978 485 1095 535 puto.
1156 481 1268 523 Nam
1299 483 1413 523 filius
1446 497 1554 524 anno
1593 500 1610 525 5

170 549 190 579 2
218 541 315 593 post
348 542 548 593 quaestor
578 539 661 579 fuit
688 554 814 593 quam
840 540 988 580 consul
1014 540 1257 582 Mummius.
1310 540 1402 596 Sed,
1428 556 1557 596 quon-

217 598 302 638 iam
341 598 508 651 saepius
548 597 597 639 de
633 598 879 639 nominibus
918 599 1084 652 quaeris
1124 600 1226 654 quid
1256 599 1439 655 placeat,
1478 614 1556 655 ego

218 671 386 710 quoque
423 656 505 697 tibi
543 656 710 710 saepius
752 657 985 710 respondeo
1018 658 1191 711 plaeere.
1255 657 1301 699 Si
1333 659 1434 712 quid
1465 661 1557 713 pot-

218 715 313 770 eris,
344 730 437 756 eum
469 714 623 756 Pisone
660 715 872 769 conficies3
913 715 1047 756 Avius
1080 717 1192 757 enim
1222 717 1390 758 videtur
1421 717 1467 758 in
1498 717 1556 758 of-

215 774 312 814 ficio
356 774 538 814 futurus.
605 772 748 814 Velim
793 777 889 815 ante
925 775 1082 829 possis3
1133 776 1170 816 si
1205 776 1365 830 minus,
1408 776 1556 830 utique
1576 793 1610 817 10

217 832 344 873 simul
393 833 544 886 simus7
589 846 718 886 quom
766 831 926 874 Brutus
975 834 1116 875 veniet
1165 835 1206 875 in
1258 834 1554 876 Tusculanum.

216 890 361 945 Magni
398 891 576 932 interest
613 906 707 932 mea
743 906 826 932 una
862 906 940 932 nos
974 907 1074 933 esse.
1138 892 1251 934 Scies
1285 896 1444 948 autem,
1482 894 1556 948 qui

216 950 303 990 dies
353 950 389 990 is
428 950 597 990 futurus
641 949 715 1005 sit,
765 950 801 990 si
844 965 976 1004 puero
1016 952 1237 1006 negotium
1280 951 1458 1007 dederis,
1507 955 1555 993 ut

215 1012 399 1062 quaerat.

854 1101 903 1143 V.
1573 1121 1607 1146 15

413 1181 487 1217 Ser.
507 1182 549 1215 in
577 1182 780 1216 Tusculano
804 1183 869 1216 IV
889 1183 986 1217 Non.
1006 1184 1091 1217 Iun.
1113 1195 1146 1217 a.
1168 1186 1240 1218 709
1267 1186 1355 1227 (45).

616 1263 806 1299 CICERO
829 1264 1021 1299 ATTICO
1046 1265 1154 1299 SAL.

166 1347 184 1376 1
304 1334 371 1389 Sp.
405 1334 658 1375 Mummium
702 1338 897 1389 putaram
939 1336 985 1376 in
1029 1336 1169 1377 decem
1212 1337 1365 1392 legatis
1409 1338 1553 1392 fuisse,

214 1394 285 1435 sed
333 1393 528 1434 videlieet
580 1392 755 1449 (etenim
810 1393 1014 1450 εὔλογον)
1058 1395 1182 1436 fratri
1232 1396 1374 1437 fuisse.
1453 1395 1552 1437 Fuit

213 1453 325 1493 enim
368 1452 420 1492 ad
465 1450 729 1493 Corinthum.
800 1452 900 1494 Misi
943 1453 1024 1494 tibi
1067 1454 1342 1508 Torquatum.
1414 1453 1552 1496 Collo-
1571 1473 1606 1497 20

214 1525 339 1565 quere
388 1513 436 1551 tu
486 1511 653 1564 quidem
698 1525 793 1552 cum
838 1511 961 1565 Silio,
1012 1515 1059 1553 ut
1104 1513 1272 1568 scribis,
1317 1516 1358 1554 et
1406 1527 1550 1568 urgue.

210 1569 334 1610 Illam
367 1570 476 1610 diem
512 1570 696 1624 negabat
722 1584 812 1611 esse
837 1585 980 1612 mense
1006 1570 1133 1624 Maio,
1165 1571 1290 1614 istam
1315 1586 1402 1613 non
1428 1586 1552 1626 nega—

211 1628 295 1669 bat.
360 1627 440 1669 Sed
476 1630 524 1669 tu
561 1631 609 1668 ut
647 1629 788 1669 onmia
825 1628 934 1670 istuc
972 1644 1140 1683 quoque
1181 1644 1280 1684 ages
1314 1630 1549 1685 diligenter.

211 1686 275 1728 De
320 1686 468 1741 Crispo
520 1689 561 1727 et
611 1686 795 1728 Mustela
845 1688 1022 1742 scilicet,
1072 1703 1200 1742 quom
1251 1689 1353 1742 quid
1402 1689 1549 1743 egeris.

164 1756 185 1786 2
213 1745 421 1794 Quoniam
460 1745 512 1785 acl
542 1745 667 1786 Bruti
706 1746 930 1787 adventum
968 1747 1058 1787 fore
1095 1750 1138 1787 te
1175 1747 1396 1788 nobiscum
1427 1747 1549 1801 polli-
1569 1765 1603 1790 25

212 1805 329 1859 ceris,
363 1804 465 1845 satis
498 1806 573 1859 est,
604 1805 852 1858 praesertim
884 1820 979 1846 oum
1009 1805 1056 1846 hi
1086 1805 1167 1846 tibi
1198 1805 1286 1846 dies
1318 1805 1364 1846 in
1393 1819 1548 1860 magno

209 1866 357 1904 nostro
390 1862 563 1917 negotio
596 1866 908 1905 consumantur.

844 1979 916 2021 VI.

333 2059 406 2094 Ser.
426 2059 584 2095 Asturae
609 2060 696 2094 med.
717 2071 762 2094 m.
784 2060 913 2103 Mart„
937 2065 978 2095 ut
1002 2061 1154 2104 videtur,
1180 2073 1213 2096 α,
1237 2063 1308 2096 709
1336 2063 1426 2105 (45).

611 2141 802 2177 CICERO
825 2142 1018 2177 ATTICO
1042 2142 1149 2177 SAL.
1565 2150 1601 2175 30

165 2223 181 2252 1
299 2211 362 2253 De
400 2227 531 2266 aquae
570 2213 698 2254 ductu
728 2214 860 2268 probe
892 2215 1039 2256 fecisti.
1102 2214 1422 2256 Columnarium
1453 2215 1546 2256 vide

210 2284 261 2310 ne
299 2271 464 2312 nullum
495 2271 736 2327 debeamus3
781 2287 1034 2327 quamquam
1068 2273 1174 2314 mihi
1206 2273 1349 2315 videor
1381 2273 1546 2314 audisse
