1665 2553
211 84 299 125 334
635 84 684 119 M.
712 83 854 118 TULLI
879 82 1127 118 CICERONIS

212 183 383 234 accepto
422 179 538 221 volui
576 180 700 234 seire,
741 179 843 233 quid
880 179 1120 233 scripsisset
1157 179 1209 220 ad
1246 182 1424 236 ceteros3
1467 180 1552 234 ipsi

213 239 325 279 enim
357 238 420 279 illi
451 239 600 292 putavi
632 238 916 292 perniciosum
947 238 1050 293 fore,
1083 237 1119 278 si
1150 238 1240 279 eius
1271 238 1352 280 hoc
1382 242 1551 280 tantum

213 297 348 338 scelus
390 297 732 351 percrebruisset.
796 295 989 351 Cognovi
1027 296 1215 337 eiusdem
1246 297 1423 351 generis.
1484 297 1553 338 Ad

213 358 256 397 te
298 356 406 396 misi.
470 355 582 404 Quas
627 356 664 396 si
707 355 879 409 putabis
923 355 988 395 iffi
1031 355 1115 409 ipsi
1152 355 1258 396 utile
1296 370 1386 397 esse
1423 356 1553 411 reddi,

212 415 372 456 reddes.
428 413 504 455 Nil
540 428 606 455 me
642 414 790 455 laedet.
846 411 976 467 Nam,
1015 414 1129 468 quod
1171 414 1410 468 resignatae
1441 418 1552 469 sunt,
1590 431 1606 457 5

212 473 354 528 habet,
395 474 557 527 opinor,
589 473 678 514 eius
711 473 881 527 signum
910 471 1156 526 Pomponia.
1219 472 1309 514 Hae
1340 473 1412 514 ille
1444 487 1553 515 acer-

213 532 347 573 bitate
387 532 511 572 initio
554 531 840 586 navigationis
882 545 976 572 eum
1013 546 1116 572 usus
1155 534 1284 586 esset,
1327 534 1448 573 tanto
1485 547 1553 573 me

214 591 358 631 dolore
397 590 658 645 adfecit,.ut
695 593 843 644 postea
881 590 1102 645 iacuerim,
1142 604 1279 644 neque
1315 605 1428 632 nuno
1464 593 1554 632 tam

215 664 290 703 pro
325 664 368 690 se
401 663 526 703 quam
558 652 705 690 contra
735 664 803 690 me
833 649 1027 689 laborare
1059 648 1222 689 dieitur.

303 707 369 748 Ita
402 707 598 748 omnibus
630 708 757 748 rebus
788 721 959 762 urgeor3
992 721 1097 761 quas
1130 708 1338 748 sustinere
1363 707 1435 748 vix
1459 722 1555 761 pos-
1574 725 1608 749 10

216 781 309 807 sum
341 766 408 807 vel
432 766 556 820 plane
581 767 700 808 nullo
726 767 851 808 modo
878 780 1063 820 possum.
1115 765 1278 815 Quibus
1304 767 1348 807 in
1372 766 1554 807 miseriis

214 840 299 866 una
331 828 394 866 est
427 839 503 879 pro
532 825 741 879 omnibus,
773 825 885 879 quod
910 825 1038 866 istam
1062 825 1259 866 miseram
1285 825 1556 880 patrimonio,

214 884 387 925 fortuna
420 884 532 924 omni
567 884 793 938 spoliatam
819 883 1068 937 relinquam.
1119 882 1255 932 Quare
1281 886 1336 938 te,
1366 887 1412 925 ut
1434 884 1556 938 polli-

215 943 333 997 ceris,
364 943 506 984 videre
538 943 662 996 plane
693 943 831 983 velim.
882 942 1029 983 Alium
1056 942 1179 998 enim,
1211 943 1279 983 cui
1304 943 1419 983 illam
1447 957 1557 983 com-

213 1002 417 1057 mendem,
436 1002 572 1043 habeo
597 1002 822 1054 neminem,
843 1000 1043 1055 quoniam
1069 1001 1197 1042 matri
1224 1015 1392 1055 quoque
1412 1001 1554 1042 eadem
1575 1017 1608 1043 15

213 1060 403 1101 intellexi
436 1075 527 1101 esse
558 1063 707 1114 parata
739 1074 844 1114 quae
870 1059 986 1101 mihi.
1039 1058 1132 1115 Sed,
1164 1060 1199 1100 si
1224 1074 1291 1100 me
1315 1074 1404 1101 non
1429 1059 1555 1101 offen-

215 1118 299 1172 des,
331 1119 436 1159 satis
469 1122 612 1160 tamen
643 1119 799 1159 habeto
833 1118 1170 1159 commendatam
1202 1122 1486 1172 patruumque
1510 1119 1557 1159 in

215 1179 273 1231 ea3
306 1180 512 1230 quantum
545 1178 718 1233 poteris,
749 1177 958 1231 mitigato.

302 1234 419 1276 Haeo
457 1236 508 1276 ad
549 1239 591 1276 te
629 1235 694 1276 die
731 1235 865 1276 natali
901 1249 995 1275 meo
1036 1234 1195 1288 scripsi.
1259 1234 1350 1283 Quo
1388 1235 1553 1276 utinam

214 1296 435 1347 susceptus
478 1308 566 1335 non
609 1308 761 1347 essem,
805 1296 879 1334 aut
919 1308 972 1334 ne
1011 1293 1112 1346 quid
1150 1308 1199 1334 ex
1238 1293 1381 1334 eadem
1418 1296 1554 1335 matre
1574 1311 1608 1336 20

212 1355 362 1405 postea
392 1355 542 1393 natum
575 1354 702 1393 esset!
752 1351 881 1392 Plura-
913 1351 1094 1393 seribere
1127 1352 1229 1392 fletu
1261 1351 1499 1406 prohibeor.

856 1469 906 1511 X.

455 1549 529 1585 Ser.
552 1550 737 1584 Brundisi
763 1550 853 1584 XII
874 1550 920 1584 K.
944 1550 1049 1585 Febr.
1071 1561 1103 1583 α.
1129 1552 1198 1584 707
1225 1552 1315 1593 (47).

637 1630 806 1666 CICERO
832 1631 1006 1666 ATTICO
1033 1631 1130 1666 SAL.

302 1704 369 1745 Ad
406 1719 519 1745 meas
552 1703 818 1744 incredibiles
852 1703 1136 1758 aegritudines
1169 1703 1329 1756 aliquid
1357 1703 1458 1744 novi
1490 1717 1551 1743 ae·
1572 1720 1606 1746 25

215 1764 325 1804 cedit
358 1778 407 1804 ex
439 1764 504 1818 iis,
537 1777 643 1817 quae
676 1762 725 1802 de
758 1761 802 1810 Q.
831 1761 876 1810 Q.
911 1762 963 1802 ad
993 1776 1061 1802 me
1094 1761 1351 1802 adferuntur.
1407 1760 1450 1801 P.
1478 1761 1552 1802 Te-

213 1822 389 1875 rentius,
421 1836 539 1863 meus
570 1821 844 1875 necessarius,
877 1834 1026 1874 opeias
1051 1820 1096 1861 in
1120 1823 1249 1874 portu
1275 1822 1317 1860 et
1343 1820 1552 1873 scriptura

213 1880 340 1921 Asiae
380 1895 456 1934 pro
488 1880 694 1934 magistro
727 1879 852 1920 dedit.
914 1878 956 1920 Is
989 1877 1193 1927 Quintum
1222 1878 1359 1918 fih'um
1389 1877 1552 1932 Ephesi

213 1939 319 1979 vidit
357 1951 404 1979 VI
435 1938 534 1980 Idus
567 1938 783 1979 Decembi.
817 1952 996 1991 eumque
1027 1937 1214 1978 studiose
1245 1939 1420 1990 propter
1452 1937 1550 1978 ami-
1646 1977 1649 1982 ,

214 1998 358 2038 citiam
394 2001 586 2038 nostram
621 1996 840 2038 invitavit:
885 2010 1064 2050 eumque
1102 2010 1152 2036 ex
1191 2009 1239 2036 eo
1281 1995 1330 2036 de
1362 2010 1429 2036 me
1459 2009 1549 2049 per
1569 2013 1604 2038 30

215 2059 469 2110 contaretur,
501 2071 597 2096 eum
629 2055 710 2096 sibi
742 2054 803 2095 ita
835 2054 992 2095 dixisse
1016 2054 1227 2107 narrabat,
1260 2067 1303 2094 se
1327 2053 1434 2094 mihi
1460 2068 1549 2095 esse

214 2114 572 2169 inimicissimum,
614 2114 897 2167 volumenque
942 2113 1024 2153 sibi
1062 2112 1296 2153 ostendisse
1333 2111 1551 2167 orationis,

217 2187 343 2225 quam
369 2173 479 2226 apud
500 2172 720 2214 Caesarem
747 2175 893 2212 contra
918 2186 984 2212 me
1005 2174 1115 2212 esset
1133 2170 1369 2212 habiturus.
1413 2170 1550 2211 Multa

215 2245 238 2270 a
271 2245 314 2271 se
346 2231 457 2272 dieta
489 2234 636 2273 contra
667 2231 756 2272 eius
784 2230 1021 2271 amentiam.
1071 2229 1209 2270 Multa
1236 2232 1385 2283 postea
1409 2228 1548 2269 Patris

215 2288 346 2329 simili
387 2289 540 2331 scelere
573 2304 711 2330 seeum
745 2288 949 2337 Quintum
980 2290 1143 2342 patrem
1175 2288 1387 2342 loeutum3
1431 2286 1548 2328 cuius
1567 2305 1601 2329 35
