1665 2553
343 88 684 123 EPISTULARUM
708 89 772 122 AD
799 88 1014 124 ATTICUM
1039 89 1123 124 XIII
1149 94 1297 136 50—52.
1397 91 1483 132 433

767 241 856 283 LII.

355 322 429 358 Sor.
450 323 491 357 in
517 322 718 357 Puteolano
744 323 835 357 XII
856 323 904 357 K.
924 323 1008 358 Ian.
1029 335 1061 358 α.
1085 326 1156 358 709
1183 326 1273 368 (45).

546 404 736 439 CICERO
760 404 952 439 ATTICO
977 405 1084 439 SAL.

233 475 267 517 O
299 476 514 531 hospitem
545 476 651 517 mihi
683 478 770 517 tam
797 490 968 531 gravem
1000 477 1337 531 ἀμεταμέλητονέ
1382 477 1481 520 Fuit

108 552 125 577 5
144 536 255 576 enim
287 535 552 589 periucunde.
615 534 706 588 Sed,
749 549 844 575 cum
876 536 1066 576 secundis
1100 536 1396 577 Saturnalibus
1429 537 1481 578 ad

144 593 389 648 Philippum
421 594 586 647 vesperi
616 594 816 649 venisset,
855 594 958 634 villa
988 595 1049 635 ita
1081 595 1289 648 completa
1320 610 1343 636 a
1374 595 1482 636 mili—

145 653 261 693 tibus
295 655 371 706 est,
402 655 450 692 ut
482 652 553 693 vix
585 652 831 707 triclinium7
862 652 936 693 ubi
962 655 1185 694 cenaturus
1211 653 1301 707 ipse
1327 652 1482 694 Caesar

145 714 273 765 esset,
315 713 499 764 vacaret,
539 710 695 764 quippe
732 711 954 752 hominum
994 722 1065 754 Cro
1102 723 1183 754 ΟΠ).
1246 710 1354 753 Sane
1387 727 1481 753 sum

146 772 402 820 commotus,
454 769 554 823 quid
602 770 794 810 futurum
844 772 953 810 esset
1001 770 1224 825 postridie3
1280 785 1327 811 ac
1375 771 1481 811 mihi

90 845 126 869 ιο
145 828 285 869 Barba
329 827 502 869 Cassius
545 828 760 883 subvenit,
810 828 1004 869 custodes
1048 828 1172 870 dedit.
1244 827 1394 870 Castra
1436 830 1483 870 in

146 901 247 941 agro
257 921 267 941 ‚
298 886 401 927 villa
433 886 602 927 defensa
635 889 708 927 est.
768 885 846 927 Ille
871 887 1009 927 tertiis
1044 885 1338 928 Saturnalibus
1371 888 1481 941 apud

144 945 391 998 Philippum
423 945 475 985 ad
505 944 545 985 h.
571 957 637 985 VII
666 959 743 985 nee
776 959 1029 999 quemquam
1062 945 1250 1000 admisit3
1282 946 1481 997 rationes,

147 1004 317 1059 opinor,
354 1018 448 1044 cum
479 1003 626 1044 Balbo.
688 1002 789 1044 Inde
831 1003 1063 1044 ambulavit
1100 1004 1145 1044 in
1180 1004 1317 1044 litore.
1378 1004 1481 1045 Post
1520 1039 1528 1043 .

145 1062 186 1102 h.
212 1074 295 1102 VIII
326 1062 371 1102 in
402 1062 610 1102 balneum.
661 1061 769 1102 Tum
796 1062 956 1102 audivit
984 1062 1032 1102 de
1057 1062 1284 1116 Mamurra,
1316 1063 1483 1103 vultum

94 1137 126 1162 15
146 1135 232 1161 non
263 1121 455 1161 mutavit.
505 1119 670 1161 Unctus
703 1123 779 1175 est,
810 1121 1016 1161 accubuit.
1060 1120 1286 1174 Ἐμετικὴν
1317 1121 1481 1176 agebat.

146 1178 295 1233 Itaque
328 1182 369 1219 et
402 1179 488 1219 edit
520 1181 561 1219 et
593 1179 704 1219 bibit
731 1178 867 1228 ἀδεῶς
893 1182 934 1220 et
959 1179 1150 1233 iucunde,
1183 1180 1356 1233 opipare
1383 1194 1482 1220 sane

146 1241 188 1279 et
220 1240 421 1291 apparate
451 1251 526 1278 nec
557 1237 600 1278 id
631 1237 780 1292 solum,
812 1237 886 1278 sed

1019 1319 1156 1360 ebene
1195 1322 1337 1360 cocto
1376 1323 1424 1360 et

146 1378 352 1420 condito
387 1391 615 1418 sermone
646 1377 776 1418 bono
810 1381 874 1433 et,
907 1378 948 1419 si
975 1378 1195 1432 quaeris,
1226 1378 1482 1419 libenter'.

91 1489 127 1513 ρο
146 1471 368 1512 Praeterea
398 1471 536 1511 tribus
570 1470 765 1511 tricliniis
798 1471 958 1524 accepti
991 1472 1036 1512 οἱ
1065 1469 1163 1525 περὶ
1197 1471 1332 1512 αὐτὸν
1364 1471 1483 1511 valde

148 1530 326 1583 copiose.
388 1528 572 1569 Libertis
610 1529 751 1569 minus
784 1529 913 1570 lautis
951 1530 1166 1583 servisque
1197 1529 1306 1569 nihil
1338 1529 1482 1570 defuit.

148 1588 261 1629 Nam
290 1587 494 1628 lautiores
528 1587 741 1641 eleganter
767 1588 916 1640 accepi.
966 1587 1076 1636 Quid
1101 1587 1264 1628 multa?
1289 1588 1481 1628 homines

147 1647 229 1688 visi
256 1661 411 1687 sumus.
450 1644 616 1698 Hospes
642 1648 785 1685 tamen
809 1659 895 1686 non
922 1645 969 1699 is,
991 1646 1091 1698 quoi
1112 1646 1284 1686 diceres:
1301 1645 1481 1687 ‘Amabo

148 1707 209 1760 te,
253 1705 397 1745 eodem
441 1704 493 1744 ad
528 1718 613 1758 me⁷
656 1717 750 1744 cum
787 1704 1024 1744 revertere'
1086 1702 1225 1744 Semel
1263 1705 1367 1744 satis
1406 1707 1482 1744 est.

95 1780 129 1805 25
149 1764 408 1805 Σπουὸαῖον
441 1760 572 1803 οὐδὲν
602 1762 648 1802 in
673 1776 881 1816 sermone,
919 1764 1135 1816 φιλόλογα
1165 1762 1310 1803 multa.
1373 1761 1483 1810 Quid

150 1822 346 1875 quaeris?
390 1821 620 1861 delectatus
659 1823 722 1860 est
763 1822 804 1860 et
840 1820 1021 1861 libenter
1062 1820 1154 1860 fuit.
1216 1820 1405 1861 Puteolis
1439 1834 1483 1860 se

150 1880 289 1920 aiebat
321 1894 452 1920 unum
485 1879 594 1918 diem
624 1878 726 1931 fore,
759 1878 938 1918 alterum
970 1878 1021 1919 ad
1051 1878 1188 1919 Baias.

238 1937 380 1978 Habes
416 1937 651 1990 hospitium
682 1937 768 1977 sive
802 1936 1116 1990 ἐπισταθμείαν
1148 1936 1335 1977 odiosam
1366 1936 1487 1991 mihi,

151 1996 250 2050 dixi,
280 2011 366 2037 non
396 1996 629 2036 molestam.
678 1995 772 2049 Ego
806 1995 1018 2048 paulisper
1048 1995 1129 2049 liic,
1161 1994 1307 2035 deinde
1333 1994 1378 2035 in
1404 1994 1487 2035 Tu-

98 2072 132 2096 30
153 2055 380 2095 sculanum.
442 2053 689 2094 Dolabellae
729 2053 874 2093 villam
912 2068 1006 2094 cum
1038 2053 1307 2108 praeteriret,
1347 2053 1485 2093 omnis

152 2115 412 2154 armatorum
455 2112 575 2165 copia
613 2111 777 2164 dextra,
823 2112 995 2152 sinistra
1034 2112 1086 2152 ad
1127 2126 1281 2165 equum
1311 2125 1388 2152 nec
1419 2126 1489 2152 us-

153 2186 279 2225 quam
309 2171 422 2211 alibi.
483 2170 575 2211 Hoc
608 2184 657 2210 ex
688 2168 821 2210 Nicia.

223 2361 283 2388 cic.
304 2362 391 2392 epist.
408 2362 447 2386 Π.
1230 2359 1275 2390 28
