1665 2553
156 1215 172 1245 1

446 558 521 611 Μ.
555 557 809 641 TULLI
844 556 1292 610 CICERONIS

371 663 882 710 EPISTULARUM
920 663 1009 709 AD
1048 664 1368 711 ATTICUM

571 766 745 808 LIBER
778 765 1169 808 DUODECIMUS.

858 966 887 1007 I.

324 1048 397 1082 Ser.
419 1049 460 1081 in
485 1048 663 1091 Arpinati
696 1047 799 1081 VIII
820 1047 867 1080 K.
889 1047 1049 1082 intercal.
1066 1052 1156 1090 post.
1180 1059 1212 1081 α.
1232 1050 1305 1082 ’708
1332 1050 1422 1091 (46).
1580 1056 1595 1081 5

625 1128 794 1163 CICERO
822 1128 993 1163 ATTICO
1021 1128 1118 1162 SAL.

290 1201 523 1242 Undecimo
556 1201 635 1256 die,
666 1204 894 1254 postquam
926 1215 949 1241 a
981 1203 1022 1241 te
1050 1201 1336 1256 discesseram,
1366 1201 1447 1242 hoc
1472 1201 1542 1242 lit-

201 1260 435 1301 terularum
473 1260 641 1300 exaravi
684 1259 901 1313 egrediens
934 1274 954 1299 e
987 1259 1088 1299 villa
1120 1261 1215 1299 ante
1246 1259 1382 1300 lucem
1415 1263 1542 1313 atque

202 1333 249 1359 eo
283 1318 348 1359 die
382 1318 623 1373 cogitabam
655 1318 700 1358 in
730 1317 972 1372 Anagnino,
1011 1320 1183 1370 postero
1218 1320 1360 1359 autem
1391 1318 1436 1359 in
1462 1319 1542 1359 Tu-

202 1378 392 1431 sculano,
430 1377 491 1417 ibi
528 1391 659 1417 unum
699 1376 827 1430 diem,
871 1389 900 1416 V
932 1375 1106 1416 Kalend.
1140 1376 1272 1431 igitur
1305 1377 1357 1417 ad
1389 1378 1542 1418 consti-
1562 1396 1594 1420 ιο

201 1439 354 1476 tutum.
418 1434 559 1489 Atque
599 1435 762 1475 utinam
799 1435 1000 1475 continuo
1040 1434 1092 1474 ad
1129 1435 1394 1488 complexum
1425 1450 1541 1476 meae

202 1495 383 1548 Tulliae,
427 1494 479 1534 ad
523 1494 713 1535 osculum
758 1492 925 1534 Atticae
969 1494 1131 1547 possim
1175 1495 1359 1535 currere!
1422 1493 1542 1542 Quod

202 1554 371 1607 quidem
398 1553 538 1606 ipsum
567 1553 714 1607 scribe,
747 1567 917 1607 quaeso,
949 1552 1000 1592 ad
1025 1567 1104 1605 me,
1136 1555 1196 1607 ut,
1229 1552 1327 1593 dum
1354 1553 1541 1594 consisto

200 1612 246 1652 in
272 1612 524 1666 Tusculano,
557 1612 698 1665 sciam,
731 1611 833 1664 quid
865 1611 1036 1665 garriat,
1070 1611 1136 1651 sin
1164 1611 1408 1665 rusticatur,
1441 1612 1543 1665 quid

202 1671 360 1711 scribat
399 1670 450 1711 ad
487 1673 544 1724 teg
590 1670 711 1724 eique
748 1670 909 1710 interea
948 1672 1021 1710 aut
1063 1669 1219 1710 scribes
1253 1670 1433 1710 salutem
1467 1673 1539 1710 aut
1561 1686 1593 1712 15

199 1729 419 1770 nuntiabis
464 1729 650 1783 itemque
694 1728 836 1769 Piliae.
907 1728 966 1768 Et
1010 1731 1170 1783 tamen,
1214 1728 1294 1769 etsi
1338 1728 1539 1769 continuo

201 1788 469 1844 congressuri
503 1802 660 1841 sumus,
695 1787 851 1828 scribes
884 1787 935 1827 ad
966 1801 1045 1841 me,
1078 1787 1113 1827 si
1146 1786 1247 1840 quid
1276 1786 1465 1827 habebis.

289 1846 397 1888 Cum
442 1846 737 1900 complicarem
780 1846 888 1886 hanc
933 1845 1176 1899 epistulam,
1214 1845 1539 1886 noctuabundus

201 1906 252 1946 ad
289 1920 356 1946 me
392 1905 508 1946 venit
549 1919 645 1946 cum
682 1905 865 1958 epistula
902 1907 977 1944 tua
1008 1904 1274 1957 tabellarius3
1319 1918 1402 1957 qua
1433 1904 1541 1945 lecta
1620 1897 1628 1984 f

201 1965 249 2005 de
275 1964 443 2005 Atticae
468 1963 674 2004 febricula
701 1963 859 2003 scilicet
886 1962 1005 2003 valde
1032 1962 1158 2003 dolui.
1208 1961 1401 2016 Reliqua,
1435 1977 1540 2016 quae
1560 1979 1592 2004 20
1620 1985 1627 2026 ᾗ

201 2022 514 2077 exspectabam,
571 2037 620 2063 ex
670 2022 756 2062 tuis
806 2021 962 2062 litteris
1014 2021 1193 2076 cognovi
1243 2021 1400 2075 omnia3
1458 2021 1540 2075 sed,

201 2082 315 2135 quod
359 2081 508 2122 scribis
555 2080 803 2135 ‘igniculum
846 2079 1105 2120 matutinum
1143 2079 1433 2133 yspovvmdv’„
1471 2095 1541 2133 γε-

201 2141 518 2194 ροντικώτερον
558 2142 622 2180 est
654 2138 902 2179 memoriola
932 2138 1139 2179 vacillare.
1201 2138 1296 2192 Ego
1331 2138 1441 2178 enim
1473 2149 1541 2179 ΗΠ

200 2197 293 2238 Kal.
326 2198 437 2239 Axio
472 2198 677 2252 dederam,
710 2197 791 2237 tibi
816 2209 879 2250 111,
912 2196 1081 2251 Quinto,
1115 2211 1197 2250 quo
1225 2197 1290 2237 die
1320 2197 1540 2249 venissem,
1616 2193 1623 2232 ἒ

201 2256 245 2295 id
282 2260 345 2297 est
377 2269 407 2297 V
438 2256 530 2297 Kal.
594 2255 687 2297 Hoc
718 2256 851 2310 igitur
882 2255 1078 2311 habebis,
1117 2255 1217 2296 novi
1248 2255 1366 2296 nihil.
1431 2254 1539 2304 Quid
1559 2270 1591 2296 25
