1665 2553
326 105 667 140 EPISTULARUM
692 107 756 140 AD
783 106 999 142 ATTICUM
1025 107 1108 141 VIII
1134 111 1166 150 2,
1193 111 1224 142 3.
1366 107 1452 148 225

200 201 366 243 Vibulli
409 216 476 242 res
525 205 670 256 gestae
711 205 810 243 sunt
854 202 988 243 adhuc
1032 203 1249 243 maximae.
1311 201 1358 243 Id
1402 217 1451 244 ex
1478 213 1501 243 4

110 260 286 315 Pompei
328 260 486 301 litteris
534 274 781 316 cognosces3
830 261 875 302 in
926 261 1081 315 quibus
1126 261 1451 302 animadvertito

110 320 234 361 illum
259 319 411 373 locum,
443 318 517 359 ubi
545 320 625 360 erit
651 321 793 374 διπλῆ.
838 319 1026 374 Videbis,
1058 320 1107 360 de
1135 319 1276 361 Gnaeo
1303 322 1451 360 nostro

111 378 203 432 ipse
228 377 446 419 Vibullius
480 378 583 431 quid
616 378 840 420 existimet.
886 378 976 427 Quo
1004 379 1136 433 igitur
1161 379 1263 420 haec
1290 381 1452 432 spectat

77 453 92 479 5
114 437 279 478 oratio?
340 436 435 491 Ego
480 451 558 490 pro
600 435 802 490 Pompeio
852 437 1049 478 lubenter
1087 438 1219 478 emori
1259 452 1452 491 possum3

111 495 220 537 facio
252 495 386 550 pluris
426 495 615 535 omnium
651 495 873 536 hominum
909 496 1139 550 neminem,
1179 496 1250 537 sed
1286 510 1374 537 non
1404 498 1452 536 ut

112 557 161 595 tu
199 568 284 594 uno
329 554 374 594 in
421 568 468 594 eo
511 554 650 594 iudico
701 569 818 608 spem
865 555 914 596 de
962 555 1097 596 salute
1146 555 1209 596 rei
1248 555 1452 608 publicae.

114 613 336 668 Significas
358 612 470 653 enim
492 611 709 666 aliquanto
738 627 869 668 SeCUS,
895 627 1022 667 quam
1047 613 1225 667 solebas,
1250 616 1299 653 ut
1325 613 1454 653 etiam

111 670 254 727 Italia,
293 671 328 711 si
365 671 437 712 1116
476 671 612 726 cedat,
650 674 773 725 putes
806 672 1044 713 cedendum.
1107 671 1229 720 Quod
1266 686 1344 726 ego
1376 686 1454 712 nec

58 747 93 773 ιο
112 730 174 771 rei
204 729 398 784 publicae
431 731 535 783 puto
563 744 652 771 esse
685 731 790 771 utile
814 744 891 771 nec
915 729 1062 772 liberis
1087 731 1206 786 meis,
1235 733 1454 784 praeterea

110 803 247 843 neque
296 790 459 829 rectum
511 802 646 842 neque
693 788 922 829 honestum
965 789 1142 830 videtur.
1213 789 1453 830 ePoterisne

112 848 247 902 igitur
283 846 425 888 videre
461 847 740 900 tyrannum?'
803 846 931 896 Quasi
968 848 1156 901 intersit,
1194 848 1360 888 audiam
1399 862 1454 888 an

111 906 295 959 videam,
340 908 414 946 aut
457 905 711 959 locupletior
751 906 858 946 mihi
903 906 959 947 sit
1004 906 1266 960 quaerendus
1305 909 1453 947 auctor

113 979 241 1019 quam
274 963 488 1019 Socrates3
526 965 617 1018 qui,
649 979 743 1005 cum
775 976 872 1005 XXX
903 966 1075 1019 tyranni
1107 967 1266 1019 essent,
1303 965 1452 1019 pedem
1487 1002 1495 1005 -

58 1040 92 1066 15
111 1026 237 1078 porta
267 1037 355 1064 non
380 1023 543 1064 extulit.
593 1022 674 1063 Est
705 1023 811 1063 mihi
835 1026 1052 1077 praeterea
1076 1024 1302 1078 praecipua
1328 1038 1452 1064 causa

112 1081 318 1123 manendi.
380 1080 444 1122 De
477 1096 560 1135 qua
590 1082 754 1122 utinam
787 1082 1013 1135 aliquando
1045 1085 1184 1123 tecum
1214 1083 1382 1136 loquar!

200 1140 295 1195 Ego
327 1151 412 1180 XIII
436 1139 623 1195 Kalend,
655 1155 748 1181 cum
781 1141 925 1181 eadem
954 1141 1125 1182 lucerna
1154 1141 1263 1181 hanc
1295 1141 1451 1194 epistu-

111 1199 197 1240 lam
227 1199 509 1252 scripsissem,
551 1213 633 1252 qua
664 1199 973 1240 inflammaram
1005 1202 1142 1254 tuam,
1179 1199 1361 1240 Formiis
1400 1200 1449 1240 ad

110 1257 379 1312 Pompeium,
411 1257 447 1298 si
478 1257 528 1298 de
567 1271 670 1311 pace
701 1260 917 1313 ageretur,
946 1259 1301 1313 promptissimus,
1334 1258 1370 1298 si
1401 1258 1451 1299 de

57 1334 91 1358 20
109 1316 237 1372 bello,
267 1316 369 1370 quid
400 1316 500 1357 ero?

743 1431 818 1474 III.

329 1512 402 1547 Ser.
429 1513 470 1546 2372
497 1513 627 1548 Caleno
653 1513 744 1547 XII
763 1513 812 1548 K.
840 1513 954 1548 Mam
982 1525 1014 1547 α.
1043 1515 1114 1548 705
1141 1515 1231 1558 (49).

534 1593 703 1629 CICERO
729 1593 901 1629 ATTICO
929 1594 1025 1629 SAL.

199 1665 399 1707 Maximis
450 1668 491 1706 et
539 1666 790 1707 miserrimis
839 1666 966 1707 rebus
1010 1667 1304 1721 perturbatus,
1353 1681 1447 1708 cum
1476 1677 1495 1706 1

59 1743 92 1769 25
113 1739 255 1766 coram
285 1727 426 1765 tecum
456 1723 563 1764 mihi
594 1727 784 1778 potestas
817 1725 1076 1765 deliberandi
1107 1739 1194 1766 non
1225 1728 1354 1779 esset,
1384 1726 1449 1766 uti

111 1786 256 1824 tamen
294 1785 369 1824 tuo
409 1782 586 1824 consilio
630 1783 758 1823 volui.
819 1782 1081 1823 Deliberatio
1126 1786 1267 1824 autem
1312 1784 1448 1824 omnis

111 1841 215 1883 haec
245 1844 327 1896 est,
366 1842 401 1882 si
432 1840 658 1894 Pompeius
690 1840 817 1881 Italia
854 1841 1043 1895 excedat,
1087 1842 1199 1894 quod
1236 1856 1332 1882 eum
1368 1843 1449 1883 fac-

113 1902 256 1940 turum
293 1915 384 1941 esse
423 1900 631 1953 suspicor,
669 1899 771 1953 quid
806 1899 912 1940 mihi
949 1899 1158 1954 agendum
1194 1902 1328 1953 putes.
1390 1900 1448 1941 Et

115 1972 198 2011 quo
229 1958 395 1999 facilius
428 1957 653 1999 consilium
686 1958 782 1998 dare
814 1958 971 2012 possis,
1009 1957 1110 2011 quid
1149 1958 1195 1998 in
1225 1961 1449 2012 utramque

61 2035 95 2059 30
114 2018 278 2069 partem
308 2017 415 2058 mihi
445 2017 491 2058 in
521 2019 706 2057 mentem
731 2017 885 2070 veniat,
917 2016 1133 2070 explicabo
1166 2016 1294 2057 brevi.

203 2073 310 2116 Cum
348 2075 500 2117 merita
535 2075 711 2128 Pompei
752 2089 914 2115 summa
957 2088 1057 2129 erga
1096 2074 1274 2115 salutem
1311 2089 1447 2116 meam

113 2132 480 2188 familiaritasque,
519 2148 626 2187 quae
656 2133 761 2174 mihi
798 2148 893 2174 cum
923 2148 971 2174 eo
1011 2135 1093 2188 est,
1130 2136 1222 2173 tum
1258 2134 1350 2187 ipsa
1387 2135 1449 2175 rei

113 2191 307 2245 publicae
352 2206 476 2232 causa
523 2207 589 2233 me
638 2191 822 2245 adducit,
871 2194 920 2232 ut
969 2191 1074 2231 mihi
1117 2192 1183 2232 vel
1226 2192 1449 2233 consilium

113 2264 253 2290 meum
292 2264 385 2290 cum
423 2250 538 2290 illius
577 2250 752 2292 consilio
794 2250 861 2291 vel
892 2251 1063 2291 fortuna
1094 2264 1184 2291 mea
1215 2264 1305 2291 cum
1338 2251 1450 2291 illius

60 2325 94 2350 35
111 2309 281 2361 fortuna
313 2308 603 2363 coniungenda
635 2323 725 2350 esse
756 2309 959 2350 videatur.
1020 2307 1195 2349 Accedit
1226 2309 1341 2350 illud.
1403 2308 1449 2350 Si

186 2383 245 2409 Cic.
266 2383 352 2413 epist.
371 2384 411 2409 11.
1191 2381 1233 2410 15

1474 2087 1494 2116 [0
