1665 2553
307 97 647 132 EPISTULARUM
673 96 737 130 AD
764 96 979 131 ATTICUM
1006 97 1089 130 XIV
1117 101 1264 131 14—16.
1371 97 1455 138 451

724 250 838 293 XVI.

155 334 228 368 Ser.
257 333 417 367 Puteolis
442 333 482 366 in
507 332 619 366 hortis
646 330 836 366 Cluvicmz‘s
868 331 903 365 V
924 332 1020 366 Non.
1043 331 1139 366 Mai.
1166 343 1198 365 a.
1228 334 1299 366 710
1326 334 1414 375 (44).

510 413 700 449 CICERO
725 413 917 448 ATTICO
943 413 1049 448 SAL.

201 500 231 528 V
280 486 427 528 Nonas
466 485 746 527 conscendens
778 485 830 526 ab
861 485 999 526 hortis
1031 484 1249 526 Cluvianis
1281 485 1326 526 in
1356 485 1457 539 pha·
1484 496 1501 525 1

79 564 94 589 5
116 546 250 588 selum
283 546 504 599 epicopum
540 544 616 585 has
649 544 742 584 dedi
772 544 958 598 litteras,
997 559 1092 584 cum
1122 543 1254 584 Piliae
1285 547 1457 585 nostrae

114 605 258 646 villam
290 604 341 645 ad
371 603 619 657 Lucrinum,
650 602 821 657 vilicos,
852 605 1147 656 procuratores
1178 603 1456 643 tradidissem.

112 663 209 717 Ipse
247 666 388 703 autem
428 677 476 703 eo
515 662 580 702 die
612 662 657 702 in
692 661 812 702 Paeti
852 661 989 702 nostri
1033 661 1343 715 tyrotarichum
1383 662 1456 702 im-

113 722 342 775 minebam3
379 721 641 774 †perpaucis
675 720 822 760 diebus
854 720 898 760 in
929 719 1250 774 Pompeianum,
1280 722 1380 774 post
1412 720 1457 760 in

113 780 216 822 haec
247 780 480 821 Puteolana
518 782 559 820 et
593 778 781 819 Cumana
812 792 942 833 regna
974 779 1230 833 renavigare.
1295 778 1330 819 O
1362 778 1456 820 loca

62 857 96 882 10
115 839 328 892 ceteroqui
348 839 468 879 valde
495 837 737 892 expetenda,
762 837 1126 891 interpellantium
1152 840 1294 878 autem
1313 837 1456 878 multi-

114 898 260 939 tudine
291 912 422 951 paene
454 897 669 951 fugienda!

205 955 285 997 Sed
312 956 362 996 ad
387 970 475 996 rem
502 958 549 995 ut
569 955 748 1009 veniam,
780 969 803 995 o
824 953 1071 995 Dolabellae
1096 955 1232 995 nostri
1258 968 1454 1008 magnam
1481 965 1500 994 2

116 1015 355 1069 ἀριστειάνῑ
405 1014 572 1062 Quanta
601 1016 663 1054 est
696 1013 1016 1067 ἀναθεώρησιςέ
1054 1013 1263 1067 Equidem
1284 1013 1456 1054 laudare
1518 1036 1526 1040 -

115 1089 211 1114 eum
250 1076 290 1114 et
326 1073 490 1114 hortari
527 1087 613 1113 non
656 1071 824 1112 desisto.
886 1071 1015 1112 Recte
1059 1074 1107 1112 tu
1144 1072 1340 1112 omnibus
1373 1072 1457 1125 epi-

63 1150 96 1175 15
117 1132 241 1173 stulis
287 1132 518 1186 significas,
567 1130 669 1184 quid
710 1130 759 1171 de
801 1145 862 1182 re,
913 1130 1013 1183 quid
1058 1130 1106 1170 de
1151 1130 1241 1171 viro
1286 1130 1455 1171 sentias.

115 1190 223 1231 Mihi
255 1190 423 1244 quidem
460 1189 626 1230 videtur
664 1188 822 1229 Brutus
854 1191 1000 1229 noster
1038 1188 1121 1229 iam
1153 1189 1220 1229 vel
1258 1203 1457 1229 coronam

116 1264 285 1290 auream
329 1263 402 1302 per
450 1248 590 1289 forum
633 1248 742 1288 ferre
791 1262 926 1301 posse.
1001 1246 1104 1296 Quis
1150 1247 1262 1288 enim
1306 1247 1456 1289 audeat

114 1308 277 1349 laedere
316 1307 537 1361 proposita
586 1321 705 1347 cruce
749 1308 822 1346 aut
864 1320 982 1359 saxo,
1033 1306 1282 1359 praesertim
1325 1306 1456 1346 tantis

116 1367 348 1420 plausibus,
380 1368 500 1406 tanta
531 1365 837 1419 approbatione
870 1364 1144 1405 infimorum?

65 1443 98 1467 20
235 1423 376 1478 Nunc,
419 1424 478 1464 mi
521 1423 681 1477 Attice,
724 1438 790 1464 me
832 1423 898 1464 fac
940 1426 988 1463 ut
1038 1423 1244 1477 expedias.
1308 1421 1458 1478 Cupio,
1483 1433 1502 1462 3

118 1497 247 1537 quom
270 1482 406 1523 Bruto
437 1485 585 1523 nostro
619 1482 793 1522 adfatim
825 1482 928 1522 satis
955 1481 1137 1536 fecerim,
1163 1495 1382 1522 excurrere
1414 1481 1459 1522 in

119 1541 346 1582 Graeciam.
414 1540 560 1594 Magni
603 1540 780 1580 interest
818 1538 1031 1580 Ciceronis
1075 1540 1141 1580 vel
1184 1555 1276 1580 mea
1313 1540 1457 1593 potius

117 1600 185 1641 vel
216 1599 451 1640 mehercule
477 1598 698 1651 utriusque
723 1613 790 1638 me
816 1598 1069 1638 intervenire
1096 1598 1284 1639 discenti.
1346 1597 1458 1638 Nam

119 1658 301 1713 epistula
335 1657 563 1711 Leonidae,
604 1671 731 1710 quam
771 1656 823 1696 ad
860 1671 926 1696 me
968 1656 1142 1709 misisti,
1187 1656 1288 1709 quid
1318 1655 1459 1711 habet,

67 1735 99 1760 25
120 1731 295 1771 quaeso„
344 1717 390 1756 in
430 1730 513 1769 quo
551 1729 706 1769 magno
752 1728 876 1767 opere
918 1714 1152 1755 laetemur?
1213 1713 1459 1767 Numquam

118 1776 190 1816 ille
221 1775 326 1816 mihi
359 1776 462 1815 satis
500 1773 663 1814 laudari
694 1772 923 1827 videbitur,
966 1787 1061 1812 cum
1097 1773 1158 1813 ita
1198 1772 1457 1813 laudabitur:

121 1833 227 1882 ‘Quo
260 1834 385 1874 modo
417 1846 529 1873 nunc
561 1831 651 1873 est'.
713 1830 814 1871 Non
850 1833 914 1871 est
950 1831 1119 1871 fidentis
1157 1830 1237 1871 hoc
1267 1830 1459 1871 testimo-

119 1892 252 1944 nium,
287 1892 358 1933 sed
389 1891 532 1945 potius
568 1890 770 1930 timentis.
830 1888 992 1930 Herodi
1030 1892 1170 1929 autem
1202 1889 1460 1943 mandaram,

120 1953 169 1991 ut
211 1950 317 1990 mihi
359 1951 466 1991 κατὰ
509 1951 636 2002 μίτον
679 1948 890 1989 scriberet.
952 1946 992 1987 A
1036 1962 1118 2001 quo
1164 1947 1299 1987 adhuc
1342 1947 1460 1987 nulla

69 2027 102 2051 30
121 2009 265 2049 littera
291 2011 365 2049 est.
426 2007 598 2061 Vereor,
629 2021 681 2047 ne
706 2006 814 2046 nihil
838 2005 1047 2059 habuerit,
1079 2005 1191 2059 quod
1216 2005 1334 2059 mihi,
1365 2020 1460 2046 cum

121 2080 383 2121 cognossem,
412 2065 641 2106 iucundum
673 2067 841 2119 putaret
872 2064 972 2104 fore.

210 2124 330 2173 Quod
368 2125 419 2165 ad
455 2123 673 2164 Xenonem
717 2122 943 2176 scripsisti,
983 2121 1102 2162 valde
1146 2121 1252 2161 mihi
1289 2124 1460 2176 gratum
1484 2133 1507 2162 4

122 2186 207 2237 est,
242 2183 351 2223 nihil
388 2183 499 2222 enim
531 2182 671 2222 deesse
710 2180 901 2221 Ciceroni
940 2194 1034 2220 cum
1066 2180 1117 2220 ad
1150 2180 1336 2220 officium
1368 2182 1460 2220 tum

123 2242 174 2282 ad
211 2241 569 2282 existimationem
604 2254 740 2280 meam
781 2238 975 2292 pertinet.
1037 2237 1272 2278 Flammam
1307 2237 1341 2278 F
1343 2238 1461 2278 lami-

70 2316 103 2341 35
120 2300 240 2340 nium
284 2299 406 2340 audio
450 2298 610 2339 Romae
651 2312 751 2338 esse.
825 2296 892 2337 Ad
937 2311 1029 2336 eum
1075 2296 1225 2350 scripsi
1268 2310 1334 2336 me
1378 2297 1461 2337 tibi

1179 2364 1248 2397 29*
