1665 2553
139 91 224 132 238
565 90 613 124 Μ.
641 89 782 123 TULLI
808 88 1056 123 CICERONIS

137 186 256 227 nulla
288 188 397 226 sunt.
447 184 584 226 Nemo
617 185 729 226 enim
758 184 897 226 nostri
929 184 1087 224 ordinis
1118 183 1164 224 in
1187 183 1255 224 his
1281 183 1386 224 locis
1413 185 1479 224 est

140 248 307 299 praeter
338 244 394 285 M.
426 244 633 298 Eppium,
672 258 797 297 quem
835 256 912 297 ego
945 242 1184 283 Menturnis
1224 257 1313 283 esse
1349 242 1480 296 volui,

141 303 392 358 vigilantem
425 302 640 343 hominem
673 305 714 343 et
745 301 1012 342 industrium.
1072 300 1184 341 Nam
1214 300 1259 342 L.
1292 300 1480 354 Torqua-

139 366 249 417 tum,
286 362 424 402 virum
462 362 616 402 fortem
654 363 695 401 et
734 375 827 401 cum
865 360 1135 414 auctoritate,
1172 358 1354 400 Formiis
1391 373 1480 400 non

139 421 358 474 habemus,
390 420 441 460 ad
472 423 515 460 te
546 420 784 473 profectum
816 419 1083 460 arbitramur.
1516 435 1532 461 5

93 491 113 521 2
230 479 325 533 Ego
365 479 555 533 omnino,
593 481 640 518 ut
677 478 868 532 proxime
900 477 981 518 tibi
1017 477 1250 533 placuerat,
1290 475 1479 530 Capuam

140 538 236 579 veni
268 552 315 578 eo
348 537 440 591 ipso
473 537 557 592 die,
589 551 672 590 quo
705 540 753 577 tu
785 536 925 577 Teano
959 535 1143 576 Sidicino
1177 550 1220 576 es
1252 536 1479 589 profectus.

140 596 348 637 Volueras
382 596 493 636 enim
526 610 592 636 me
625 610 719 636 cum
750 595 805 635 M.
839 594 1039 636 Considio
1072 609 1148 648 pro
1181 597 1375 648 praetore
1405 594 1481 634 illa

139 655 312 709 negotia
356 655 477 695 tueri.
546 652 653 694 Cum
698 668 745 694 eo
790 654 1016 707 venissem,
1065 653 1150 694 vidi
1194 652 1238 693 T.
1276 652 1479 706 Ampium

140 714 339 754 dilectum
376 713 531 753 habere
571 712 913 767 diligentissime,
955 712 1006 752 ab
1049 726 1096 752 eo
1138 711 1323 765 accipere
1355 711 1479 752 Libo·
1498 728 1534 753 10

139 787 248 827 nem,
280 787 443 812 summa
474 772 577 811 item
609 771 830 825 diligentia
862 773 903 811 et
934 771 980 811 in
1010 770 1083 810 illa
1109 770 1274 811 colonia
1299 770 1480 811 auctori-

139 834 237 871 tate.
301 830 380 870 Fui
413 829 597 884 Capuae,
639 830 777 884 quoad
819 829 1023 870 consules.
1086 828 1262 883 Iterum,
1304 832 1351 869 ut
1389 831 1480 869 erat

141 890 326 930 edictum
358 904 381 929 a
407 888 664 943 consulibus,
697 888 792 930 veni
819 887 1006 942 Capuam
1032 887 1083 928 ad
1108 886 1254 928 Nonas
1280 886 1479 928 Februar.

141 947 248 989 Cum
279 947 456 988 fuissem
489 947 690 1002 triduum,
720 947 858 1000 recepi
889 961 955 987 me
987 945 1190 987 Formias.

92 1020 112 1048 3
229 1005 354 1047 Nunc
395 1006 507 1060 quod
547 1009 669 1046 tuum
710 1006 934 1046 consilium
975 1008 1048 1046 aut
1089 1019 1194 1059 quae
1231 1004 1340 1046 ratio
1380 1004 1481 1045 belli
1500 1020 1534 1047 15

141 1066 208 1119 sit,
239 1065 401 1120 ignoro.
466 1063 511 1105 Si
552 1064 775 1105 tenendam
814 1064 922 1105 hanc
964 1078 1081 1104 oram
1116 1066 1261 1119 putaS,
1301 1078 1408 1117 quae
1439 1066 1481 1104 et

142 1124 478 1178 oportunitatem
520 1125 562 1163 et
603 1123 855 1177 dignitatem
894 1123 1023 1163 habet
1061 1125 1102 1163 et
1144 1122 1337 1176 egregios
1369 1122 1479 1162 cives

141 1186 193 1235 et,
225 1185 273 1223 ut
306 1182 502 1235 arbitror,
534 1182 667 1221 teneri
700 1184 859 1235 potest,
892 1196 997 1234 opus
1031 1183 1094 1221 est
1127 1195 1228 1233 esse,
1261 1181 1334 1234 qui
1364 1194 1480 1234 prae-

142 1241 215 1295 sit3
248 1241 314 1282 sin
347 1240 488 1280 omnia
519 1240 564 1280 in
595 1254 726 1279 unum
758 1239 897 1280 locum
929 1239 1214 1280 contrahenda
1247 1241 1363 1292 sunt,
1394 1252 1481 1278 non

141 1300 304 1354 dubito,
330 1299 433 1352 quin
459 1298 511 1338 ad
536 1301 577 1338 te
605 1298 753 1338 statim
778 1298 954 1352 veniam,
989 1312 1071 1351 quo
1097 1297 1203 1337 mihi
1228 1297 1336 1337 nihil
1363 1299 1480 1350 opta-
1500 1314 1534 1338 20

140 1358 225 1398 tius
260 1360 340 1410 est,
382 1357 508 1410 idque
539 1358 695 1409 tecum,
737 1371 819 1409 quo
862 1356 927 1396 die
970 1357 1021 1396 ab
1054 1356 1157 1396 urbe
1199 1355 1480 1408 discessimus,

139 1417 308 1457 locutus
336 1430 438 1456 sum.
483 1414 591 1469 Ego,
624 1415 659 1455 si
686 1415 786 1468 quoi
812 1414 946 1455 adhuc
971 1412 1116 1455 videor
1143 1415 1312 1468 segnior
1337 1414 1482 1468 fuisse,

140 1475 240 1515 dum
270 1489 323 1515 ne
355 1473 436 1514 tibi
461 1474 616 1527 videar,
646 1487 734 1513 non
764 1473 912 1514 laboro
941 1476 982 1514 et
1008 1476 1161 1528 tamen,
1194 1473 1241 1526 si,
1273 1475 1321 1513 ut
1346 1472 1481 1526 video,

140 1534 299 1574 bellum
331 1532 560 1587 gerendum
592 1535 667 1584 est,
699 1532 862 1572 confido
894 1546 961 1572 me
995 1532 1190 1572 omnibus
1222 1531 1344 1572 facile
1377 1531 1480 1572 satis

93 1604 114 1633 4
139 1592 361 1632 facturum.
413 1590 468 1631 M.
494 1590 694 1641 Tullium,
726 1605 867 1631 meum
898 1591 1195 1645 necessarium,
1226 1590 1278 1630 ad
1303 1593 1345 1630 te
1371 1589 1480 1643 misi,
1500 1606 1534 1632 25

141 1651 208 1691 cui
239 1653 300 1705 tu,
332 1650 367 1691 si
399 1649 479 1690 tibi
510 1649 735 1703 videretur,
768 1649 820 1690 acl
850 1664 918 1690 me
948 1649 1115 1691 litteras
1148 1649 1278 1690 dares.

791 1823 835 1866 C.

411 1905 484 1940 Ser.
515 1905 654 1940 Canusi
680 1905 721 1939 X
743 1905 791 1938 K.
820 1905 935 1939 Mart.
964 1915 995 1938 α.
1026 1906 1097 1938 705
1124 1905 1213 1947 (49).

259 1987 330 2021 CN.
357 1986 558 2021 MAGNUS
585 1985 779 2021 PROCOS.
809 1986 842 2021 S.
869 1985 911 2020 D.
939 1985 986 2019 M.
1016 1984 1239 2019 CICERONI
1265 1983 1360 2018 IMP.

230 2058 268 2100 S.
302 2059 351 2099 V.
384 2059 431 2099 Β.
493 2058 605 2099 Tuas
646 2058 812 2099 litteras
853 2057 1035 2098 libenter
1075 2056 1171 2110 legi.
1234 2055 1479 2110 Recognovi
1498 2073 1532 2098 30

142 2117 252 2157 enim
283 2120 401 2157 tuam
438 2117 665 2170 pristinam
702 2117 905 2157 virtutem
946 2115 1072 2156 etiam
1109 2115 1155 2155 in
1195 2115 1330 2155 salute
1371 2129 1480 2155 com-

140 2176 268 2215 muni.
333 2175 537 2216 Consules
570 2175 623 2216 ad
659 2189 754 2215 eum
794 2174 1041 2227 exercitum,
1082 2187 1206 2226 quem
1246 2173 1292 2213 in
1322 2172 1480 2227 Apulia

139 2233 281 2285 habui,
313 2237 529 2274 venerunt.
580 2234 736 2288 Magno
771 2247 895 2286 opere
926 2235 968 2273 te
998 2231 1148 2272 hortor
1180 2246 1256 2285 pro
1289 2234 1363 2272 tuo
1397 2231 1479 2271 sin-

142 2291 280 2345 gulari
312 2295 600 2346 perpetuoque
634 2291 773 2333 studio
806 2292 851 2331 in
882 2305 970 2331 rem
1001 2290 1232 2346 publicam,
1268 2293 1316 2330 ut
1353 2292 1395 2330 te
1427 2289 1479 2330 ad
