1665 2553
152 358 192 387 11

152 1884 193 1913 13

221 73 307 114 542
645 72 693 106 M.
721 71 861 106 TULLI
887 71 1134 107 CICERONIS

220 171 269 209 ut
314 171 356 209 et
399 168 444 209 in
480 182 679 222 praesens
719 167 947 208 sceleratos
986 167 1097 208 cives
1137 168 1291 209 timore
1329 168 1381 208 ab
1419 168 1559 222 impu-

222 227 388 282 gnanda
419 227 559 280 patria
591 227 846 267 deterrerem
878 229 919 267 et
944 226 990 267 in
1015 229 1234 280 posterum
1260 227 1558 268 documentum

223 289 472 340 statuerem,
519 299 572 325 ne
623 285 717 338 quis
768 285 897 325 talem
947 286 1174 326 amentiam
1220 285 1345 326 vellet
1386 285 1558 326 imitari.

221 344 485 398 Quamquam
534 343 636 384 haec
687 343 856 397 quidem
901 344 1112 385 sententia
1153 358 1240 384 non
1281 343 1418 398 magis
1467 359 1559 385 mea

221 404 304 444 fuit
336 418 463 457 quam
496 402 695 443 onmium.
746 402 796 442 In
828 417 911 456 qua
942 402 1110 443 videtur
1136 402 1241 443 illud
1267 417 1358 443 esse
1383 402 1560 457 crudele,

222 462 334 516 quod
367 462 417 502 ad
448 461 618 515 liberos,
660 460 733 514 qui
763 461 873 501 nihil
904 464 1159 515 meruerunt,
1191 476 1325 515 poena
1356 462 1558 515 pervenit.

222 521 304 562 Sed
335 520 377 561 id
410 523 450 561 et
482 520 706 573 antiquum
738 523 802 560 est
835 522 876 560 et
909 521 1097 561 omnium
1128 520 1362 575 civitatum,
1404 520 1439 560 si
1472 520 1560 574 qui-

221 579 315 620 dem
356 579 484 619 etiam
516 578 792 632 Themistocli
822 579 946 619 liberi
978 582 1204 633 eguerunt3
1243 582 1302 634 et,
1339 579 1374 620 si
1404 579 1559 620 iudicio

221 638 443 678 damnatos
483 638 625 678 eadem
663 651 798 691 poena
839 638 1031 691 sequitui
1069 638 1196 692 cives,
1237 638 1310 691 qui
1340 638 1559 691 potuimus

220 697 402 737 leniores
440 711 531 737 esse
567 696 611 736 in
648 696 823 736 hostes?
869 696 979 745 Quid
1011 699 1151 737 autem
1183 696 1302 750 queri
1335 697 1559 750 quisquam

221 758 363 809 potest
401 755 451 796 de
488 770 571 805 me,
611 755 699 808 qui,
740 755 775 795 si
815 755 1004 808 vicisset,
1043 755 1301 796 acerbiorem
1340 769 1383 796 se
1419 755 1464 795 in
1493 769 1560 796 me

220 816 413 855 futurum
448 815 579 855 fuisse
614 813 866 854 confiteatur
899 828 1068 855 necesse
1104 814 1195 855 est?
1251 813 1396 855 Habes
1434 813 1561 854 ratio-

220 887 317 914 nem
361 887 549 914 mearum
594 873 900 913 sententiarum
944 873 993 913 de
1033 872 1113 913 hoc
1151 886 1302 927 genere
1339 873 1561 913 dumtaxat

220 932 396 973 honoris
435 935 476 973 et
508 946 695 986 ,poenae3
738 946 836 972 nam
869 931 918 972 de
951 931 1099 972 ceteris
1132 932 1258 972 rebus
1291 931 1392 986 quid
1425 946 1560 973 sense—

221 991 302 1032 rim
335 990 518 1044 quidque
551 991 797 1045 censuerim,
828 990 994 1031 audisse
1025 993 1068 1031 te
1099 990 1294 1031 arbitror.

312 1049 393 1091 Sed
430 1049 532 1090 haec
573 1049 742 1102 quidem
781 1063 868 1090 non
905 1050 965 1090 ita
1001 1049 1253 1102 necessaria,
1293 1048 1400 1089 illud
1439 1048 1561 1090 valde

222 1108 518 1163 necessarium,
548 1107 693 1161 Brute,
724 1110 765 1148 te
797 1108 841 1148 in
873 1107 1043 1149 Italiam
1075 1122 1169 1148 cum
1201 1108 1387 1149 exercitu
1418 1107 1560 1148 venire

223 1182 349 1221 quam
387 1167 581 1220 primum.
647 1165 821 1207 Summa
862 1169 925 1207 est
964 1167 1222 1220 exspectatio
1262 1167 1337 1207 tui.
1401 1165 1560 1214 Quodsi

221 1226 391 1266 ltaliam
423 1225 636 1279 attigeris,
678 1225 728 1265 ad
760 1228 802 1265 te
834 1239 1061 1265 concursus
1093 1225 1167 1265 fiet
1199 1225 1398 1265 omnium.
1463 1224 1559 1265 Sive

223 1285 333 1325 enim
377 1284 620 1337 vicerimus,
665 1283 738 1337 qui
782 1283 951 1337 quidem
992 1283 1271 1337 pulcherrime
1311 1283 1559 1337 viceramus,

220 1343 305 1383 nisi
346 1342 529 1396 Lepidus
570 1342 744 1395 perdere
782 1342 923 1382 omnia
960 1344 1001 1383 et
1041 1342 1179 1396 perire
1216 1342 1306 1396 ipse
1344 1356 1438 1382 cum
1471 1342 1558 1383 suis

222 1402 544 1455 concupivisset,
576 1403 650 1441 tua
680 1400 804 1441 nobis
837 1400 1090 1441 auctoritate
1123 1415 1228 1454 opus
1261 1403 1325 1441 est
1357 1400 1408 1441 ad
1434 1401 1559 1442 collo-

223 1460 402 1501 candum
435 1460 618 1513 aliquem
647 1459 833 1499 civitatis
861 1462 1039 1513 statum3
1072 1459 1158 1500 sive
1184 1459 1312 1500 etiam
1336 1473 1447 1500 nunc
1473 1473 1560 1500 cer-

222 1522 364 1560 tamen
401 1519 613 1572 reliquum
656 1520 736 1571 est,
776 1518 959 1558 maxima
992 1532 1086 1571 spes
1120 1520 1183 1558 est
1215 1531 1310 1559 cum
1342 1518 1387 1558 in
1418 1521 1559 1559 aucto-

222 1579 349 1619 ritate
381 1580 455 1618 tua
486 1581 579 1617 tum
610 1577 655 1617 in
687 1576 894 1617 exercitus
926 1576 991 1617 tui
1023 1576 1196 1617 viribus.
1255 1576 1334 1617 Sed
1366 1591 1558 1630 propera,

221 1652 295 1690 per
328 1636 444 1677 deos!
497 1635 606 1690 Scis,
645 1638 851 1689 quantum
883 1636 939 1676 sit
971 1636 1016 1676 in
1046 1635 1322 1690 temporibus,
1353 1638 1558 1690 quantum

221 1696 266 1736 in
298 1695 523 1736 celeritate.

311 1870 477 1912 Sororis
509 1873 607 1911 tuae
638 1870 739 1912 filiis
773 1885 898 1924 quam
925 1870 1149 1924 diligenter
1175 1869 1403 1923 consulam,
1435 1884 1556 1923 spero

221 1933 263 1971 te
304 1945 353 1970 ex
391 1929 540 1970 matris
579 1932 620 1970 et
659 1944 709 1970 ex
748 1930 905 1970 sororis
935 1929 1093 1969 litteris
1125 1928 1404 1982 cogniturum.
1467 1927 1557 1976 Qua

222 1989 266 2029 in
315 2003 439 2029 causa
488 1988 691 2028 maiorem
740 1987 875 2028 habeo
918 1987 1126 2028 rationem
1169 1990 1267 2027 tuae
1310 1986 1589 2040 voluntatis,3

223 2061 329 2101 quae
359 2046 465 2087 mihi
497 2046 713 2087 carissima
745 2049 828 2101 est,
868 2060 1006 2100 quam,
1036 2049 1084 2086 ut
1116 2044 1369 2099 quibusdam
1401 2045 1556 2100 videor,

222 2105 485 2146 constantiae
516 2119 642 2146 meae.
695 2103 776 2145 Sed
808 2118 885 2159 ego
917 2103 1034 2144 nulla
1064 2103 1110 2144 in
1140 2119 1184 2144 re
1216 2103 1327 2144 malo
1360 2118 1486 2157 quam
1511 2104 1558 2145 in

222 2167 263 2205 te
296 2164 474 2204 amando
507 2166 704 2204 constans
737 2166 779 2204 et
810 2177 900 2204 esse
933 2165 974 2203 et
1005 2162 1148 2203 videri.

1579 715 1613 739 10

1579 1008 1613 1034 15

1578 1301 1612 1326 20

1577 1594 1610 1619 25
