<?xml version="1.0" encoding="UTF-8"?>
<!DOCTYPE html PUBLIC "-//W3C//DTD XHTML 1.0 Transitional//EN"
    "http://www.w3.org/TR/xhtml1/DTD/xhtml1-transitional.dtd">
<html xmlns="http://www.w3.org/1999/xhtml" xml:lang="en" lang="en">
 <head>
  <title>
</title>
<meta http-equiv="Content-Type" content="text/html;charset=utf-8" />
  <meta name='ocr-system' content='tesseract 3.04.00' />
  <meta name='ocr-capabilities' content='ocr_page ocr_carea ocr_par ocr_line ocrx_word'/>
</head>
<body>
  <div class='ocr_page' id='page_1' title='image "./p2scriptaquaemanse03ciceuoft_0513.png"; bbox 0 0 1665 2553; ppageno 0'>
   <div class='ocr_carea' id='block_1_1' title="bbox 274 586 1285 839">
    <p class='ocr_par' dir='ltr' id='par_1_1' title="bbox 274 586 1285 839">
     <span class='ocr_line' id='line_1_1' title="bbox 347 586 1212 641; baseline 0.002 -2"><span class='ocrx_word' id='word_1_1' title='bbox 347 586 423 639; x_wconf 84' lang='lat' dir='ltr'>M.</span> <span class='ocrx_word' id='word_1_2' title='bbox 462 587 715 640; x_wconf 84' lang='lat' dir='ltr'>TULLI</span> <span class='ocrx_word' id='word_1_3' title='bbox 755 586 1212 641; x_wconf 78' lang='lat' dir='ltr'>CICERONIS</span> 
     </span>
     <span class='ocr_line' id='line_1_2' title="bbox 274 693 1285 741; baseline 0.002 -2"><span class='ocrx_word' id='word_1_4' title='bbox 274 693 784 740; x_wconf 81' lang='lat' dir='ltr'><strong>EPISTULARUM</strong></span> <span class='ocrx_word' id='word_1_5' title='bbox 828 693 918 740; x_wconf 85' lang='lat' dir='ltr'>AD</span> <span class='ocrx_word' id='word_1_6' title='bbox 963 694 1285 741; x_wconf 82' lang='lat' dir='ltr'><strong>ATTIOUM</strong></span> 
     </span>
     <span class='ocr_line' id='line_1_3' title="bbox 502 796 1061 839; baseline 0.002 -2"><span class='ocrx_word' id='word_1_7' title='bbox 502 796 676 837; x_wconf 79' lang='lat' dir='ltr'>LIBER</span> <span class='ocrx_word' id='word_1_8' title='bbox 709 796 1061 839; x_wconf 75' lang='lat' dir='ltr'>UNDEOIMUs.</span> 
     </span>
    </p>
   </div>
   <div class='ocr_carea' id='block_1_2' title="bbox 73 984 1427 1181">
    <p class='ocr_par' dir='ltr' id='par_1_2' title="bbox 73 984 1427 1181">
     <span class='ocr_line' id='line_1_4' title="bbox 762 984 792 1025; baseline 0 0"><span class='ocrx_word' id='word_1_9' title='bbox 762 984 792 1025; x_wconf 91' lang='grc' dir='ltr'>Ι.</span> 
     </span>
     <span class='ocr_line' id='line_1_5' title="bbox 73 1065 1427 1109; baseline 0.001 -10"><span class='ocrx_word' id='word_1_10' title='bbox 73 1073 88 1098; x_wconf 88' lang='grc'>5</span> <span class='ocrx_word' id='word_1_11' title='bbox 133 1065 206 1100; x_wconf 81' lang='lat' dir='ltr'>Ser.</span> <span class='ocrx_word' id='word_1_12' title='bbox 230 1066 271 1099; x_wconf 71' lang='lat' dir='ltr'>in</span> <span class='ocrx_word' id='word_1_13' title='bbox 295 1065 415 1109; x_wconf 74' lang='lat' dir='ltr'>Epiro</span> <span class='ocrx_word' id='word_1_14' title='bbox 441 1065 534 1100; x_wconf 71' lang='lat' dir='ltr'>inter</span> <span class='ocrx_word' id='word_1_15' title='bbox 561 1065 657 1100; x_wconf 78' lang='lat' dir='ltr'>Non.</span> <span class='ocrx_word' id='word_1_16' title='bbox 680 1070 711 1100; x_wconf 80' lang='lat' dir='ltr'>et</span> <span class='ocrx_word' id='word_1_17' title='bbox 736 1066 793 1100; x_wconf 76' lang='lat' dir='ltr'>Id.</span> <span class='ocrx_word' id='word_1_18' title='bbox 815 1065 912 1108; x_wconf 59' lang='lat' dir='ltr'>Ian„</span> <span class='ocrx_word' id='word_1_19' title='bbox 937 1070 978 1100; x_wconf 81' lang='lat' dir='ltr'>ut</span> <span class='ocrx_word' id='word_1_20' title='bbox 1003 1066 1155 1108; x_wconf 63' lang='lat' dir='ltr'>videtur,</span> <span class='ocrx_word' id='word_1_21' title='bbox 1182 1078 1213 1100; x_wconf 84' lang='grc' dir='ltr'>α.</span> <span class='ocrx_word' id='word_1_22' title='bbox 1236 1069 1309 1101; x_wconf 83' lang='lat'>706</span> <span class='ocrx_word' id='word_1_23' title='bbox 1335 1069 1427 1109; x_wconf 63' lang='lat'><em>(459.</em></span> 
     </span>
     <span class='ocr_line' id='line_1_6' title="bbox 534 1146 1027 1181; baseline 0.002 -1"><span class='ocrx_word' id='word_1_24' title='bbox 534 1146 702 1181; x_wconf 86' lang='lat' dir='ltr'>CICERO</span> <span class='ocrx_word' id='word_1_25' title='bbox 730 1146 903 1181; x_wconf 81' lang='lat' dir='ltr'>ATTICO</span> <span class='ocrx_word' id='word_1_26' title='bbox 930 1146 1027 1181; x_wconf 81' lang='lat' dir='ltr'>SAL.</span> 
     </span>
    </p>
   </div>
   <div class='ocr_carea' id='block_1_3' title="bbox 55 1218 1497 2375">
    <p class='ocr_par' dir='ltr' id='par_1_3' title="bbox 108 1218 1497 1393">
     <span class='ocr_line' id='line_1_7' title="bbox 198 1218 1497 1273; baseline 0.002 -14"><span class='ocrx_word' id='word_1_27' title='bbox 198 1218 353 1273; x_wconf 78' lang='lat' dir='ltr'>Accepi</span> <span class='ocrx_word' id='word_1_28' title='bbox 387 1233 410 1260; x_wconf 84' lang='lat' dir='ltr'>a</span> <span class='ocrx_word' id='word_1_29' title='bbox 441 1221 483 1259; x_wconf 92' lang='lat' dir='ltr'>te</span> <span class='ocrx_word' id='word_1_30' title='bbox 517 1219 735 1273; x_wconf 83' lang='lat' dir='ltr'>signatum</span> <span class='ocrx_word' id='word_1_31' title='bbox 766 1219 978 1273; x_wconf 77' lang='lat' dir='ltr'>libellum,</span> <span class='ocrx_word' id='word_1_32' title='bbox 1019 1234 1143 1273; x_wconf 87' lang='lat' dir='ltr'>quem</span> <span class='ocrx_word' id='word_1_33' title='bbox 1174 1218 1360 1261; x_wconf 86' lang='lat' dir='ltr'>Anteros</span> <span class='ocrx_word' id='word_1_34' title='bbox 1393 1224 1452 1261; x_wconf 87' lang='lat' dir='ltr'>at·</span> <span class='ocrx_word' id='word_1_35' title='bbox 1480 1233 1497 1262; x_wconf 87' lang='lat'>1</span> 
     </span>
     <span class='ocr_line' id='line_1_8' title="bbox 108 1277 1451 1333; baseline 0.001 -15"><span class='ocrx_word' id='word_1_36' title='bbox 108 1277 284 1333; x_wconf 83' lang='lat' dir='ltr'>tulerat3</span> <span class='ocrx_word' id='word_1_37' title='bbox 317 1292 366 1318; x_wconf 82' lang='lat' dir='ltr'>ex</span> <span class='ocrx_word' id='word_1_38' title='bbox 400 1291 482 1331; x_wconf 90' lang='lat' dir='ltr'>quo</span> <span class='ocrx_word' id='word_1_39' title='bbox 515 1277 625 1318; x_wconf 82' lang='lat' dir='ltr'>nihil</span> <span class='ocrx_word' id='word_1_40' title='bbox 657 1278 764 1319; x_wconf 87' lang='lat' dir='ltr'>scire</span> <span class='ocrx_word' id='word_1_41' title='bbox 796 1278 918 1332; x_wconf 86' lang='lat' dir='ltr'>potui</span> <span class='ocrx_word' id='word_1_42' title='bbox 950 1278 999 1318; x_wconf 92' lang='lat' dir='ltr'>de</span> <span class='ocrx_word' id='word_1_43' title='bbox 1022 1279 1182 1319; x_wconf 85' lang='lat' dir='ltr'>nostris</span> <span class='ocrx_word' id='word_1_44' title='bbox 1210 1279 1451 1320; x_wconf 73' lang='lat' dir='ltr'>domesticis</span> 
     </span>
     <span class='ocr_line' id='line_1_9' title="bbox 108 1335 1451 1393; baseline 0.002 -17"><span class='ocrx_word' id='word_1_45' title='bbox 108 1336 246 1378; x_wconf 88' lang='lat' dir='ltr'>rebus.</span> <span class='ocrx_word' id='word_1_46' title='bbox 297 1335 361 1377; x_wconf 93' lang='lat' dir='ltr'>De</span> <span class='ocrx_word' id='word_1_47' title='bbox 394 1336 548 1390; x_wconf 88' lang='lat' dir='ltr'>quibus</span> <span class='ocrx_word' id='word_1_48' title='bbox 582 1336 852 1378; x_wconf 79' lang='lat' dir='ltr'>acerbissime</span> <span class='ocrx_word' id='word_1_49' title='bbox 884 1336 1089 1392; x_wconf 81' lang='lat' dir='ltr'>adfiictor‚</span> <span class='ocrx_word' id='word_1_50' title='bbox 1121 1338 1245 1393; x_wconf 76' lang='lat' dir='ltr'>quod7</span> <span class='ocrx_word' id='word_1_51' title='bbox 1277 1337 1351 1392; x_wconf 90' lang='lat' dir='ltr'>qui</span> <span class='ocrx_word' id='word_1_52' title='bbox 1382 1353 1451 1379; x_wconf 87' lang='lat' dir='ltr'>eas</span> 
     </span>
    </p>

    <p class='ocr_par' dir='ltr' id='par_1_4' title="bbox 55 1395 1453 1683">
     <span class='ocr_line' id='line_1_10' title="bbox 55 1395 1453 1452; baseline 0 -15"><span class='ocrx_word' id='word_1_53' title='bbox 55 1414 89 1437; x_wconf 84' lang='lat'>10</span> <span class='ocrx_word' id='word_1_54' title='bbox 109 1395 382 1449; x_wconf 70' lang='lat' dir='ltr'>dispensavit,</span> <span class='ocrx_word' id='word_1_55' title='bbox 413 1409 549 1448; x_wconf 89' lang='lat' dir='ltr'>neque</span> <span class='ocrx_word' id='word_1_56' title='bbox 582 1395 699 1436; x_wconf 86' lang='lat' dir='ltr'>adest</span> <span class='ocrx_word' id='word_1_57' title='bbox 731 1395 829 1436; x_wconf 87' lang='lat' dir='ltr'>istic</span> <span class='ocrx_word' id='word_1_58' title='bbox 857 1409 1006 1451; x_wconf 69' lang='lat' dir='ltr'>neque,</span> <span class='ocrx_word' id='word_1_59' title='bbox 1037 1396 1111 1436; x_wconf 89' lang='lat' dir='ltr'>ubi</span> <span class='ocrx_word' id='word_1_60' title='bbox 1142 1399 1351 1437; x_wconf 88' lang='lat' dir='ltr'>terrarum</span> <span class='ocrx_word' id='word_1_61' title='bbox 1385 1397 1453 1452; x_wconf 72' lang='lat' dir='ltr'>sit,</span> 
     </span>
     <span class='ocr_line' id='line_1_11' title="bbox 111 1452 1452 1508; baseline 0.002 -15"><span class='ocrx_word' id='word_1_62' title='bbox 111 1454 207 1494; x_wconf 88' lang='lat' dir='ltr'>scio.</span> <span class='ocrx_word' id='word_1_63' title='bbox 260 1452 437 1494; x_wconf 87' lang='lat' dir='ltr'>Omnem</span> <span class='ocrx_word' id='word_1_64' title='bbox 470 1456 613 1495; x_wconf 87' lang='lat' dir='ltr'>autem</span> <span class='ocrx_word' id='word_1_65' title='bbox 640 1468 757 1507; x_wconf 90' lang='lat' dir='ltr'>spem</span> <span class='ocrx_word' id='word_1_66' title='bbox 788 1453 925 1495; x_wconf 87' lang='lat' dir='ltr'>habeo</span> <span class='ocrx_word' id='word_1_67' title='bbox 958 1454 1286 1496; x_wconf 71' lang='lat' dir='ltr'>existimationis</span> <span class='ocrx_word' id='word_1_68' title='bbox 1316 1455 1452 1508; x_wconf 77' lang='lat' dir='ltr'>priva-</span> 
     </span>
     <span class='ocr_line' id='line_1_12' title="bbox 110 1511 1452 1568; baseline 0.002 -16"><span class='ocrx_word' id='word_1_69' title='bbox 110 1515 332 1566; x_wconf 86' lang='lat' dir='ltr'>tarumque</span> <span class='ocrx_word' id='word_1_70' title='bbox 370 1526 512 1552; x_wconf 85' lang='lat' dir='ltr'>rerum</span> <span class='ocrx_word' id='word_1_71' title='bbox 548 1511 594 1552; x_wconf 88' lang='lat' dir='ltr'>in</span> <span class='ocrx_word' id='word_1_72' title='bbox 630 1515 705 1553; x_wconf 84' lang='lat' dir='ltr'>tua</span> <span class='ocrx_word' id='word_1_73' title='bbox 748 1526 847 1567; x_wconf 80' lang='lat' dir='ltr'>erga</span> <span class='ocrx_word' id='word_1_74' title='bbox 878 1527 945 1554; x_wconf 88' lang='lat' dir='ltr'>me</span> <span class='ocrx_word' id='word_1_75' title='bbox 976 1513 1081 1553; x_wconf 87' lang='lat' dir='ltr'>mihi</span> <span class='ocrx_word' id='word_1_76' title='bbox 1112 1514 1452 1568; x_wconf 87' lang='lat' dir='ltr'>perspectissima</span> 
     </span>
     <span class='ocr_line' id='line_1_13' title="bbox 109 1569 1452 1625; baseline 0.002 -15"><span class='ocrx_word' id='word_1_77' title='bbox 109 1570 415 1611; x_wconf 86' lang='lat' dir='ltr'>benevolentia.</span> <span class='ocrx_word' id='word_1_78' title='bbox 478 1569 611 1619; x_wconf 84' lang='lat' dir='ltr'>Quam</span> <span class='ocrx_word' id='word_1_79' title='bbox 651 1570 687 1611; x_wconf 93' lang='lat' dir='ltr'>si</span> <span class='ocrx_word' id='word_1_80' title='bbox 718 1569 786 1612; x_wconf 88' lang='lat' dir='ltr'>his</span> <span class='ocrx_word' id='word_1_81' title='bbox 818 1571 1082 1625; x_wconf 83' lang='lat' dir='ltr'>temporibus</span> <span class='ocrx_word' id='word_1_82' title='bbox 1114 1572 1280 1613; x_wconf 85' lang='lat' dir='ltr'>miseris</span> <span class='ocrx_word' id='word_1_83' title='bbox 1313 1574 1355 1613; x_wconf 92' lang='lat' dir='ltr'>et</span> <span class='ocrx_word' id='word_1_84' title='bbox 1387 1587 1452 1613; x_wconf 82' lang='lat' dir='ltr'>ex-</span> 
     </span>
     <span class='ocr_line' id='line_1_14' title="bbox 109 1628 1452 1683; baseline 0.001 -14"><span class='ocrx_word' id='word_1_85' title='bbox 109 1629 256 1670; x_wconf 86' lang='lat' dir='ltr'>tremis</span> <span class='ocrx_word' id='word_1_86' title='bbox 283 1628 559 1683; x_wconf 78' lang='lat' dir='ltr'>praestiteris,</span> <span class='ocrx_word' id='word_1_87' title='bbox 589 1628 692 1669; x_wconf 86' lang='lat' dir='ltr'>haec</span> <span class='ocrx_word' id='word_1_88' title='bbox 717 1629 915 1683; x_wconf 80' lang='lat' dir='ltr'>pericula,</span> <span class='ocrx_word' id='word_1_89' title='bbox 947 1644 1054 1683; x_wconf 87' lang='lat' dir='ltr'>quae</span> <span class='ocrx_word' id='word_1_90' title='bbox 1078 1630 1185 1670; x_wconf 89' lang='lat' dir='ltr'>mihi</span> <span class='ocrx_word' id='word_1_91' title='bbox 1212 1631 1452 1671; x_wconf 86' lang='lat' dir='ltr'>communia</span> 
     </span>
    </p>

    <p class='ocr_par' dir='ltr' id='par_1_5' title="bbox 56 1687 1497 1976">
     <span class='ocr_line' id='line_1_15' title="bbox 56 1687 1451 1743; baseline 0 -14"><span class='ocrx_word' id='word_1_92' title='bbox 56 1704 89 1730; x_wconf 85' lang='lat'>15</span> <span class='ocrx_word' id='word_1_93' title='bbox 111 1690 209 1728; x_wconf 89' lang='lat' dir='ltr'>sunt</span> <span class='ocrx_word' id='word_1_94' title='bbox 247 1702 342 1729; x_wconf 88' lang='lat' dir='ltr'>cum</span> <span class='ocrx_word' id='word_1_95' title='bbox 378 1688 544 1741; x_wconf 77' lang='lat' dir='ltr'>ceteris,</span> <span class='ocrx_word' id='word_1_96' title='bbox 590 1687 744 1728; x_wconf 86' lang='lat' dir='ltr'>fortius</span> <span class='ocrx_word' id='word_1_97' title='bbox 786 1687 936 1741; x_wconf 80' lang='lat' dir='ltr'>feram3</span> <span class='ocrx_word' id='word_1_98' title='bbox 980 1688 1107 1742; x_wconf 88' lang='lat' dir='ltr'>idque</span> <span class='ocrx_word' id='word_1_99' title='bbox 1138 1691 1187 1728; x_wconf 90' lang='lat' dir='ltr'>ut</span> <span class='ocrx_word' id='word_1_100' title='bbox 1218 1688 1365 1743; x_wconf 81' lang='lat' dir='ltr'>facias,</span> <span class='ocrx_word' id='word_1_101' title='bbox 1410 1692 1451 1729; x_wconf 92' lang='lat' dir='ltr'>te</span> 
     </span>
     <span class='ocr_line' id='line_1_16' title="bbox 111 1746 1497 1801; baseline 0.001 -14"><span class='ocrx_word' id='word_1_102' title='bbox 111 1746 303 1787; x_wconf 89' lang='lat' dir='ltr'>obtestor</span> <span class='ocrx_word' id='word_1_103' title='bbox 343 1749 469 1800; x_wconf 87' lang='lat' dir='ltr'>atque</span> <span class='ocrx_word' id='word_1_104' title='bbox 509 1746 696 1796; x_wconf 79' lang='lat' dir='ltr'>obsecro,</span> <span class='ocrx_word' id='word_1_105' title='bbox 764 1746 860 1801; x_wconf 81' lang='lat' dir='ltr'>Ego</span> <span class='ocrx_word' id='word_1_106' title='bbox 899 1747 943 1786; x_wconf 89' lang='lat' dir='ltr'>in</span> <span class='ocrx_word' id='word_1_107' title='bbox 981 1746 1225 1800; x_wconf 78' lang='lat' dir='ltr'>cistophoro</span> <span class='ocrx_word' id='word_1_108' title='bbox 1264 1747 1310 1787; x_wconf 89' lang='lat' dir='ltr'>in</span> <span class='ocrx_word' id='word_1_109' title='bbox 1349 1746 1453 1788; x_wconf 86' lang='lat' dir='ltr'>Asia</span> <span class='ocrx_word' id='word_1_110' title='bbox 1478 1760 1497 1789; x_wconf 80' lang='lat'><strong>2</strong></span> 
     </span>
     <span class='ocr_line' id='line_1_17' title="bbox 108 1804 1452 1859; baseline 0.001 -15"><span class='ocrx_word' id='word_1_111' title='bbox 108 1804 243 1846; x_wconf 88' lang='lat' dir='ltr'>habeo</span> <span class='ocrx_word' id='word_1_112' title='bbox 286 1804 338 1845; x_wconf 84' lang='lat' dir='ltr'>ad</span> <span class='ocrx_word' id='word_1_113' title='bbox 379 1804 624 1846; x_wconf 85' lang='lat' dir='ltr'>sestertium</span> <span class='ocrx_word' id='word_1_114' title='bbox 663 1804 730 1845; x_wconf 86' lang='lat' dir='ltr'>bis</span> <span class='ocrx_word' id='word_1_115' title='bbox 769 1807 811 1845; x_wconf 90' lang='lat' dir='ltr'>et</span> <span class='ocrx_word' id='word_1_116' title='bbox 848 1804 1018 1846; x_wconf 81' lang='lat' dir='ltr'>viciens.</span> <span class='ocrx_word' id='word_1_117' title='bbox 1080 1804 1220 1846; x_wconf 87' lang='lat' dir='ltr'>Huius</span> <span class='ocrx_word' id='word_1_118' title='bbox 1251 1806 1452 1859; x_wconf 84' lang='lat' dir='ltr'>pecuniae</span> 
     </span>
     <span class='ocr_line' id='line_1_18' title="bbox 110 1863 1451 1918; baseline 0.001 -15"><span class='ocrx_word' id='word_1_119' title='bbox 110 1863 423 1916; x_wconf 84' lang='lat' dir='ltr'>permutatione</span> <span class='ocrx_word' id='word_1_120' title='bbox 453 1863 580 1904; x_wconf 87' lang='lat' dir='ltr'>fidem</span> <span class='ocrx_word' id='word_1_121' title='bbox 612 1865 804 1904; x_wconf 84' lang='lat' dir='ltr'>nostram</span> <span class='ocrx_word' id='word_1_122' title='bbox 835 1863 958 1904; x_wconf 85' lang='lat' dir='ltr'>facile</span> <span class='ocrx_word' id='word_1_123' title='bbox 986 1863 1176 1918; x_wconf 79' lang='lat' dir='ltr'>tuebere3</span> <span class='ocrx_word' id='word_1_124' title='bbox 1210 1878 1336 1917; x_wconf 87' lang='lat' dir='ltr'>quam</span> <span class='ocrx_word' id='word_1_125' title='bbox 1364 1865 1451 1918; x_wconf 88' lang='lat' dir='ltr'>qui-</span> 
     </span>
     <span class='ocr_line' id='line_1_19' title="bbox 111 1921 1452 1976; baseline 0.001 -14"><span class='ocrx_word' id='word_1_126' title='bbox 111 1921 205 1961; x_wconf 87' lang='lat' dir='ltr'>dem</span> <span class='ocrx_word' id='word_1_127' title='bbox 245 1935 322 1976; x_wconf 82' lang='lat' dir='ltr'>ego</span> <span class='ocrx_word' id='word_1_128' title='bbox 363 1921 448 1962; x_wconf 88' lang='lat' dir='ltr'>nisi</span> <span class='ocrx_word' id='word_1_129' title='bbox 481 1921 722 1975; x_wconf 84' lang='lat' dir='ltr'>expeditam</span> <span class='ocrx_word' id='word_1_130' title='bbox 754 1921 993 1975; x_wconf 86' lang='lat' dir='ltr'>relinquere</span> <span class='ocrx_word' id='word_1_131' title='bbox 1023 1936 1091 1962; x_wconf 92' lang='lat' dir='ltr'>me</span> <span class='ocrx_word' id='word_1_132' title='bbox 1122 1924 1338 1975; x_wconf 86' lang='lat' dir='ltr'>putassem</span> <span class='ocrx_word' id='word_1_133' title='bbox 1370 1937 1452 1964; x_wconf 90' lang='lat' dir='ltr'>cre-</span> 
     </span>
    </p>

    <p class='ocr_par' dir='ltr' id='par_1_6' title="bbox 58 1979 1453 2268">
     <span class='ocr_line' id='line_1_20' title="bbox 58 1979 1453 2034; baseline 0.001 -13"><span class='ocrx_word' id='word_1_134' title='bbox 58 1997 92 2021; x_wconf 85' lang='lat'>20</span> <span class='ocrx_word' id='word_1_135' title='bbox 112 1979 212 2020; x_wconf 88' lang='lat' dir='ltr'>dens</span> <span class='ocrx_word' id='word_1_136' title='bbox 251 1980 306 2033; x_wconf 83' lang='lat' dir='ltr'>ei,</span> <span class='ocrx_word' id='word_1_137' title='bbox 351 1980 418 2020; x_wconf 89' lang='lat' dir='ltr'>cui</span> <span class='ocrx_word' id='word_1_138' title='bbox 455 1982 504 2021; x_wconf 87' lang='lat' dir='ltr'>tu</span> <span class='ocrx_word' id='word_1_139' title='bbox 541 1980 622 2021; x_wconf 88' lang='lat' dir='ltr'>scis</span> <span class='ocrx_word' id='word_1_140' title='bbox 660 1980 746 2020; x_wconf 84' lang='lat' dir='ltr'>iam</span> <span class='ocrx_word' id='word_1_141' title='bbox 783 1980 948 2034; x_wconf 83' lang='lat' dir='ltr'>pridem</span> <span class='ocrx_word' id='word_1_142' title='bbox 984 1980 1159 2021; x_wconf 89' lang='lat' dir='ltr'>minime</span> <span class='ocrx_word' id='word_1_143' title='bbox 1196 1981 1361 2022; x_wconf 86' lang='lat' dir='ltr'>credere</span> <span class='ocrx_word' id='word_1_144' title='bbox 1391 1996 1453 2023; x_wconf 79' lang='lat' dir='ltr'>me</span> 
     </span>
     <span class='ocr_line' id='line_1_21' title="bbox 112 2038 1451 2092; baseline 0.001 -14"><span class='ocrx_word' id='word_1_145' title='bbox 112 2038 257 2091; x_wconf 75' lang='lat' dir='ltr'>debere,</span> <span class='ocrx_word' id='word_1_146' title='bbox 289 2041 574 2079; x_wconf 84' lang='lat' dir='ltr'>commoratus</span> <span class='ocrx_word' id='word_1_147' title='bbox 607 2052 741 2079; x_wconf 89' lang='lat' dir='ltr'>essem</span> <span class='ocrx_word' id='word_1_148' title='bbox 767 2038 982 2092; x_wconf 88' lang='lat' dir='ltr'>paulisper</span> <span class='ocrx_word' id='word_1_149' title='bbox 1007 2053 1083 2079; x_wconf 90' lang='lat' dir='ltr'>nec</span> <span class='ocrx_word' id='word_1_150' title='bbox 1109 2038 1360 2080; x_wconf 87' lang='lat' dir='ltr'>domesticas</span> <span class='ocrx_word' id='word_1_151' title='bbox 1385 2054 1451 2080; x_wconf 89' lang='lat' dir='ltr'>res</span> 
     </span>
     <span class='ocr_line' id='line_1_22' title="bbox 110 2096 1453 2151; baseline 0.001 -15"><span class='ocrx_word' id='word_1_152' title='bbox 110 2096 336 2150; x_wconf 87' lang='lat' dir='ltr'>impeditas</span> <span class='ocrx_word' id='word_1_153' title='bbox 375 2097 651 2151; x_wconf 88' lang='lat' dir='ltr'>reliquissem.</span> <span class='ocrx_word' id='word_1_154' title='bbox 716 2096 780 2137; x_wconf 93' lang='lat' dir='ltr'>Ob</span> <span class='ocrx_word' id='word_1_155' title='bbox 819 2111 995 2151; x_wconf 86' lang='lat' dir='ltr'>eamque</span> <span class='ocrx_word' id='word_1_156' title='bbox 1032 2111 1202 2138; x_wconf 84' lang='lat' dir='ltr'>causam</span> <span class='ocrx_word' id='word_1_157' title='bbox 1235 2098 1368 2138; x_wconf 85' lang='lat' dir='ltr'>serius</span> <span class='ocrx_word' id='word_1_158' title='bbox 1402 2098 1453 2138; x_wconf 86' lang='lat' dir='ltr'>ad</span> 
     </span>
     <span class='ocr_line' id='line_1_23' title="bbox 111 2154 1451 2210; baseline 0.001 -15"><span class='ocrx_word' id='word_1_159' title='bbox 111 2157 153 2195; x_wconf 90' lang='lat' dir='ltr'>te</span> <span class='ocrx_word' id='word_1_160' title='bbox 192 2154 348 2209; x_wconf 70' lang='lat' dir='ltr'>scribo,</span> <span class='ocrx_word' id='word_1_161' title='bbox 388 2156 500 2208; x_wconf 90' lang='lat' dir='ltr'>quod</span> <span class='ocrx_word' id='word_1_162' title='bbox 538 2170 630 2196; x_wconf 90' lang='lat' dir='ltr'>sero</span> <span class='ocrx_word' id='word_1_163' title='bbox 670 2155 879 2210; x_wconf 81' lang='lat' dir='ltr'>intellexi,</span> <span class='ocrx_word' id='word_1_164' title='bbox 924 2155 1027 2209; x_wconf 89' lang='lat' dir='ltr'>quid</span> <span class='ocrx_word' id='word_1_165' title='bbox 1064 2155 1299 2196; x_wconf 90' lang='lat' dir='ltr'>timendum</span> <span class='ocrx_word' id='word_1_166' title='bbox 1331 2159 1451 2197; x_wconf 90' lang='lat' dir='ltr'>esset.</span> 
     </span>
     <span class='ocr_line' id='line_1_24' title="bbox 112 2212 1451 2268; baseline 0.002 -15"><span class='ocrx_word' id='word_1_167' title='bbox 112 2212 170 2254; x_wconf 89' lang='lat' dir='ltr'>Te</span> <span class='ocrx_word' id='word_1_168' title='bbox 202 2213 330 2254; x_wconf 83' lang='lat' dir='ltr'>etiam</span> <span class='ocrx_word' id='word_1_169' title='bbox 361 2216 490 2267; x_wconf 85' lang='lat' dir='ltr'>atque</span> <span class='ocrx_word' id='word_1_170' title='bbox 522 2213 650 2254; x_wconf 89' lang='lat' dir='ltr'>etiam</span> <span class='ocrx_word' id='word_1_171' title='bbox 682 2228 769 2268; x_wconf 83' lang='lat' dir='ltr'>oro,</span> <span class='ocrx_word' id='word_1_172' title='bbox 800 2216 849 2254; x_wconf 91' lang='lat' dir='ltr'>ut</span> <span class='ocrx_word' id='word_1_173' title='bbox 875 2228 942 2254; x_wconf 90' lang='lat' dir='ltr'>me</span> <span class='ocrx_word' id='word_1_174' title='bbox 967 2216 1109 2255; x_wconf 90' lang='lat' dir='ltr'>totum</span> <span class='ocrx_word' id='word_1_175' title='bbox 1134 2214 1340 2255; x_wconf 89' lang='lat' dir='ltr'>tuendum</span> <span class='ocrx_word' id='word_1_176' title='bbox 1364 2229 1451 2256; x_wconf 72' lang='lat' dir='ltr'>sus·</span> 
     </span>
    </p>

    <p class='ocr_par' dir='ltr' id='par_1_7' title="bbox 59 2271 1453 2327">
     <span class='ocr_line' id='line_1_25' title="bbox 59 2271 1453 2327; baseline 0.001 -14"><span class='ocrx_word' id='word_1_177' title='bbox 59 2288 91 2313; x_wconf 84' lang='lat'>25</span> <span class='ocrx_word' id='word_1_178' title='bbox 112 2271 255 2326; x_wconf 81' lang='lat' dir='ltr'>cipias‚</span> <span class='ocrx_word' id='word_1_179' title='bbox 286 2273 345 2325; x_wconf 83' lang='lat' dir='ltr'>ut,</span> <span class='ocrx_word' id='word_1_180' title='bbox 379 2271 414 2312; x_wconf 86' lang='lat' dir='ltr'>si</span> <span class='ocrx_word' id='word_1_181' title='bbox 446 2271 475 2311; x_wconf 93' lang='lat' dir='ltr'>ii</span> <span class='ocrx_word' id='word_1_182' title='bbox 510 2272 614 2312; x_wconf 75' lang='lat' dir='ltr'>salvi</span> <span class='ocrx_word' id='word_1_183' title='bbox 648 2275 783 2327; x_wconf 80' lang='lat' dir='ltr'>erunt⁷</span> <span class='ocrx_word' id='word_1_184' title='bbox 816 2271 1068 2326; x_wconf 86' lang='lat' dir='ltr'>quibuscum</span> <span class='ocrx_word' id='word_1_185' title='bbox 1105 2287 1211 2327; x_wconf 79' lang='lat' dir='ltr'>sum,</span> <span class='ocrx_word' id='word_1_186' title='bbox 1241 2288 1325 2314; x_wconf 88' lang='lat' dir='ltr'>una</span> <span class='ocrx_word' id='word_1_187' title='bbox 1358 2287 1453 2315; x_wconf 88' lang='lat' dir='ltr'>cum</span> 
     </span>
    </p>

    <p class='ocr_par' dir='ltr' id='par_1_8' title="bbox 1173 2341 1241 2375">
     <span class='ocr_line' id='line_1_26' title="bbox 1173 2341 1241 2375; baseline 0.015 -1"><span class='ocrx_word' id='word_1_188' title='bbox 1173 2341 1241 2375; x_wconf 77' lang='lat'>21*</span> 
     </span>
    </p>
   </div>
  </div>
 </body>
</html>
