1665 2553
311 87 650 123 EPISTULARUM
675 88 740 122 AD
766 87 982 123 ATTICUM
1007 88 1075 122 ΧΠ
1100 92 1252 124 48-52.
1371 89 1453 131 391

750 242 817 284 LI.

308 323 382 359 Ser.
405 324 446 357 in
475 323 682 358 Tusculano
709 324 823 358 XIII
843 324 891 358 K.
912 324 998 358 Iun.
1021 336 1052 359 a.
1077 327 1148 359 709
1175 327 1266 369 (45).

516 405 707 440 CICERO
731 405 923 441 ATTICO
948 405 1056 440 SAL.

200 477 401 519 Tironem
432 477 567 519 habeo
601 478 739 531 citius,
772 493 899 532 quam
930 478 1115 519 verebar.
1169 477 1300 520 Venit
1326 480 1455 520 etiam
1483 490 1500 521 1

77 553 93 579 5
113 535 277 592 Nicias,
321 539 362 577 et
399 536 619 577 Valerium
662 536 787 578 hodie
830 537 1052 578 audiebam
1089 551 1180 578 esse
1217 540 1454 579 venturum.
1520 539 1524 543 '

113 594 314 644 Quamvis
345 595 471 636 multi
503 596 609 651 sint,
644 596 782 650 magis
814 598 957 637 tamen
989 610 1059 636 ero
1093 596 1222 652 solus,
1260 611 1387 650 quam
1420 597 1456 638 si

112 668 222 695 unus
261 668 384 695 esseS.
448 652 529 695 Sed
566 658 763 708 exspecto
804 657 864 709 te,
903 669 926 695 a
957 653 1172 696 Peducaeo
1204 656 1370 710 utique,
1407 661 1455 696 tu

114 715 255 754 autem
281 713 494 767 significas
523 713 684 767 aliquid
709 714 838 754 etiam
864 716 971 754 ante.
1021 713 1182 755 Verum
1206 714 1250 754 id
1276 715 1456 768 quidem,

112 775 160 812 ut
191 772 364 825 poteris.

59 848 93 872 ιο
199 829 264 871 De
300 829 511 885 Vergilio,
554 833 602 871 ut
640 831 801 871 scribis.
862 830 956 871 Hoc
992 834 1135 872 tamen
1171 832 1299 872 velim
1338 832 1455 886 scire,
1481 842 1500 872 2

113 889 280 943 quando
327 890 477 930 auctio.
545 889 790 943 Epistulam
830 889 881 930 ad
919 888 1142 931 Caesarem
1179 890 1295 931 mitti
1332 891 1453 931 video

112 948 193 989 tibi
236 948 411 1002 placere.
480 947 589 997 Quid
632 948 828 1003 quaeris?
878 948 984 989 mihi
1023 963 1191 1003 quoque
1227 949 1308 990 hoc
1344 949 1455 990 idem

112 1007 294 1047 maxime
326 1007 485 1060 placuit
517 1010 560 1048 et
591 1021 639 1048 eo
671 1007 818 1061 magis,
851 1007 963 1061 quod
993 1007 1102 1048 nihil
1133 1010 1198 1049 est
1229 1008 1273 1048 in
1300 1022 1347 1048 ea
1371 1008 1455 1049 nisi
1514 1048 1521 1051 ,

114 1066 265 1119 optimi
304 1066 425 1120 civis,
463 1065 534 1106 sed
565 1066 626 1106 ita
658 1066 828 1120 optimi,
864 1069 912 1106 ut
944 1069 1154 1121 tempora3
1199 1067 1353 1121 quibus
1385 1082 1455 1121 pa-

60 1140 93 1166 15
112 1138 203 1165 rere
241 1138 386 1165 omnes
422 1123 638 1166 πολιτικοὶ
676 1124 950 1178 praecipiunt.
1014 1124 1095 1167 Sed
1127 1125 1208 1166 scis
1238 1126 1300 1166 ita
1330 1125 1454 1166 nobis

114 1197 205 1224 esse
235 1183 393 1238 visum,
432 1186 480 1223 ut
511 1183 585 1223 isti
617 1186 714 1224 ante
745 1184 945 1238 legerent.
1008 1183 1072 1224 Tu
1103 1184 1236 1238 igitur
1268 1184 1310 1224 id
1341 1199 1456 1225 cura-

113 1242 190 1282 bis.
253 1240 352 1297 Sed,
394 1241 477 1282 nisi
515 1242 638 1295 plane
675 1242 728 1282 iis
767 1242 988 1296 intelleges
1026 1242 1210 1298 placere,
1248 1243 1456 1284 mittenda

111 1314 199 1341 non
230 1303 303 1341 est.
359 1298 408 1340 Id
440 1303 582 1341 autem
612 1303 757 1341 utrum
789 1301 853 1341 illi
886 1301 1072 1342 sentiant
1105 1316 1210 1342 anne
1243 1302 1455 1356 simulent⁷

112 1362 161 1400 tu
192 1358 425 1414 intelleges.
487 1358 595 1400 Mihi
633 1359 849 1400 simulatio
882 1374 959 1413 pro
992 1360 1284 1414 repudiatione
1315 1361 1454 1402 fuerit.

60 1434 94 1458 20
120 1420 258 1459 Τοῦτο
291 1415 339 1459 δὲ
371 1419 560 1473 μηλώσῃ.

202 1475 266 1516 De
292 1474 497 1517 Caerellia
526 1476 629 1530 quid
653 1477 734 1518 tibi
760 1477 958 1533 placeret,
990 1477 1090 1518 Tiro
1117 1478 1223 1518 mihi
1248 1478 1454 1531 narravit3
1482 1488 1501 1517 3

115 1534 265 1575 debere
301 1548 389 1575 non
427 1549 517 1576 esse
555 1535 778 1590 dignitatis
816 1550 952 1589 meae,
991 1536 1344 1590 perscriptionem
1374 1537 1456 1578 tibi

114 1593 294 1647 placere:

116 1674 245 1716 ‘Hoc
287 1676 530 1730 metuere,
574 1675 790 1716 alterum
834 1674 885 1716 1'n
928 1678 1062 1717 metu
1104 1690 1203 1717 non
1239 1677 1456 1730 ponere?

62 1784 96 1810 25
116 1767 198 1810 Sed
239 1772 281 1810 et
310 1768 414 1810 haec
446 1771 488 1810 et
518 1768 654 1809 multa
686 1768 767 1809 alia
799 1783 951 1810 coram.
1015 1768 1271 1810 Sustinenda
1301 1772 1457 1824 tamen,

116 1828 153 1868 si
183 1828 265 1869 tibi
294 1827 521 1882 videbitur,
553 1827 710 1868 solutio
743 1830 807 1868 est
836 1827 1022 1868 nominis
1062 1826 1324 1884 Caerelliani,
1356 1829 1456 1869 dum

116 1889 158 1927 et
190 1886 240 1927 de
271 1886 443 1927 Metone
476 1888 518 1927 et
549 1885 598 1926 de
630 1885 810 1927 Faberio
844 1886 1036 1927 sciamus.

744 2001 831 2043 LII.

324 2082 398 2117 Ser.
420 2083 461 2117 in
491 2082 698 2116 Tusculano
724 2082 815 2116 XII
836 2082 883 2117 K.
904 2083 989 2117 Iun.
1011 2095 1043 2117 α.
1068 2086 1139 2118 709
1168 2086 1256 2127 (45).

63 2170 97 2195 30
520 2163 710 2198 CICERO
734 2164 926 2199 ATTICO
951 2165 1060 2200 SAL.

204 2234 249 2276 L.
271 2235 458 2276 Tullium
484 2235 737 2276 Montanum
761 2237 894 2290 nosti3
921 2237 993 2290 qui
1020 2251 1114 2278 cum
1136 2235 1336 2278 Cicerone
1362 2252 1456 2292 pro·
1484 2249 1501 2278 1

115 2295 251 2335 fectus
290 2297 363 2335 est.
426 2293 495 2334 Ab
533 2294 622 2335 eius
655 2295 813 2335 sororis
846 2295 936 2335 viro
968 2295 1134 2337 litteras
1167 2296 1308 2350 accepi
1338 2296 1456 2338 Mon-
