1665 2553
407 96 747 131 EPISTULARUM
772 96 838 131 AD
862 97 1064 131 BRUTUM
1088 98 1104 131 Ι
1131 102 1232 133 7-9.
1395 100 1478 140 531

774 249 845 292 ΙΧ.

265 331 338 366 Ser.
360 331 497 367 Romae
516 331 632 376 paulo
658 336 740 366 ante
768 332 880 366 XIII
901 332 949 367 K.
974 332 1095 376 Quint.
1117 344 1149 367 a.
1173 335 1240 367 711
1270 336 1358 377 (43).

571 412 739 448 CICERO
766 413 927 448 BRUTO
955 414 1053 448 SAL.

228 485 442 540 Fungerer
467 500 515 527 eo
544 486 696 540 officio,
717 501 799 540 quo
827 489 874 527 tu
901 486 1072 527 functus
1100 501 1143 528 es
1164 487 1209 528 in
1234 501 1328 528 meo
1349 487 1479 542 luctu,

105 560 120 586 5
139 547 264 598 teque
295 559 369 598 per
399 545 564 586 litteras
598 546 855 599 consolarer,
886 545 969 586 nisi
1004 545 1153 586 scirem
1184 546 1237 586 iis
1270 546 1479 602 remediis,

139 603 293 657 quibus
342 618 482 644 meum
528 603 716 644 dolorem
759 607 807 644 tu
850 604 1051 658 levasses,
1101 607 1143 645 te
1186 605 1231 645 in
1273 608 1348 646 tuo
1393 620 1480 646 non

140 675 277 717 egere,
320 676 367 702 ac
409 662 536 702 velim
578 662 744 703 facilius
790 677 915 716 quam
960 666 1061 703 tunc
1102 663 1208 704 mihi
1244 677 1356 704 nunc
1396 664 1479 705 tibi

138 723 228 761 tute
259 721 460 761 medeare.
511 720 593 761 Est
626 724 767 762 autem
799 721 983 762 alienum
1010 724 1130 762 tanto
1157 722 1261 776 viro,
1293 725 1476 776 quantus

138 793 181 820 es
220 782 285 835 tu,
329 779 442 833 quod
479 779 602 820 alteri
639 780 916 834 praeceperit,
958 780 1001 820 id
1039 781 1179 834 ipsum
1216 781 1353 822 facere
1390 796 1478 822 non

86 855 119 880 10
138 852 272 891 posse.
323 837 392 879 Me
425 838 589 892 quidem
625 852 719 879 cum
745 839 947 893 rationes,
981 853 1083 892 quas
1111 840 1354 895 collegeras,
1384 842 1476 880 tum

138 897 367 937 auctoritas
399 899 473 937 tua
505 912 528 937 a
558 897 690 937 nimio
724 912 912 938 maerore
945 897 1160 939 deterruit.
1223 897 1330 939 Cum
1363 899 1475 940 enim

136 955 308 996 mollius
340 955 420 996 tibi
453 956 561 996 ferre
594 956 771 1010 viderer,
813 971 939 1010 quam
973 956 1134 997 deceret
1166 956 1322 1012 virum,
1360 972 1475 1011 prae-

139 1014 285 1054 sertim
322 1028 435 1069 eum,
473 1015 545 1067 qui
583 1015 689 1055 alios
722 1015 930 1056 consolari
963 1016 1134 1069 soleret,
1172 1016 1377 1056 accusasti
1409 1031 1475 1057 me
1522 1034 1529 1037 ·

136 1087 211 1126 per
246 1073 411 1113 litteras
451 1073 718 1127 gravioribus
756 1073 914 1128 verbis,
953 1088 1079 1127 quam
1110 1076 1183 1114 tua
1215 1075 1474 1116 consuetudo

85 1148 117 1173 15
137 1130 311 1172 ferebat.
362 1130 512 1185 Itaque
544 1131 746 1172 iudicium
777 1135 900 1173 tuum
925 1133 1069 1186 magni
1095 1132 1322 1174 aestimans
1349 1134 1474 1187 idque

137 1189 297 1230 veritus
329 1205 395 1230 me
421 1190 511 1243 ipse
538 1190 690 1244 collegi
718 1197 759 1231 et
785 1205 843 1245 ea,
877 1205 983 1244 quae
1010 1191 1247 1246 didiceram,
1278 1192 1475 1248 legeram,

137 1263 393 1304 acceperam,
431 1249 626 1302 graviora
664 1249 764 1289 duxi
802 1251 876 1290 tua
914 1250 1166 1290 auctoritate
1199 1250 1351 1291 addita.
1412 1250 1475 1292 Ac

136 1307 242 1347 mihi
279 1309 390 1361 tum,
428 1306 577 1362 Brute,
617 1308 756 1349 officio
800 1308 937 1349 solum
969 1311 1058 1349 erat
1091 1311 1132 1349 et
1163 1311 1357 1364 naturae,
1393 1309 1474 1350 tibi.

136 1380 246 1406 nunc
288 1365 446 1419 populo
485 1368 525 1406 et
564 1380 752 1421 scaenae,
797 1369 844 1407 ut
882 1367 1051 1421 dicitur,
1096 1367 1361 1408 serviendum
1400 1371 1473 1409 est.

84 1442 118 1465 20
137 1422 259 1477 Nam,
291 1438 385 1465 cum
417 1424 462 1464 in
493 1427 535 1465 te
566 1439 652 1465 non
684 1425 821 1466 solum
847 1427 1053 1466 exercitus
1079 1426 1155 1480 tui,
1187 1426 1259 1467 sed
1285 1427 1474 1468 omnium

137 1482 291 1523 civium
330 1496 377 1523 ac
415 1497 545 1536 paene
583 1483 775 1537 gentium
807 1484 985 1525 coniecti
1018 1484 1127 1525 oculi
1160 1484 1262 1539 sint,
1301 1485 1474 1526 minime

137 1540 265 1596 decet,
296 1543 469 1594 propter
496 1555 620 1594 quem
644 1541 843 1582 fortiores
870 1543 996 1582 ceteri
1023 1557 1180 1597 sumus,
1213 1558 1308 1583 eum
1333 1544 1474 1597 ipsum

138 1599 277 1640 animo
317 1599 586 1640 debilitatum
616 1599 760 1640 videri.
822 1600 955 1648 Quam
990 1600 1043 1641 ob
1076 1615 1164 1641 rem
1196 1602 1394 1655 accepisti
1426 1605 1473 1643 tu

138 1658 307 1712 quidem
339 1658 527 1699 dolorem
559 1657 620 1714 (id
652 1659 764 1699 enim
796 1658 991 1713 amisisti,
1022 1659 1088 1700 cui
1116 1659 1252 1700 simile
1278 1660 1323 1700 in
1347 1661 1472 1701 terris

84 1734 117 1759 25
136 1716 246 1757 nihil
276 1715 397 1772 fuit),
435 1719 476 1757 et
508 1719 572 1757 est
604 1717 830 1758 dolendum
862 1717 906 1757 in
937 1720 1023 1758 tam
1055 1718 1174 1771 gravi
1206 1718 1390 1774 vulnere,
1420 1734 1473 1760 ne

137 1775 179 1815 id
205 1775 357 1829 ipsum,
388 1789 527 1816 carere
554 1776 668 1816 omni
695 1790 820 1816 sensu
845 1775 1016 1829 doloris,
1042 1776 1098 1816 sit
1123 1777 1318 1817 miserius
1346 1792 1473 1831 quam

138 1833 296 1889 dolere,
340 1833 428 1888 sed,
470 1837 518 1874 ut
556 1834 719 1875 modice
756 1834 905 1875 ceteris
938 1834 1041 1875 utile
1075 1837 1157 1889 est,
1193 1836 1252 1876 sic
1287 1835 1368 1876 tibi
1404 1850 1474 1877 ne-

138 1905 251 1932 cesse
283 1894 357 1932 est.

227 1948 460 1991 Scriberem
492 1950 626 2005 plura,
657 1950 740 1991 nisi
773 1951 825 1991 ad
856 1954 897 1991 te
928 1951 1030 1992 haec
1061 1951 1154 2005 ipsa
1185 1952 1311 1993 nimis
1336 1953 1471 1994 multa

85 2025 119 2050 30
136 2011 288 2049 essent.
350 2008 441 2050 Nos
472 2012 514 2049 te
545 2012 749 2063 tuumque
783 2010 1012 2050 exercitum
1044 2013 1350 2065 exspectamus,
1382 2012 1472 2052 sine

139 2080 240 2120 quo,
277 2069 325 2107 ut
362 2067 525 2121 reliqua
563 2082 612 2108 ex
651 2067 861 2108 sententia
899 2068 1140 2123 succedant,
1178 2069 1247 2109 vix
1290 2070 1392 2110 satis
1424 2070 1472 2111 li-

138 2124 228 2165 beri
259 2125 448 2166 videmur
480 2126 579 2166 fore.
642 2126 704 2167 De
736 2129 828 2166 tota
859 2141 903 2167 re
934 2127 1103 2180 publica
1134 2127 1257 2180 plura
1290 2128 1470 2169 scribam

138 2185 180 2223 et
211 2183 391 2223 fortasse
422 2184 506 2224 iam
538 2185 717 2225 certiora
742 2184 794 2225 iis
820 2185 988 2239 litteris,
1019 2199 1123 2239 quas
1150 2184 1296 2226 Veteri
1322 2189 1470 2228 nostro

138 2241 379 2295 cogitabam
411 2242 517 2283 dare.

1191 2370 1258 2404 34*
