1665 2553
126 483 145 512 ιζ)

130 1946 148 1975 ΙΦ

173 82 257 123 258
598 81 646 116 Μ.
675 81 816 116 TULLI
843 80 1092 116 CICERONIS

172 180 256 233 tus,
293 192 387 218 cum
427 192 474 219 ea
511 180 605 218 tota
644 177 772 218 armis
804 177 1111 230 praesidiisque
1144 180 1350 233 teneatur,
1381 177 1520 219 hieme

172 237 431 290 praesertim.
499 235 629 291 Nam>
672 236 707 276 si
752 235 1011 276 commodius
1055 235 1154 276 anni
1191 238 1357 290 tempus
1395 239 1519 293 esset,

172 295 240 336 vel
269 295 404 336 infero
437 295 545 335 mari
576 295 723 335 liceret
755 294 830 335 uti.
881 293 1005 335 Nunc
1036 294 1145 334 nihil
1174 297 1319 347 potest
1343 295 1427 336 nisi
1453 310 1518 336 su-

172 368 274 407 pero
301 353 497 406 tramitti,
531 368 613 407 quo
640 353 721 394 iter
747 353 1023 394 interclusum
1050 355 1124 394 est.
1176 351 1357 401 Quaeres
1383 353 1518 409 igitur

175 415 216 453 et
248 413 298 453 de
330 412 520 453 Domitio
554 414 595 452 et
628 412 676 452 de
709 411 902 452 Lentulo.
1556 429 1570 454 5

262 470 301 512 A
332 470 560 512 Brundisio
592 471 710 510 nulla
743 470 877 511 adhuc
908 470 1020 511 fama
1050 473 1234 524 venerat,
1267 473 1307 510 et
1334 473 1424 511 erat
1446 470 1517 511 hic

174 529 261 570 dies
294 541 359 570 VII
389 529 501 583 Idus,
545 543 627 582 quo
662 529 728 570 die
760 529 1082 583 suspicabamur
1113 531 1186 569 aut
1217 529 1353 582 pridie
1383 528 1518 570 Brun-

173 588 328 628 disium
359 588 524 629 venisse
558 586 789 633 Caesarem.
847 587 958 628 Nam
990 587 1082 628 Kal.
1132 587 1261 641 Arpis
1293 590 1516 629 manserat.

174 647 265 700 Sed,
317 646 353 687 si
396 646 648 687 Postumum
698 646 840 687 audire
889 646 1018 687 velles
1028 681 1039 701 7
1088 648 1385 700 persecuturus
1429 649 1518 687 erat

174 704 382 759 Gnaeum3
427 705 632 745 transisse
672 705 783 745 enim
815 705 898 745 iam
931 705 1111 759 putabat
1143 705 1384 746 coniectura
1414 707 1516 746 tem·
1537 722 1571 747 ιο

172 767 388 818 pestatum
427 778 474 805 ac
512 764 685 804 dierum.
748 763 842 818 Ego
881 767 1033 804 nautas
1073 778 1167 804 eum
1196 778 1283 804 non
1315 764 1518 817 putabam

171 823 440 876 habiturum,
477 822 550 863 ille
588 822 827 863 confidebat
865 826 906 862 et
944 837 992 863 eo
1029 822 1185 877 magis,
1224 822 1336 875 quod
1373 823 1517 863 audita

172 881 442 922 naviculariis
484 881 672 921 hominis
715 881 950 921 liberalitas
997 884 1116 922 esset.
1185 880 1284 935 Sed,
1320 883 1413 922 tota
1449 896 1516 922 res

173 940 429 980 Brundisina
469 954 551 994 quo
593 939 718 980 modo
757 940 913 981 habeat
951 954 1012 995 se,
1049 939 1209 980 diutius
1241 940 1400 981 nescire
1431 954 1518 981 non

173 1013 358 1052 possum.
1536 1014 1570 1040 15

807 1114 879 1156 IV.

427 1195 501 1231 Ser.
525 1196 688 1230 Formiis
712 1196 778 1229 IV
798 1196 855 1229 Id.
878 1195 992 1230 Mart.
1016 1207 1048 1229 a.
1071 1198 1141 1229 705
1169 1197 1259 1239 (49).

575 1277 764 1311 CICERO
788 1276 981 1311 ATTICO
1007 1276 1113 1310 SAL.

262 1349 357 1403 Ego
398 1349 477 1389 etsi
516 1352 602 1389 tam
642 1348 712 1388 diu
750 1348 984 1402 requiesco,
1024 1362 1150 1402 quam
1182 1348 1253 1388 diu
1285 1351 1358 1389 aut
1389 1348 1441 1389 ad
1472 1351 1515 1390 te

175 1408 314 1449 scribo
357 1410 430 1448 aut
467 1410 563 1448 tuas
601 1407 765 1448 litteras
797 1407 911 1461 lego,
948 1410 1091 1447 tamen
1123 1409 1163 1446 et
1196 1407 1285 1460 ipse
1318 1421 1419 1462 egeo
1453 1422 1514 1448 ar-
1534 1423 1569 1447 ρο

174 1469 376 1521 gumento
416 1465 693 1520 epistularum
732 1469 773 1506 et
805 1465 885 1506 tibi
917 1465 1027 1505 idem
1060 1465 1244 1506 accidere
1271 1469 1384 1506 certo
1417 1465 1514 1508 scio,

175 1525 288 1573 Quae
327 1525 439 1566 enim
472 1525 611 1565 soluto
645 1524 784 1564 animo
816 1524 1081 1564 familiariter
1114 1524 1240 1565 scribi
1274 1524 1428 1580 solent,
1467 1539 1515 1565 ea

174 1583 440 1637 temporibus
476 1583 544 1624 his
582 1583 879 1636 excluduntur,
916 1597 1020 1636 quae
1060 1584 1202 1623 autem
1234 1586 1333 1624 sunt
1362 1583 1515 1624 horum

175 1645 432 1697 temporum,
477 1656 523 1682 ea
559 1642 643 1682 iam
682 1641 969 1682 contrivimus.
1039 1640 1119 1682 Sed
1156 1644 1315 1696 tamen,
1357 1656 1410 1683 ne
1446 1657 1513 1682 me

174 1704 315 1741 totum
356 1700 611 1755 aegritudini
643 1700 808 1754 dedam,
845 1700 1007 1753 sumpsi
1037 1699 1143 1740 mihi
1176 1700 1377 1754 quasdam
1408 1702 1513 1740 tam-
1533 1714 1567 1740 25

176 1774 303 1813 quam
334 1759 492 1813 θέσεις,
526 1773 631 1812 quae
664 1761 704 1799 et
736 1757 953 1800 πολιτικαὶ
987 1761 1086 1799 sunt
1110 1761 1152 1798 et
1177 1761 1416 1812 temporum
1439 1758 1513 1799 ho-

175 1833 281 1873 rum,
312 1820 360 1858 ut
392 1820 434 1858 et
460 1817 663 1858 abducam
695 1816 881 1857 animum
909 1817 960 1857 ab
988 1816 1168 1870 querelis
1196 1820 1236 1858 et
1263 1817 1307 1857 in
1331 1831 1379 1857 eo
1406 1816 1514 1871 ipso,

176 1877 224 1918 de
257 1890 340 1930 quo
374 1876 527 1931 agitur,
559 1890 760 1916 exercear.
822 1875 910 1916 Eae
943 1878 1042 1916 sunt
1072 1875 1197 1916 huius
1228 1875 1358 1916 modi:

256 1936 311 1976 Εἰ
349 1934 552 1988 μενετέον
591 1934 638 1975 ἐν
674 1939 726 1989 τῇ
763 1935 940 1988 πατριδι
978 1932 1332 1987 τυραννουμένης
1370 1934 1512 1987 αὐτης.

177 1995 232 2034 Εἰ
263 1992 393 2034 παντὶ
424 1995 570 2049 τρόπῳ
597 1993 859 2045 τυραννίδος
884 1993 1122 2033 κατάλυσιν
1146 1991 1512 2057 πραγματευτέον,
1533 2007 1568 2032 3ο

176 2051 258 2092 κᾶν
295 2051 428 2106 μέλλῃ
469 2052 542 2092 διὰ
580 2057 709 2093 τοῦτο
747 2049 846 2103 περι
887 2058 975 2092 τῶν
1006 2050 1120 2092 ὅλων
1151 2049 1176 2103 ἡ
1208 2052 1334 2100 πόλις
1364 2051 1513 2092 κινδυ-

177 2111 361 2151 νεύσειν.
421 2111 477 2151 Εἰ
521 2108 786 2163 εὐλαβητέον
828 2109 906 2150 τὸν
948 2109 1239 2161 καταλύοντα,
1283 2109 1340 2163 μὴ
1384 2108 1513 2158 αὐτὸς

178 2173 360 2222 αἶ’ρηται.
422 2170 478 2209 Εἰ
509 2167 738 2221 πειρατέον
771 2167 951 2221 ἀρήγειν
982 2172 1033 2222 τῇ
1063 2167 1240 2221 πατρίδι
1272 2183 1513 2222 τυραννου-

177 2226 282 2281 μένῃ
320 2232 457 2282 καιρῷ
494 2225 565 2267 καὶ
604 2228 718 2282 λόγῳ
757 2229 924 2279 μᾶλλον
960 2224 986 2278 ἢ
1017 2225 1201 2281 πολέμῳ.
1263 2227 1318 2267 Εἰ
1349 2229 1513 2267 πολιτι-

176 2284 255 2325 κὸν
304 2285 351 2325 τὸ
401 2284 632 2338 ἡσυχάζειν
681 2284 1021 2339 ἀναχωρήσαντα
1069 2298 1144 2325 ποι
1187 2290 1261 2337 τῆς
1303 2284 1512 2339 πατρίδος
1532 2298 1567 2324 35
