1689 2572
676 118 713 152 P.
735 122 883 152 54—62.
1367 116 1451 150 XXI

118 217 194 247 292.
213 217 256 246 14
274 212 471 255 recordare,
499 215 576 246 314.
595 216 614 245 2
634 216 777 253 tenere,
798 214 874 244 369.
893 213 935 244 18
956 212 993 245 et
1012 214 1089 244 373.
1107 214 1149 245 27
1169 211 1285 253 scire,
1311 213 1390 244 370.
1406 213 1448 243 27

116 261 304 303 invenire,
337 263 416 293 473.
437 263 459 292 4
490 270 725 303 comparare,
762 261 841 292 475.
864 261 906 291 15
919 269 971 301 sq.
998 268 1137 292 vocare
1161 278 1206 283 —
1231 258 1388 292 incitare
1413 256 1451 299 Z,

119 311 161 341 16
193 307 386 351 suscipere
423 306 478 348 M,
517 309 596 340 488.
625 310 668 339 32
700 305 894 348 celebrare,
933 315 999 349 pro
1032 304 1154 345 Quint.
1182 317 1217 349 p.
1248 307 1382 346 16.14,
1415 303 1449 337 S.

117 354 221 388 Rosc.
245 357 298 387 70.
320 357 382 396 28,
413 352 514 387 Verr.
538 356 615 386 219.
638 356 680 386 21
717 353 804 394 etc.;
843 355 873 385 7.
896 355 938 385 18
970 352 1181 394 conveniri,
1219 354 1249 385 8.
1271 354 1315 384 33
1341 351 1451 393 dari,

119 404 195 435 107.
223 404 242 434 2
275 401 425 442 curari,
466 403 542 433 175.
566 403 609 433 28
647 399 792 442 auferri
822 397 881 440 W,
920 402 996 433 215.
1025 403 1067 432 12
1104 399 1263 440 vinciri,
1301 401 1378 431 291.
1407 400 1451 431 13

117 448 247 490 scribi,
280 450 359 481 391.
383 451 424 480 17
447 447 607 490 placeri,
639 449 718 480 407.
741 449 784 479 26
817 446 988 488 inhiberi,
1020 449 1099 479 449.
1121 449 1225 488 28sq.
1253 445 1452 479 obsidemus

117 516 163 520 -—
189 494 364 537 laudari,
390 497 469 527 496.
487 497 529 527 25
557 494 736 527 delectari
760 493 783 537 (,
803 495 881 526 501.
898 496 942 526 34
967 494 1135 536 exsolvi),
1157 496 1233 526 543.
1250 496 1291 525 31
1313 492 1448 526 videri.

117 541 177 576 Ad
201 541 287 575 fam.
308 553 342 585 p.
365 544 395 574 2.
413 544 467 582 25,
494 540 592 574 infra
619 543 695 574 195.
709 543 763 573 30.
784 560 829 564 —-
850 543 893 572 34
918 539 976 573 vel
1001 540 1067 574 illa
1091 539 1149 573 vel
1174 540 1237 573 illo
1263 540 1334 573 loco
1359 549 1453 573 non

117 599 240 623 careas
266 587 357 622 coni.
379 587 523 631 Tyn-rell
548 598 602 631 ep.
619 590 672 620 42.
711 588 721 631 i„
758 586 803 621 Ρ.
820 586 882 621 58.
899 589 918 619 3
944 587 1016 621 sive
1040 591 1158 631 reyet
1183 597 1262 628 sen,
1287 586 1359 620 sive
1383 585 1450 619 eri-

117 640 173 680 9et
199 633 357 669 Cori-ado
393 636 541 668 auctore
575 633 676 676 edd,
713 637 768 678 yet
793 631 845 667 CZ
871 632 1075 677 (Lehmann
1094 634 1170 667 Att.
1191 645 1226 677 p.
1247 635 1337 675 122),
1366 632 1450 666 ‘om

118 682 156 715 M
182 682 221 715 in
247 681 383 715 lacuna
410 691 473 715 sex
498 680 574 714 fere
599 680 834 714 litterarum’.
862 701 908 705 —
939 684 983 713 14
1009 681 1057 714 ad
1082 692 1114 714 α.
1136 681 1169 714 d.
1191 680 1287 714 Non.
1315 679 1451 720 Baiter,

117 728 222 771 Boot,
244 727 406 772 Tyrre113
427 727 578 762 cf.82.4.
611 729 622 771 Η
660 727 832 762 Ρ.60.10
851 727 986 762 scribit
1006 726 1113 769 Crat,
1127 727 1264 768 Baiter,
1279 725 1450 759 Wesenb.

119 797 164 800 —
185 779 227 809 17
253 776 276 819 †
289 775 464 809 discedere
484 774 655 807 Wesenb.
677 774 769 808 coni.
786 774 840 808 ita
864 775 1048 817 discedere,
1069 774 1163 807 Boot
1182 773 1274 808 coni.
1290 772 1450 817 (ObserV.

118 834 152 867 p.
174 826 219 856 44
228 833 280 865 sq.
303 823 340 855 et
364 821 496 854 Mnem.
515 824 604 854 1892
630 833 664 864 p.
683 823 763 860 114)
788 821 821 855 si
845 821 932 865 quid
951 832 1098 864 possum
1116 821 1298 864 dispicere,
1323 821 1356 854 si
1371 830 1452 863 pos-

119 880 198 903 sum
228 869 386 903 decidere
416 867 567 912 Madvig
598 867 688 901 Adv.
714 867 764 900 HI
793 879 828 911 p.
857 871 933 901 168.
984 867 1025 901 V.
1054 867 1110 901 Fr.
1133 867 1300 901 Schmidt
1330 877 1451 911 progr.

119 915 283 949 Norimb.
307 918 396 949 1879
421 926 455 958 p.
479 918 520 947 18
530 925 621 957 sqq,
647 914 837 948 Lehmann
858 913 1078 948 ‘Jahresben
1095 914 1157 948 des
1177 913 1267 958 phil.
1282 913 1450 947 Vereins'

122 965 211 996 1888
243 973 278 1006 p.
305 965 382 995 284.
422 982 467 986 —
505 965 547 994 31
581 961 757 995 turbator
786 961 880 1004 1un.,
919 960 1109 994 Lehmann
1143 960 1290 1002 Quaest.
1317 972 1350 1004 p.
1374 964 1452 1002 132,

120 1009 288 1043 turbatur
320 1007 443 1051 codd.,
473 1007 583 1050 Boot,
616 1008 736 1042 turbat
760 1007 863 1048 Pius,
897 1007 993 1051 vulg.
1021 1008 1102 1041 edd.
1152 1009 1163 1052 ΙΙ
1212 1007 1258 1042 Ρ.
1279 1007 1343 1041 61.
1364 1011 1451 1049 2sq.

124 1055 221 1100 Quid
246 1056 339 1089 enim
364 1066 420 1089 eos
446 1075 488 1078 —
510 1053 688 1098 possunt?
714 1054 795 1088 edd.
829 1053 870 1088 V.
895 1054 941 1088 ad
966 1066 999 1098 p.
1022 1058 1076 1087 49.
1093 1058 1146 1087 31.
1169 1075 1214 1079 —
1233 1058 1254 1087 4
1280 1065 1334 1088 res
1359 1054 1454 1087 alias
1492 1070 1499 1073 -

120 1102 257 1144 Baiter,
294 1102 403 1143 Boot,
442 1100 584 1144 Tyrrell
616 1111 670 1144 ep.
692 1105 753 1143 44,
793 1101 891 1144 quod
923 1101 960 1133 M
991 1101 1105 1134 habet
1136 1101 1230 1135 alias
1263 1112 1333 1143 res,
1375 1100 1454 1133 ‘sed

120 1148 420 1193 transpositionis
448 1147 555 1192 signa
581 1150 667 1181 sunt
693 1147 836 1181 addita’
865 1159 939 1191 qua
963 1152 1098 1182 manu?
1136 1169 1181 1173 —
1219 1151 1238 1181 5
1266 1149 1351 1181 ante
1376 1158 1450 1181 voc.

127 1196 258 1231 Verum
294 1194 522 1229 transferunt
557 1195 613 1228 Di
650 1195 885 1229 immortales!
929 1205 948 1228 e
984 1207 1014 1228 v.
1035 1197 1062 1228 ’8
1100 1194 1277 1237 Hei-vag,
1316 1193 1452 1234 Baiter,

122 1242 273 1287 Tyr-rell.
313 1263 358 1267 —
395 1246 415 1275 8
441 1253 550 1285 neque
580 1246 723 1276 tamen
753 1246 826 1276 tam
859 1240 894 1275 C.
918 1241 957 1275 Gr.
979 1241 1184 1275 Firnhaber
1209 1241 1339 1274 Philol.
1363 1244 1450 1274 1851

121 1301 154 1333 p.
177 1293 254 1323 371.
305 1310 350 1313 —
400 1292 442 1322 16
477 1292 526 1323 est
561 1288 684 1332 potius
717 1299 829 1331 quam
859 1299 938 1323 sum
968 1288 1035 1331 (sic
1068 1287 1107 1332 C)
1138 1288 1192 1331 M,
1232 1289 1375 1322 animus
1405 1292 1454 1321 est

122 1336 164 1370 H.
192 1336 233 1370 A.
261 1335 364 1369 Koch
394 1347 485 1369 mus.
513 1335 627 1369 Rhen.
656 1335 722 1368 XII
752 1347 785 1379 p.
808 1339 874 1368 272
902 1334 945 1368 cf.
968 1334 1031 1376 Qu.
1053 1335 1095 1368 fr.
1116 1335 1167 1368 ΠΙ
1185 1339 1216 1368 4.
1237 1339 1275 1377 4,
1302 1346 1455 1369 vacuum

122 1387 172 1418 est
188 1382 339 1425 Victon,
365 1381 516 1426 Tyn-eil.
539 1403 584 1407 —
601 1381 652 1415 Π),
675 1382 805 1416 Phocis
823 1382 959 1423 Baiter,
985 1388 1119 1421 πτῶσις
1137 1382 1279 1425 Bosius,
1300 1381 1453 1425 Tyr-rell,

123 1430 260 1469 πλοκὰς
292 1428 326 1462 C.
350 1428 390 1463 G.
412 1428 617 1462 Firnhaber
641 1428 772 1462 Philol.
793 1428 844 1462 VI
869 1432 957 1462 1851
984 1441 1008 1472 p
1040 1432 1106 1462 371
1117 1440 1181 1471 sq.,
1208 1426 1310 1472 ῥ’ῆσις
1341 1428 1455 1462 Seeck

124 1475 288 1517 Quaestt.
310 1476 355 1509 de
380 1477 454 1509 not.
476 1475 606 1520 dignit.
629 1475 771 1509 dissert.
786 1475 902 1509 Berol.
920 1479 1009 1509 1872
1029 1475 1121 1509 thes.
1139 1479 1170 1518 3,
1191 1476 1309 1519 pellex
1333 1474 1454 1508 Peerl-

123 1522 235 1566 kamp
263 1522 361 1567 apud
379 1522 561 1564 Bootium,
588 1522 729 1566 φωκαΐς
748 1522 851 1564 Boot,
880 1523 965 1565 ‘quo
993 1533 1102 1556 sensu
1120 1522 1255 1556 viderit
1274 1521 1450 1566 Oedipus’

124 1568 275 1613 Tyn-en.
312 1590 356 1594 —
393 1573 434 1602 21
462 1569 693 1604 Alabarches
718 1568 907 1612 Tornaes,
940 1568 1110 1602 Wesenb.
1150 1590 1195 1593 —
1231 1569 1282 1602 Π).
1303 1573 1344 1603 ut
1367 1569 1455 1603 soles

123 1618 209 1660 post
233 1616 365 1650 scilicet
388 1615 475 1649 Bosi
503 1616 651 1659 ‘codd.’,
686 1615 857 1650 VVesenb.
897 1637 942 1640 —
976 1619 1018 1649 33
1044 1620 1171 1657 status,
1197 1617 1260 1659 qui
1283 1627 1381 1650 nunc
1405 1620 1455 1649 est

125 1674 190 1697 ser.
214 1662 258 1696 de
284 1662 527 1706 VVesenbergi
554 1661 645 1696 coni.
668 1662 712 1696 cf.
733 1674 766 1706 p.
785 1666 838 1696 63.
856 1666 897 1696 23
907 1674 977 1705 sq.,
1013 1665 1104 1706 (293.
1128 1664 1197 1706 36,)
1217 1666 1294 1696 354.
1318 1666 1372 1705 30,
1406 1662 1453 1695 ad

123 1709 224 1743 Verr.
245 1721 278 1753 p.
303 1713 380 1743 122.
402 1713 438 1751 9,
478 1708 512 1743 C.
534 1709 625 1743 Rab.
650 1714 678 1743 7.
701 1713 744 1743 20
763 1721 797 1753 p.
813 1721 872 1751 m.,
904 1709 976 1743 Pis.
999 1713 1052 1743 11.
1075 1713 1130 1751 25,
1162 1714 1211 1744 est
1235 1714 1361 1750 status,
1392 1709 1454 1752 qui

124 1756 233 1798 Boot,
265 1756 402 1797 Baiter,
434 1755 577 1799 Tyrreu
603 1767 656 1800 ep.
677 1759 733 1798 45,
760 1761 874 1790 status
898 1760 958 1798 est,
983 1757 1046 1800 qui
1072 1758 1136 1789 aut
1161 1760 1275 1790 status
1301 1755 1369 1789 del.
1392 1756 1454 1798 qui

126 1803 283 1837 Ernesti.
386 1803 432 1837 P.
453 1802 518 1838 62.
540 1807 559 1836 3
587 1803 673 1837 beni
682 1803 747 1836 vol.
770 1802 846 1836 cod.
868 1802 987 1844 Torn.,
1014 1804 1056 1836 ut
1080 1802 1226 1836 videtur
1250 1802 1453 1846 <Lehmann

125 1850 200 1884 Att.
220 1862 254 1893 p.
278 1851 369 1893 117),
400 1861 434 1893 p.
458 1852 535 1883 118.
557 1852 612 1892 18,
644 1853 721 1883 322.
744 1853 775 1891 2,
809 1853 884 1883 333.
908 1853 949 1883 11
977 1849 1023 1883 M.
1074 1849 1134 1882 Ad
1157 1849 1243 1882 fam.
1264 1861 1298 1892 p.
1322 1852 1374 1882 15.
1397 1852 1450 1882 33.

130 1918 170 1921 —
202 1899 221 1929 8
253 1897 318 1942 [de
347 1896 501 1940 sinyidis
532 1896 657 1940 rebus]
690 1896 786 1929 ‘cum
817 1896 1036 1929 Bentivolio’
1071 1895 1213 1938 Tyrrell
1240 1906 1312 1928 non
1342 1897 1451 1929 recte.

130 1964 170 1967 —
208 1946 251 1976 14
282 1944 356 1977 iam
385 1953 451 1987 pro
482 1943 588 1977 etiam
619 1942 822 1976 Firnhaber
854 1942 947 1976 Phil.
969 1946 1056 1976 1851
1084 1954 1118 1986 p.
1141 1946 1217 1976 372.
1256 1963 1302 1966 —
1340 1946 1381 1976 15
1413 1943 1454 1976 in

126 1990 286 2024 contione
316 1989 388 2023 huc
417 1991 502 2033 post
532 1990 661 2024 mentio
672 2001 763 2024 nem
792 1989 968 2023 transtuli
998 2000 1017 2023 e
1043 2000 1149 2022 versu
1177 1993 1231 2031 13,
1257 1988 1321 2022 ubi
1347 1989 1451 2023 codd.

125 2035 265 2070 habent
288 2038 373 2080 post
397 2037 711 2078 exservationem,
737 2048 827 2070 mus.
842 2036 957 2070 Rhen.
975 2039 1063 2069 1898
1089 2047 1122 2078 p.
1141 2039 1205 2069 122
1216 2047 1280 2078 sq.,
1307 2036 1347 2070 in
1372 2047 1453 2070 con-

127 2082 221 2116 tione
264 2083 474 2117 mentionem
510 2082 626 2116 voluit
662 2083 772 2121 Boot,
818 2083 946 2116 seclus.
981 2082 1157 2126 Pluygers
1195 2082 1327 2116 Mnem.
1363 2085 1451 2116 1881

127 2140 159 2172 p.
188 2132 263 2162 124.
314 2129 372 2162 Ad
407 2141 440 2174 p.
472 2133 525 2163 24,
548 2133 578 2163 8.
618 2151 663 2154 -
701 2134 744 2163 23
782 2130 844 2174 [in
881 2130 1089 2174 Ieycztz'onem
1126 2129 1249 2174 illam]
1287 2129 1453 2172 Schuetz,

127 2174 303 2219 Pluygers
327 2175 351 2209 1.
370 2175 406 2218 1.,
431 2176 566 2210 Baiter.
606 2175 647 2210 V.
664 2176 853 2209 Lehmann
878 2175 1042 2216 Quaestt.
1057 2187 1091 2219 p.
1107 2179 1124 2209 7
1141 2186 1193 2209 ex.
1215 2197 1261 2201 —
1280 2180 1322 2210 27
1351 2187 1455 2220 quom

127 2233 156 2255 V.
177 2233 211 2265 p.
232 2224 286 2254 40.
308 2226 361 2255 21.
389 2243 434 2247 ——
457 2222 508 2256 Ib.
529 2233 623 2267 erqo
649 2221 784 2256 Orellio
806 2224 955 2256 auctore
974 2221 1144 2256 XVesenb.
1167 2244 1211 2247 —
1232 2226 1275 2256 28
1286 2234 1336 2266 sq.
1358 2223 1455 2268 †scit

127 2269 314 2312 quisquam
332 2268 434 2303 Boot.
476 2269 704 2313 ‘Legendum
722 2269 894 2311 videtur',
920 2268 1052 2312 inquit,
1075 2269 1173 2303 ‘cum
1192 2268 1344 2303 Orellio:
1371 2270 1455 2310 seio,

128 2315 215 2359 quid
244 2326 373 2358 sequar
403 2315 459 2349 vel
491 2317 578 2360 quid
607 2317 773 2359 futurum
804 2317 868 2358 sit,
905 2316 970 2350 scit
1000 2316 1188 2360 quisquam
1222 2327 1304 2350 cum
1336 2315 1454 2351 VVes:
