1665 2553
305 98 645 133 EPISTULARUM
670 98 734 132 AD
762 98 977 132 ATTICUM
1003 98 1053 132 XI
1079 102 1228 132 20—22.
1353 97 1434 137 347

92 208 225 248 eoque
257 194 407 249 magiS,
440 194 552 247 quod
584 197 801 248 praeterea
831 208 955 235 nemo
990 194 1150 246 scribit,
1192 207 1250 247 ac,
1283 193 1318 234 si
1352 207 1437 233 om-

90 267 176 307 nes,
219 256 314 293 tuas
358 255 501 293 tamen
541 254 724 294 maxime
765 256 1063 306 exspectarem.
1127 252 1247 301 Quod
1287 251 1436 292 scribis

90 312 213 353 illum
254 325 330 365 per
366 326 433 353 me
467 311 625 360 Quinto
664 312 755 353 fore
796 312 1091 365 placatiorem,
1130 310 1281 364 scripsi
1313 310 1364 350 ad
1395 312 1438 350 te

91 373 215 411 antea
248 385 344 411 eum
376 370 523 410 statim
556 370 713 419 Quinto
747 371 835 412 filio
870 371 1011 411 omnia
1041 370 1259 425 tribuisse,
1298 369 1438 410 nostri

56 443 72 471 5
90 429 253 470 nullam
286 429 555 470 mentionem.
619 428 735 470 Vale.

703 546 835 587 XXII.

187 628 261 662 Ser.
282 627 467 662 Brundisi
487 629 619 671 paucis
645 628 768 661 diebus
790 632 872 671 post
898 640 948 672 ep.
973 627 1081 661 XXI
1101 639 1133 662 a.
1156 630 1228 662 707
1257 629 1347 670 (47).

520 709 687 745 CICERO
714 709 888 744 ATTICO
916 709 1013 744 SAL.

182 781 421 837 Diligenter
458 781 566 822 mihi
605 782 854 823 fasciculum
892 781 1073 823 reddidit
1105 780 1231 822 Balbi
1261 780 1437 822 tabella—

41 857 75 882 ιο
93 842 193 882 rius.
242 840 396 894 Accepi
429 841 541 881 enim
572 856 596 881 a
627 843 670 881 te
701 841 879 894 litteras,
913 840 1068 895 quibus
1100 839 1255 881 videris
1287 839 1434 894 vereri,

95 903 142 941 ut
174 899 376 953 epistulas
402 899 498 940 illas
525 900 766 953 acceperim.
817 898 930 948 Quas
958 899 1128 953 quidem
1153 898 1306 940 vellem
1331 897 1439 939 mihi

94 973 327 1012 numquam
366 958 568 1011 redditas3
613 961 821 999 auxerunt
855 958 967 999 enim
998 957 1104 998 mihi
1137 957 1326 998 dolorem
1357 971 1439 1011 nec,

97 1018 134 1058 si
171 1017 217 1058 in
253 1017 438 1071 aliquem
478 1017 742 1071 incidissent,
781 1017 1009 1071 quicquam
1045 1016 1147 1057 novi
1180 1016 1438 1057 attulissent.

98 1076 210 1125 Quid
241 1075 353 1116 enim
385 1078 472 1116 tam
504 1076 804 1130 pervulgatum
837 1091 964 1129 quam
990 1075 1106 1117 illius
1132 1075 1179 1115 in
1203 1089 1269 1115 me
1296 1074 1440 1115 odium

44 1150 77 1176 15
98 1138 138 1175 et
169 1148 302 1188 genus
333 1133 413 1175 hoc
444 1134 714 1175 litterarum?
767 1135 880 1188 quod
909 1149 962 1175 ne
995 1133 1150 1175 Caesar
1188 1133 1357 1187 quidem
1389 1132 1442 1173 ad

97 1194 203 1234 istos
229 1192 398 1234 videtur
422 1192 603 1248 misisse,
623 1193 743 1247 quasi
770 1193 843 1247 qui
868 1193 983 1234 illius
1008 1192 1286 1247 improbitate
1314 1191 1442 1232 offen-

98 1252 284 1306 deretur,
324 1251 412 1305 sed,
455 1252 594 1305 credo,
638 1252 703 1292 uti
743 1252 913 1293 notiora
950 1254 1098 1293 nostra
1138 1251 1250 1292 mala
1288 1253 1440 1291 essent.

98 1309 229 1364 Nam,
267 1310 379 1364 quod
410 1313 452 1351 te
484 1310 618 1351 vereri
651 1311 819 1364 scribis,
857 1325 910 1351 ne
942 1310 1007 1351 illi
1040 1310 1196 1365 obsint,
1228 1309 1349 1364 eique
1380 1309 1442 1349 rei

99 1384 161 1411 me
204 1370 265 1410 vis
308 1368 483 1423 mederi,
526 1383 578 1409 ne
622 1370 765 1424 rogari
810 1369 981 1423 quidem
1018 1383 1062 1410 se
1099 1383 1250 1423 passus
1289 1371 1353 1408 est
1393 1367 1441 1408 de

47 1444 81 1468 20
100 1427 186 1468 1110.
239 1426 360 1475 Quod
391 1427 561 1480 quidem
592 1427 699 1468 mihi
729 1428 961 1469 molestum
992 1442 1079 1468 non
1112 1430 1192 1480 est3
1225 1426 1330 1467 illud
1355 1441 1442 1467 mo-

100 1486 264 1538 lestius,
295 1485 400 1525 istas
433 1486 752 1539 impetrationes
783 1489 953 1527 nostras
985 1486 1095 1526 nihil
1127 1486 1275 1526 valere.

190 1543 319 1598 Sulla,
350 1546 398 1584 ut
430 1544 593 1600 opinor,
624 1559 714 1585 cras
747 1544 827 1585 erit
859 1545 928 1585 hic
959 1559 1055 1585 cum
1078 1544 1289 1585 Messalla.
1342 1542 1443 1585 Cur-

101 1606 202 1644 runt
232 1603 283 1643 ad
308 1602 430 1643 iUum
456 1602 569 1656 pulsi
595 1618 618 1643 a
644 1603 868 1658 militibus,
899 1603 973 1657 qui
1000 1617 1044 1644 se
1068 1605 1226 1657 negant
1252 1617 1444 1657 usquam,

101 1662 185 1702 nisi
217 1661 465 1714 acceperint.
516 1661 634 1716 Ergo
666 1661 738 1702 ille
770 1661 853 1702 huc
884 1661 1036 1716 veniet,
1069 1661 1182 1715 quod
1212 1675 1300 1701 non
1324 1663 1445 1714 puta·

48 1736 83 1761 25
101 1721 218 1775 bant,
248 1720 367 1760 tarde
399 1719 578 1773 quidem.
635 1718 795 1760 Itinera
827 1719 939 1760 enim
970 1720 1031 1760 ita
1062 1720 1176 1773 facit,
1207 1722 1255 1759 ut
1286 1719 1443 1760 multos

103 1779 190 1820 dies
227 1779 272 1819 in
304 1778 458 1832 oppido
490 1792 571 1819 uno
602 1781 745 1831 ponat.
807 1777 1045 1819 Pharnaces
1079 1781 1232 1831 autem,
1273 1792 1443 1831 quoquo

103 1837 227 1878 modo
260 1840 368 1891 aget,
401 1837 560 1877 adferet
591 1851 766 1878 moram.
828 1835 938 1885 Quid
969 1836 1073 1877 mihi
1106 1837 1239 1891 igitur
1271 1836 1444 1877 censes?

103 1895 194 1936 Iam
225 1896 337 1936 enim
368 1910 543 1949 corpore
575 1895 645 1936 vix
678 1895 866 1937 sustineo
894 1896 1149 1950 gravitatem
1174 1894 1301 1935 huius
1330 1895 1445 1949 caeli,

106 1968 211 2008 quae
254 1954 360 1994 mihi
402 1954 591 1995 laborem
635 1954 771 1995 adfert
814 1954 859 1994 in
902 1955 1056 1995 dolore.
1126 1952 1196 1994 An
1237 1953 1306 1993 his
1344 1953 1446 1994 illuc

52 2029 86 2054 30
106 2012 304 2054 euntibus
336 2012 542 2067 mandem,
582 2015 630 2053 ut
662 2027 728 2053 me
761 2016 973 2068 excusent,
1005 2013 1096 2067 ipse
1129 2011 1320 2053 accedam
1351 2027 1446 2067 pro-

106 2071 230 2124 pius?
282 2070 462 2125 Quaeso,
503 2071 671 2112 attende
713 2074 754 2112 et
791 2086 876 2126 me,
914 2071 1028 2125 quod
1060 2070 1194 2111 adhuc
1226 2085 1350 2124 saepe
1381 2085 1447 2112 ro-

107 2132 232 2184 gatus
270 2143 355 2169 non
392 2130 549 2184 fecisti,
587 2130 763 2171 consilio
802 2131 910 2170 iuva.
974 2128 1069 2170 Scio
1111 2143 1201 2169 rem
1232 2129 1447 2171 difficilem

108 2202 210 2241 esse,
249 2187 320 2227 sed
351 2190 399 2228 ut
430 2189 475 2229 in
505 2188 629 2228 malis
663 2189 791 2230 etiam
822 2189 928 2229 illud
958 2203 1052 2229 mea
1081 2187 1226 2242 magni
1257 2188 1447 2243 interest,

107 2248 150 2286 te
185 2249 233 2286 ut
272 2245 446 2287 videam.
508 2245 703 2288 Profecto
737 2247 898 2300 aliquid
929 2247 1163 2301 profecero,
1201 2246 1238 2286 si
1269 2247 1312 2287 id
1344 2247 1448 2288 acci-

53 2317 87 2346 35
108 2304 226 2345 derit.
289 2303 353 2344 De
384 2307 652 2359 testamento,
683 2308 731 2346 ut
764 2305 928 2360 scribis,
960 2305 1279 2346 animadvertes.

1470 1556 1488 1585 Ν.)
