1665 2553
123 208 157 239 ’6

185 101 241 142 70
612 100 660 134 Μ.
688 100 829 135 TULLI
853 99 1101 135 CICERONIS

273 197 336 238 De
367 212 411 238 re
442 197 610 251 publica
641 196 750 237 nihil
780 196 915 237 habeo
942 196 994 237 ad
1019 199 1061 237 te
1087 196 1268 237 scribere
1298 195 1383 236 nisi
1414 210 1524 237 sum-

183 271 301 298 mum
346 256 490 297 odium
534 255 724 296 omnium
765 254 988 296 hominum
1029 255 1073 296 in
1117 269 1204 308 eos,
1255 255 1327 308 qui
1377 256 1523 296 tenent

185 315 336 357 omnia.
387 314 639 355 Mutationis
671 317 815 354 tamen
840 328 934 367 spes
959 313 1086 354 nulla.
1138 313 1231 367 Sed,
1264 313 1377 367 quod
1400 312 1522 354 facile

185 374 355 428 sentias,
385 373 526 414 taedet
556 373 697 426 ipsum
726 371 975 426 Pompeium
1000 371 1351 426 vehementerque
1382 371 1522 425 paeni-

185 435 256 473 tet.
307 431 407 473 Non
431 431 632 486 provideo
667 431 782 487 satis,
814 445 939 484 quem
956 431 1123 472 ‘exitum
1141 431 1334 471 futurum
1359 433 1522 486 putem3
1559 447 1574 473 5

186 491 258 532 sed
290 494 402 532 certe
432 490 630 531 videntur
661 489 764 531 haec
796 490 938 543 aliquo
972 491 1181 543 eruptura.

272 549 426 590 Libros
452 548 695 602 Alexandri,
725 548 989 603 neglegentis
1020 547 1206 589 hominis
1233 550 1273 589 et
1303 562 1389 588 non
1420 547 1523 588 boni

184 611 346 662 poetae,
378 608 450 649 sed
474 610 617 649 tamen
641 622 727 648 non
752 607 930 660 inutilis,
962 606 1041 647 tibi
1067 607 1221 647 remisi.
1270 605 1522 647 Numerium

184 666 456 708 Numestium
495 667 677 707 libenter
717 666 857 720 accepi
896 666 941 706 in
973 665 1201 706 amicitiam
1231 667 1272 705 et
1307 664 1522 706 hominem

185 740 356 780 gravem
394 728 434 766 et
471 725 722 779 prudentem
763 727 805 765 et
843 724 1018 779 dignum
1054 727 1128 765 tua
1160 723 1521 765 commendatione
1542 741 1575 765 10

189 784 379 839 cognovi.

776 900 931 941 XXIII.

397 981 470 1016 Ser.
498 981 633 1016 Romae
659 985 741 1016 ante
767 981 848 1014 XV
869 981 917 1015 K.
942 981 1033 1015 Nov.
1062 993 1094 1015 α.
1123 983 1194 1015 695
1221 982 1311 1024 (59).

608 1061 776 1097 CICERO
803 1061 976 1096 ATTICO
1003 1062 1099 1096 SAL,

272 1135 516 1189 Numquam
549 1137 645 1175 ante
677 1134 862 1175 arbitror
890 1137 932 1175 te
959 1134 1183 1188 epistulam
1208 1149 1343 1175 meam
1368 1134 1522 1188 legisse
1543 1150 1576 1176 15

185 1195 269 1235 nisi
312 1208 404 1235 mea
447 1208 574 1234 manu
618 1193 829 1246 scriptam.
901 1192 968 1233 Ex
1014 1207 1061 1233 eo
1106 1192 1304 1247 colligere
1351 1192 1524 1246 poteris,

188 1256 345 1307 quanta
378 1252 650 1305 occupatione
682 1251 896 1309 distinear.
958 1249 1086 1304 Nam,
1128 1265 1222 1291 cum
1261 1251 1382 1292 vacui
1422 1253 1524 1292 tem-

186 1311 302 1366 poris
334 1310 442 1351 nihil
472 1310 687 1363 haberem,
720 1312 760 1350 et
793 1324 887 1350 cum
917 1309 1165 1350 recreandae
1196 1309 1369 1350 voculae
1401 1323 1525 1350 causa

186 1384 355 1411 necesse
397 1371 507 1410 esset
546 1368 652 1409 mihi
693 1368 926 1421 ambulare,
966 1367 1069 1409 haec
1101 1368 1254 1409 dictavi
1292 1367 1523 1409 ambulans.

185 1429 377 1469 Primum
417 1427 549 1482 igitur
594 1427 701 1468 illud
741 1429 784 1467 te
829 1427 936 1468 scire
976 1426 1090 1480 volo,
1135 1425 1524 1480 Sampsiceramum,
1544 1444 1578 1468 20

186 1490 383 1528 nostrum
403 1486 594 1539 amicum,
619 1485 887 1526 vehementer
914 1485 980 1526 sui
1006 1487 1143 1526 status
1168 1485 1381 1539 paenitere
1405 1485 1525 1526 resti-

187 1547 336 1600 tuique
366 1545 412 1586 in
441 1559 535 1586 eum
565 1545 706 1585 locuni
738 1558 899 1598 cupere,
931 1559 981 1585 ex
1013 1558 1096 1597 quo
1124 1543 1289 1596 decidit,
1322 1543 1525 1584 dolorem-

188 1619 268 1659 que
294 1619 417 1645 suum
436 1603 654 1657 impertire
672 1603 798 1644 nobis
820 1605 861 1644 et
880 1602 1130 1643 medicinam
1149 1602 1363 1643 interdum
1381 1604 1525 1655 aperte

188 1677 402 1717 quaerere,
445 1677 571 1717 quam
609 1675 686 1716 ego
725 1675 900 1715 possum
937 1661 1124 1702 invenire
1154 1661 1332 1714 nullam,
1377 1659 1524 1701 deinde

189 1736 333 1763 omnes
359 1721 474 1762 illius
507 1720 640 1775 partis
673 1723 865 1761 auctores
893 1734 939 1760 ac
972 1719 1108 1760 socios
1138 1719 1257 1760 nullo
1285 1718 1522 1759 adversario
1543 1735 1576 1760 25

188 1794 494 1834 consenescere,
526 1779 844 1820 consensionem
873 1778 1168 1819 universorum
1191 1791 1269 1819 1166
1291 1776 1524 1818 voluntatis

187 1853 263 1880 nec
296 1838 500 1879 sermonis
532 1838 735 1878 maiorem
765 1852 968 1891 umquam
998 1836 1136 1877 fuisse.
1532 1875 1535 1878 ,

275 1896 366 1938 Nos
393 1899 534 1937 autem
559 1894 676 1952 (nam
701 1896 745 1937 id
778 1898 820 1936 te
852 1895 958 1936 scire
992 1909 1142 1948 cupere
1163 1896 1283 1935 'certo
1316 1891 1422 1950 3610)
1451 1909 1526 1948 pu-

187 1956 310 1996 blicis
348 1955 536 1997 consiliis
573 1954 703 1996 nullis
734 1954 993 1995 intersumus
1031 1956 1230 2006 totosque
1265 1966 1343 1993 nos
1383 1952 1433 1992 ad
1463 1951 1525 1993 fo-

187 2028 353 2055 rensem
384 2028 555 2067 operam
585 2013 858 2066 laboremque
884 2011 1151 2053 contulimus
1190 2010 1257 2051 Ex
1283 2025 1378 2064 quo,
1411 2010 1524 2065 quod
1543 2028 1577 2053 30

188 2072 309 2112 facile
335 2072 527 2126 intellegi
551 2071 700 2125 possit,
730 2071 776 2111 in
802 2070 938 2111 multa
958 2068 1356 2111 commemoratione
1381 2083 1525 2110 earum

188 2144 344 2185 rerum,
390 2145 493 2184 quas
539 2130 766 2185 gessimus,
812 2128 1100 2181 desiderioque
1142 2142 1369 2168 versamur.
1445 2125 1526 2168 Sed

189 2189 407 2240 βοώπιδος
438 2191 609 2229 nostrae
641 2187 978 2242 consanguineus
1009 2200 1097 2226 non
1132 2186 1362 2227 mediocres
1393 2188 1526 2227 terro-

188 2260 254 2286 res
287 2246 386 2286 iacit
420 2249 546 2301 atque
573 2246 793 2287 denuntiat
819 2248 861 2286 et
888 2243 1220 2298 Sampsiceramo
1251 2246 1391 2300 negat,
1422 2246 1526 2284 cete-

188 2303 247 2343 ris
288 2318 388 2357 prae
431 2319 474 2345 se
514 2305 595 2345 fert
636 2308 677 2345 et
716 2305 913 2345 ostentat.
976 2302 1109 2351 Quam
1150 2303 1202 2344 ob
1240 2317 1348 2358 rem,
1388 2302 1424 2343 si
1459 2316 1525 2343 me
1544 2318 1577 2344 35
