1665 2553
216 95 304 135 474
645 96 692 131 M.
714 96 855 130 TULLI
883 95 1133 131 CICERONIS

866 251 916 292 X.

313 330 387 365 Ser.
410 331 450 364 in
478 330 684 364 Tus-emano
710 330 807 365 Non.
829 332 913 365 Iam.
935 335 999 366 aut
1020 332 1196 375 postridie
1221 344 1253 366 a.
1277 335 1347 367 710
1373 334 1461 375 (44).

622 412 813 446 CICERO
837 413 1029 447 ATTICO
1055 413 1162 448 SAL.

307 483 340 525 Ο
373 484 496 524 Bruti
529 487 719 525 amanter
745 485 924 538 scriptas
950 484 1133 527 litteras!
1166 500 1190 526 o
1217 486 1410 540 iniquum
1436 489 1557 527 tuum

217 546 398 597 tempus,
431 542 504 597 qui
536 542 588 583 ad
620 557 714 583 eum
747 544 806 584 ire
837 558 924 584 non
956 545 1110 597 possis!
1161 544 1255 599 Ego
1289 548 1429 585 autem
1456 545 1556 599 quid

219 602 429 642 scribam?
462 604 509 641 ut
535 601 737 642 beneficio
766 602 944 642 istorum
970 603 1175 644 utantur?
1225 602 1333 651 Quid
1358 604 1556 657 turpius?

218 660 278 701 Ut
316 661 546 701 moliantur
586 659 777 714 aliquid?
828 659 918 701 Nec
957 661 1111 701 audent
1142 676 1218 702 nec
1249 662 1332 702 iam
1366 665 1555 716 possunt.

217 718 322 773 Age,
360 719 579 772 quiescant
617 719 862 759 auctoribus
902 720 1045 774 nobis3
1091 720 1185 774 quis
1221 721 1557 761 incolumitatem

217 778 436 831 praestat?
487 776 532 818 Si
576 792 674 818 vero
718 778 877 832 aliquid
917 778 966 818 de
1006 777 1181 819 Decimo
1221 780 1408 833 graviUS,
1451 794 1556 833 quae

216 837 375 877 nostris
414 837 520 892 vita,
557 837 724 877 etiamsi
761 851 884 877 nemo
924 837 1128 878 molestus
1168 838 1254 879 sit‘?
1297 838 1419 878 ludos
1457 853 1556 879 vero

216 910 303 935 non
334 895 486 936 facere}
526 895 628 948 quid
659 895 851 936 foedius?
888 896 1147 937 frumentum
1179 896 1411 950 imponere!
1451 911 1556 950 quae

218 956 282 994 est
315 954 396 994 alia
428 953 578 995 Dionis
610 954 767 1008 legatio
802 957 874 994 aut
908 954 1019 1008 quod
1050 969 1205 995 munus
1237 956 1281 996 in
1312 970 1356 996 re
1388 955 1556 1009 publica

218 1012 456 1053 sordidius?
506 1012 685 1053 Prorsus
725 1013 896 1066 quidem
933 1013 1110 1054 consilia
1150 1014 1227 1054 tali
1268 1014 1314 1054 in
1344 1028 1388 1055 re
1419 1028 1472 1055 ne
1503 1014 1555 1054 iis

217 1071 386 1124 quidem
417 1074 511 1112 tuta
544 1074 643 1112 sunt
654 1106 664 1126 ,
702 1071 774 1125 qui
806 1071 924 1125 dant3
968 1072 1039 1112 sed
1071 1073 1230 1126 possim
1261 1073 1304 1113 id
1333 1072 1555 1127 neglegere

217 1130 459 1184 proficiens3
510 1130 669 1170 frustra
713 1145 811 1170 vero
857 1131 928 1184 qui
973 1131 1216 1184 ingrediar?
1265 1131 1416 1171 Matris
1462 1145 1555 1172 con-

217 1188 311 1228 silio
346 1203 440 1229 cum
472 1191 619 1228 utatur
651 1188 717 1228 vel
749 1189 876 1229 etiam
908 1189 1115 1243 precibus,
1149 1190 1250 1242 quid
1280 1204 1346 1230 me
1372 1190 1556 1243 interpo-

216 1247 344 1287 nam?
378 1245 459 1287 Sed
485 1250 629 1287 tamen
654 1247 864 1301 cogitabo,
885 1261 968 1300 quo
996 1261 1148 1301 genere
1175 1251 1272 1288 utar
1296 1248 1555 1301 litterarum3

215 1319 313 1345 nam
359 1305 480 1346 silere
525 1319 611 1345 non
654 1319 839 1358 possum.
904 1305 1059 1347 Statim
1102 1306 1235 1360 igitur
1278 1307 1447 1347 mittam
1489 1306 1556 1347 vel

215 1363 395 1404 Antium
427 1363 495 1404 vel
527 1361 721 1404 Circeios.

847 1480 919 1522 XI.

410 1560 482 1595 Ser.
506 1562 545 1594 2'72
570 1561 718 1595 Antiati
744 1572 776 1595 a.
797 1561 831 1595 d.
859 1561 918 1595 VI
938 1562 994 1595 Id.
1015 1562 1100 1595 Iun.
1123 1573 1155 1596 α.
1179 1564 1249 1597 710
1276 1564 1364 1605 (44).

620 1642 809 1678 CICERO
833 1642 1025 1677 ATTICO
1051 1643 1158 1677 SAL.

305 1713 483 1754 Antium
515 1715 610 1755 veni
643 1730 676 1755 a.
705 1714 741 1755 d.
767 1726 814 1755 VI
840 1713 952 1755 Idus.
1004 1714 1138 1756 Bruto
1171 1715 1375 1756 iucundus
1408 1717 1553 1756 noster

214 1772 431 1813 adventus.
473 1772 635 1814 Deinde
661 1773 808 1813 multis
836 1773 1117 1828 audientibus,
1144 1773 1333 1827 Servilia,
1353 1773 1553 1826 Tertulla,

214 1831 379 1886 Porcia,
419 1845 638 1885 quaerere,
683 1831 785 1885 quid
816 1832 1010 1885 placeret.
1073 1831 1232 1872 Aderat
1265 1832 1392 1872 etiam
1423 1831 1554 1872 Favo-

213 1890 321 1930 nius.
384 1889 496 1944 Ego,
540 1890 651 1944 quod
684 1904 797 1930 eram
827 1890 1056 1931 meditatus
1088 1891 1133 1931 in
1163 1891 1250 1945 via,
1290 1890 1475 1945 suadere,
1505 1892 1553 1930 ut

213 1950 405 1988 uteretur
446 1947 636 1989 Asiatica
675 1948 892 1989 curatione
932 1948 1152 2003 frumenti3
1195 1949 1304 1990 nihil
1341 1963 1431 1989 esse
1469 1949 1553 1989 iam

213 2007 384 2061 reliqui,
428 2007 540 2060 quod
582 2020 821 2061 ageremus,
864 2007 948 2047 nisi
986 2010 1034 2047 ut
1072 2008 1212 2048 salvus
1251 2010 1379 2060 esset3
1422 2007 1467 2047 in
1504 2021 1552 2047 eo

214 2065 343 2105 etiam
383 2065 465 2118 ipsi
506 2065 568 2106 rei
605 2065 798 2118 publicae
837 2079 926 2105 esse
963 2066 1229 2119 praesidium.
1293 2064 1422 2113 Quam
1465 2079 1552 2105 ora-

213 2122 374 2163 tionem
406 2137 501 2163 cum
532 2124 751 2178 ingressus
784 2138 930 2178 essem,
963 2122 1134 2164 Cassius
1166 2123 1405 2164 intervenit.
1455 2123 1550 2177 Ego

214 2181 357 2221 eadem
400 2181 474 2222 illa
517 2182 707 2235 repetivi.
774 2181 867 2222 Hoc
909 2181 1002 2222 loco
1045 2182 1229 2223 :fortibus
1275 2196 1374 2222 sane
1419 2181 1551 2222 oculis

215 2237 386 2280 Cassius
425 2239 625 2295 (Martem
665 2240 825 2293 spirare
865 2239 1041 2296 diceres)
1081 2255 1124 2281 se
1163 2241 1210 2281 in
1241 2239 1426 2281 Siciliam
1466 2254 1552 2280 non

212 2297 383 2338 iturum.
453 2297 617 2352 ‘Egone
662 2301 710 2338 ut
754 2298 1004 2339 beneficium
1047 2299 1297 2352 accepissem
1341 2300 1552 2339 contume-

1594 560 1609 585 5

1576 853 1609 877 10

1576 1146 1607 1170 15

1575 1497 1608 1521 20

1573 1847 1606 1873 25

1572 2139 1605 2164 30
