1665 2553
135 2186 152 2216 1

171 90 256 131 360
598 88 646 122 M.
674 87 815 121 TULLI
842 85 1091 120 CICERONIS

170 186 258 226 turi
291 185 465 226 sumus?
515 184 580 225 Ea
612 183 847 236 videamus,
886 196 992 235 quae
1023 181 1075 222 ad
1105 195 1183 222 nos
1215 181 1351 235 magis
1382 179 1510 234 perti-

169 247 272 285 nent
310 258 385 285 nec
423 246 566 284 tamen
597 242 752 293 multo,
797 240 899 294 quid
930 254 1104 294 agamus
1137 239 1185 280 de
1218 241 1378 280 senatu.
1439 238 1510 292 Et,

170 305 220 344 ut
256 317 310 343 ne
349 302 449 356 quid
489 300 844 355 praetermittam,
889 298 1120 339 Caesonius
1158 298 1210 338 ad
1246 312 1312 339 me
1342 297 1509 338 litteras

171 362 290 402 misit
321 361 586 401 Postumiam
625 358 786 412 Sulpici
825 358 994 398 domum
1033 357 1084 397 ad
1123 370 1168 397 se
1204 356 1380 397 venisse.
1446 355 1509 396 De

171 420 348 474 Pompei
385 419 531 473 Magni
569 418 657 459 filia
694 417 775 457 tibi
813 416 1010 469 rescripsi
1046 415 1156 456 nihil
1193 430 1260 456 me
1296 415 1377 456 hoc
1407 417 1509 454 tem-

172 493 275 532 pore
316 479 520 533 cogitare3
566 477 744 517 alteram
782 490 881 515 vero
919 475 1056 528 illam,
1100 489 1226 528 quam
1264 476 1311 514 tu
1349 473 1510 526 scribis,

173 540 290 591 puto,
329 537 453 577 nosti.
516 534 639 576 Nihil
669 535 756 575 vidi
788 534 962 574 foedius.
1026 531 1106 573 Sed
1138 533 1295 573 adsum.
1359 530 1511 573 Coram

173 596 316 650 igitur.
574 633 577 636 .

264 654 499 708 Obsignata
526 652 709 707 epistula
735 651 874 704 accepi
899 653 1007 691 tuas.
1057 649 1226 691 Atticae
1250 648 1510 690 hilaritatem

173 713 356 754 libenter
389 712 523 753 audio.
588 709 967 752 Commotiunculis
1002 710 1251 763 συμπάσχω.

800 826 893 867 XII.

417 909 492 945 Ser.
514 909 672 943 Asturae
698 908 827 941 XVII
848 907 895 940 K.
917 906 1008 950 Apr.
1030 918 1062 940 a.
1086 909 1156 940 709
1184 908 1274 949 (45).

579 990 770 1024 CICERO
795 988 986 1024 ATTICO
1011 988 1120 1022 SAL.

264 1063 327 1105 De
368 1064 465 1104 dote
504 1066 624 1103 tanto
664 1062 800 1116 magis
838 1074 1060 1115 perpurga.
1122 1060 1247 1101 Balbi
1272 1060 1389 1114 regia
1420 1073 1514 1100 con-

177 1123 285 1163 dicio
319 1125 383 1163 est
415 1121 646 1175 delegandi.
698 1120 876 1173 Quoquo
909 1119 1034 1159 modo
1067 1119 1234 1159 confice.
1284 1118 1425 1172 Turpe
1451 1120 1515 1158 est

176 1196 265 1222 rem
302 1181 551 1234 impeditam
588 1180 732 1220 iacere.
794 1177 939 1219 Insula
970 1177 1154 1231 Arpinas
1186 1177 1341 1218 habere
1373 1179 1514 1230 potest

177 1254 423 1294 germanam
456 1238 725 1291 cZnofffe‘coo‘w,
770 1237 841 1277 sed
866 1250 1026 1287 vereor,
1063 1250 1115 1277 ne
1147 1236 1354 1276 minorem
1386 1236 1516 1289 τιμὴν

175 1297 334 1339 habere
383 1297 577 1337 videatur
628 1296 893 1349 ἐκτοπισμός.
962 1294 1042 1334 Est
1086 1294 1218 1348 igitur
1262 1294 1427 1334 animus
1471 1294 1515 1334 in

177 1356 333 1410 hortis3
367 1370 472 1409 quos
504 1357 648 1395 tamen
678 1354 913 1408 inspiciam,
945 1367 1040 1393 cum
1071 1367 1235 1393 venero.

268 1414 330 1455 De
362 1414 561 1467 Epicuro,
593 1416 641 1453 ut
672 1412 803 1467 voles,
837 1412 916 1452 etsi
948 1413 1282 1465 μεθαρμόσομαι
1308 1411 1353 1451 in
1378 1412 1516 1464 poste-
1536 1427 1551 1450 2

177 1489 273 1514 rum
306 1487 437 1527 genus
468 1472 549 1512 hoc
580 1486 868 1525 personarum.
917 1469 1169 1510 Incredibile
1202 1472 1277 1523 est,
1310 1484 1438 1523 quam
1470 1482 1516 1509 ea

180 1532 351 1586 quidam
400 1531 628 1585 requirant.
697 1529 764 1571 Ad
808 1529 1006 1582 antiquos
1051 1529 1201 1583 igitur3
1251 1527 1517 1582 ἀνεμέσητον

178 1592 273 1645 γάρ.
321 1589 442 1630 Nihil
473 1589 621 1644 habeo,
648 1589 699 1629 ad
729 1591 771 1629 te
798 1588 909 1642 quod
937 1587 1244 1641 [per]scribam,
1277 1586 1349 1627 sed
1375 1589 1517 1626 tamen

177 1649 349 1690 institui
387 1648 540 1689 cotidie
579 1648 767 1703 mittere,
804 1649 853 1687 ut
885 1646 1050 1687 eliciam
1081 1649 1177 1686 tuas
1208 1645 1394 1699 litteras,
1429 1658 1515 1684 non

180 1722 263 1762 quo
305 1707 466 1761 aliquid
503 1721 553 1747 ex
589 1706 642 1747 iis
681 1708 937 1760 exspectem,
983 1704 1054 1745 sed
1088 1704 1230 1745 nescio
1269 1718 1353 1757 quo
1390 1702 1515 1743 modo

177 1769 321 1807 tamen
347 1768 553 1819 exspecto.
604 1764 753 1818 Quare,
780 1764 865 1804 sive
890 1763 1021 1804 habes
1049 1763 1148 1817 quid
1176 1763 1263 1803 sive
1287 1762 1349 1802 nil
1373 1761 1516 1814 habes,

180 1825 315 1865 scribe
347 1827 491 1865 tamen
522 1823 682 1877 aliquid
713 1826 839 1876 teque
871 1837 978 1862 cura.

790 1938 904 1980 XIII.

463 2020 535 2055 Ser.
558 2021 715 2054 Asturae
740 2020 837 2054 Non.
859 2020 974 2053 Mart.
996 2030 1028 2053 α.
1051 2021 1123 2053 709
1149 2020 1239 2061 (45).

582 2101 772 2136 CICERO
796 2100 988 2135 ATTICO
1013 2100 1120 2135 SAL.

271 2173 519 2215 Commovet
574 2187 640 2213 me
695 2171 857 2226 Attica3
926 2172 1003 2212 etsi
1060 2171 1274 2211 adsentior
1329 2169 1515 2212 Cratero.

181 2232 303 2273 Bruti
344 2233 513 2273 litterae
552 2231 733 2285 scriptae
770 2234 812 2272 et
850 2230 1079 2284 prudenter
1116 2232 1158 2270 et
1199 2229 1328 2270 amice
1359 2229 1515 2269 multas

181 2290 286 2331 mihi
336 2293 477 2331 tamen
519 2290 714 2330 lacrimas
758 2289 1004 2330 attulerunt.
1073 2288 1141 2329 Me
1183 2287 1285 2328 haec
1330 2286 1515 2328 solitudo

1546 428 1561 455 5

1533 723 1565 747 10

1534 1133 1568 1158 15

1536 1717 1569 1743 25

1536 2105 1570 2129 30
