1665 2553
398 90 739 127 EPISTULARUM
764 91 828 125 AD
854 90 1058 125 BRUTUM
1082 90 1099 124 Ι
1124 94 1227 125 5-7,
1391 90 1475 131 529

139 189 480 230 benevolentiam
519 187 730 241 pervenit,
768 185 984 226 sublatum
1022 199 1113 226 esse
1146 186 1281 226 debet.
1342 184 1475 226 Filius

140 251 240 289 tuus
273 263 296 288 a
327 262 393 288 me
425 247 562 301 abest3
593 245 639 286 in
668 244 914 286 Macedonia
945 244 1273 298 congrediemur.
1329 243 1476 284 Iussus

142 309 206 348 est
257 306 369 347 enim
411 304 638 346 Ambracia
688 304 836 344 ducere
880 303 1043 357 equites
1087 317 1160 357 per
1203 302 1476 343 Thessaliam.

143 365 303 419 Scripsi
336 364 387 405 ad
419 378 525 418 eum,
565 366 613 404 ut
644 362 750 403 mihi
781 361 1030 403 Heracleam
1062 364 1309 403 occurreret.
1371 360 1478 402 Cum

106 440 122 466 5
142 439 237 465 eum
261 423 418 479 videro,
449 422 649 477 quoniam
676 421 800 462 nobis
826 421 1053 476 permittis,
1079 420 1359 461 communiter
1384 434 1478 460 con-

143 483 368 523 stituemus
406 481 455 522 de
491 481 631 522 reditu
667 480 756 520 eius
795 480 847 520 ad
884 480 1134 533 petitionem
1166 481 1239 520 aut
1271 493 1479 520 commen-

144 541 357 582 dationem
399 540 585 581 honoris.
657 538 754 579 Tibi
800 538 1009 593 Glycona,
1057 538 1265 579 medicum
1307 537 1481 592 Pansae,

145 601 217 654 qui
268 614 456 640 sororem
497 598 712 640 Achilleos
755 598 893 638 nostri
936 598 980 638 in
1023 597 1296 638 matrimonio
1338 596 1481 650 habet,

145 658 468 713 diligentissime
518 656 774 698 commendo.
836 656 1045 696 Audimus
1090 670 1185 696 eum
1228 655 1393 696 venisse
1436 655 1481 695 in

93 735 125 759 10
146 717 428 771 suspicionem
471 716 688 770 Torquato
732 715 781 756 de
819 718 956 756 morte
994 714 1154 755 Pansae
1194 713 1481 767 custodirique

143 778 192 817 ut
222 775 484 830 parricidam.
533 773 656 815 Nihil
686 774 826 815 minus
859 774 1107 814 credendum
1135 775 1216 827 est,
1248 772 1343 826 quis
1371 772 1482 813 enim

144 834 347 875 maiorem
372 833 656 875 calamitatem
682 835 818 874 morte
844 832 1006 873 Pansae
1032 832 1220 886 accepit?
1260 831 1482 872 Praeterea

147 896 210 935 est
241 893 457 934 modestus
489 892 616 933 homo
649 894 691 933 et
722 891 848 946 frugi,
882 906 1005 945 quem
1037 905 1088 931 ne
1120 890 1285 931 utilitas
1313 889 1483 944 quidem

144 952 337 993 videatur
367 952 603 1006 impulsura
633 950 764 991 fuisse
798 950 849 991 ad
880 950 1053 990 facinus.
1104 948 1227 1004 Rogo
1257 951 1299 989 te
1326 951 1367 989 et
1394 948 1483 1002 qui-

94 1028 126 1053 15
147 1011 240 1051 dem
283 1010 403 1051 valde
446 1024 550 1065 rogo
596 1008 712 1065 (nam
755 1007 973 1049 Achilleus
1016 1011 1162 1049 noster
1204 1022 1290 1049 non
1330 1007 1483 1061 minus,
1522 1035 1529 1038 -

147 1084 273 1123 quam
310 1083 490 1122 aequum
527 1071 609 1122 est,
645 1067 849 1124 laborat),
888 1067 1040 1121 eripias
1082 1081 1176 1107 eum
1209 1081 1259 1107 ex
1291 1065 1483 1107 custodia

148 1142 462 1181 conservesque.
512 1126 606 1168 Hoc
637 1140 714 1181 ego
748 1126 799 1166 ad
830 1140 971 1166 meum
1003 1126 1191 1166 officium
1222 1125 1484 1179 privatarum

147 1201 287 1227 rerum
317 1201 447 1239 aeque
474 1188 600 1239 atque
626 1185 757 1226 ullam
783 1184 909 1225 aliam
934 1199 1024 1225 rem
1048 1184 1260 1238 pertinere
1288 1183 1481 1224 arbitror.

236 1243 343 1285 Cum
374 1245 450 1285 has
484 1245 535 1285 ad
566 1247 608 1284 te
641 1243 866 1284 scriberem
896 1243 1074 1297 litteras,
1108 1258 1131 1283 a
1158 1241 1310 1295 Satrio,
1340 1242 1482 1295 legato

95 1321 128 1345 20
148 1302 192 1344 C.
220 1303 416 1358 Treboni,
446 1303 608 1343 reddita
640 1305 701 1343 est
733 1301 915 1356 epistula
946 1302 1052 1342 mihi
1084 1317 1108 1342 a
1133 1301 1261 1342 Tillio
1295 1303 1336 1341 et
1361 1300 1484 1341 Deio-

147 1365 241 1403 taro
278 1361 545 1402 Dolabellam
589 1376 756 1402 caesum
799 1361 1078 1415 fugatumque
1120 1374 1220 1401 esse.
1284 1359 1485 1400 Graecam

150 1420 375 1474 epistulam
423 1420 504 1461 tibi
552 1420 648 1461 misi
692 1418 898 1473 Cychraei
941 1419 1158 1460 cuiusdam
1202 1418 1254 1459 ad
1298 1416 1485 1458 Satrium

148 1493 331 1519 mlssam.

237 1535 407 1577 Flavius
444 1538 590 1577 noster
627 1536 676 1577 de
714 1536 1016 1590 controversia,
1059 1550 1185 1589 quam
1225 1534 1354 1575 habet
1392 1549 1486 1575 cum

97 1612 130 1637 25
150 1595 427 1649 Dyrrachinis
468 1594 785 1650 hereditariam,
823 1594 1004 1647 sumpsit
1036 1596 1078 1633 te
1110 1593 1300 1633 iudicem.
1362 1591 1485 1647 Rogo

149 1657 209 1708 te,
246 1653 410 1709 Cicero,
448 1656 490 1694 et
520 1652 691 1693 Flavius
724 1655 866 1708 rogat,
903 1667 992 1693 rem
1025 1652 1232 1693 conficias.
1295 1650 1406 1699 Quin
1439 1651 1488 1706 ei,

151 1712 224 1766 qui
254 1712 448 1754 Flavium
479 1712 579 1753 fecit
610 1711 818 1766 heredem,
850 1711 1070 1764 pecuniam
1102 1709 1294 1750 debuerit
1326 1709 1487 1761 civitas,

150 1786 236 1812 non
266 1774 330 1811 est
357 1771 550 1825 dubium,
581 1785 716 1824 neque
742 1769 997 1823 Dyrrachini
1022 1769 1274 1822 infitiantur,
1307 1767 1379 1808 sed
1405 1767 1488 1808 sibi

151 1829 354 1870 donatum
393 1844 461 1870 aes
500 1830 683 1870 alienum
721 1843 744 1869 a
777 1828 951 1869 Caesare
990 1827 1146 1868 dicunt.
1208 1826 1311 1867 Noli
1343 1826 1433 1880 pati
1465 1841 1488 1866 a

98 1904 132 1929 :30
150 1888 396 1929 necessariis
440 1888 526 1928 tuis
569 1887 805 1928 necessario
849 1901 942 1928 meo
986 1886 1186 1926 iniuriam
1222 1885 1326 1926 fieri.
1388 1896 1489 1925 XIIII

151 1945 201 1986 K.
227 1945 370 1987 Iunias
403 1961 453 1987 ex
484 1946 632 1987 castris
665 1945 716 1986 ad
747 1946 876 1986 imam
910 1943 1175 1986 Candaviam.

775 2037 871 2079 VII.

340 2107 414 2142 Ser.
436 2108 477 2141 in
502 2107 628 2142 castris
654 2107 736 2141 circ.
757 2107 821 2140 IX
846 2106 895 2140 K.
917 2106 1039 2150 Quint.
1061 2117 1094 2140 a.
1116 2108 1184 2139 '711
1215 2107 1303 2148 (43).

540 2175 728 2210 BRUTUS
755 2175 977 2210 CICERONI
1004 2174 1101 2209 SAL.

1505 547 1524 577 [θ

100 2253 133 2278 35
241 2235 286 2277 L.
317 2235 496 2276 Bibulus
542 2251 668 2289 quam
712 2250 831 2276 carus
876 2235 982 2275 mihi
1026 2249 1116 2275 esse
1154 2234 1321 2289 debeat,
1363 2248 1486 2276 nemo
1516 2246 1533 2276 1

154 2294 302 2335 melius
341 2294 524 2335 iudicare
561 2296 703 2347 potest
742 2308 868 2348 quam
906 2296 972 2347 tu,
1010 2293 1128 2334 cuius
1159 2295 1302 2334 tantae
1333 2308 1410 2346 pro
1443 2308 1488 2333 re

225 2368 285 2394 Cic.
305 2368 391 2399 epist.
412 2369 452 2394 II.
1167 2375 1171 2378 '
1232 2364 1276 2395 34
