1665 2553
333 42 670 77 EPISTULARUM
690 42 754 76 AD
781 41 994 76 ATTICUM
1019 42 1070 75 Χ]
1100 45 1231 76 16-17
1246 53 1276 76 a.
1394 42 1478 83 343

145 138 450 193 providendum
494 141 569 179 est.
631 138 694 179 De
739 138 935 179 omnibus
979 138 1105 178 rebus
1148 137 1275 178 veliin
1321 138 1372 178 ad
1415 152 1480 178 me

145 198 315 252 scribas,
347 200 388 238 et
419 198 600 238 maxime
633 197 734 250 quid
761 197 917 237 sentias
945 197 994 237 de
1021 212 1080 251 ea,
1106 196 1148 236 in
1177 211 1258 250 qua
1285 199 1358 237 tuo
1387 210 1481 237 con-

146 257 240 298 silio
274 270 388 312 egeo,
420 256 547 297 etiam
579 256 614 296 si
645 255 753 296 nihil
785 256 1009 310 excogitas.
1059 254 1109 295 Id
1135 255 1246 295 enim
1272 254 1376 295 mihi
1403 255 1482 295 erit

145 330 220 369 pro
256 315 488 369 desperato.
551 327 601 355 ΙΙΙ
632 314 741 356 Non.
768 313 858 355 Iun.

109 454 125 479 5
747 442 880 484 XVII.

310 523 384 559 Ser.
407 524 591 558 Brundisi
611 524 709 568 prid.
730 525 786 558 Id.
810 528 873 558 aut
898 525 954 558 Id.
976 525 1060 558 Ilm,
1083 535 1114 558 α.
1138 526 1209 559 707
1235 526 1326 568 (47).

567 605 735 640 CICERO
762 604 933 640 ATTICO
962 605 1058 640 SAL.

231 677 564 731 Properantibus
615 678 849 719 tabellariis
901 677 1047 719 alienis
1098 677 1208 718 hanc
1253 677 1480 732 epistulam
1508 688 1524 717 1

145 736 249 778 dedi.
299 736 363 777 Eo
394 737 563 778 brevior
595 740 670 791 est,
702 739 743 777 et
775 737 888 791 quod
920 751 1034 777 eram
1063 737 1268 777 missurus
1295 739 1475 778 nostros.

92 805 125 830 10
145 795 285 837 Tullia
327 810 419 836 mea
462 796 577 836 venit
621 796 673 836 ad
710 810 777 836 me
814 810 875 849 pr.
913 794 1012 836 Idus
1050 795 1193 836 Iunias
1236 795 1369 849 deque
1406 798 1481 836 tua

145 869 243 909 erga
281 869 324 894 se
357 854 625 895 observantia
656 854 1032 908 benevolentiaque
1064 854 1169 895 mihi
1200 854 1383 908 plurima
1414 869 1480 894 ex-

145 913 286 967 posuit
312 913 559 967 litterasque
586 913 766 954 reddidit
793 913 935 953 trinas.
985 913 1081 967 Ego
1108 915 1248 954 autem
1274 928 1324 953 ex
1347 913 1480 967 ipsius

144 972 314 1026 virtute,
345 971 622 1027 humanitate,
654 971 811 1025 pietate
836 986 923 1012 non
947 972 1071 1012 modo
1099 987 1190 1012 eam
1216 971 1481 1025 voluptatem
1510 1003 1518 1007 .

143 1045 231 1071 non
268 1030 375 1084 cepi,
420 1045 546 1084 quam
584 1044 730 1084 capere
768 1045 817 1071 ex
859 1030 1063 1085 singulari
1100 1031 1188 1071 filia
1221 1030 1364 1084 debui,
1409 1030 1480 1070 sed

92 1097 125 1123 1⁵
145 1089 272 1130 etiam
302 1089 539 1130 incredibili
572 1103 666 1129 sum
698 1089 843 1129 dolore
869 1089 1055 1129 adfectus
1081 1089 1165 1130 tale
1192 1089 1410 1143 ingenium
1435 1088 1480 1129 in

143 1151 231 1189 tam
262 1148 415 1188 misera
446 1148 617 1188 fortuna
647 1148 806 1188 versari
836 1147 963 1201 idque
989 1147 1173 1188 accidere
1199 1147 1316 1188 nullo
1342 1147 1477 1200 ipsius

146 1207 297 1248 delicto
331 1221 494 1247 summa
526 1206 648 1260 culpa
679 1221 781 1247 mea.
832 1205 982 1260 Itaque
1008 1221 1031 1247 a
1062 1208 1104 1246 te
1129 1221 1265 1259 neque
1292 1206 1479 1247 consola-

144 1265 305 1306 tionem
342 1265 445 1319 iam,
483 1279 565 1318 qua
605 1279 754 1318 cupere
793 1267 835 1305 te
866 1265 931 1305 uti
963 1265 1101 1319 video,
1137 1279 1214 1306 nec
1246 1265 1478 1319 consilium,

146 1324 258 1378 quod
296 1324 388 1377 capi
425 1324 589 1364 nullum
627 1326 788 1379 potest,
826 1326 1023 1377 exspecto
1054 1326 1179 1377 teque
1213 1323 1354 1364 omnia
1385 1338 1480 1364 cum

92 1390 126 1416 2⁰
145 1382 433 1435 superioribus
466 1396 588 1436 saepe
619 1381 775 1423 litteris
807 1384 899 1423 tum
930 1382 1134 1437 proximis
1166 1385 1394 1437 temptasse
1420 1382 1480 1422 in-

145 1441 313 1495 tellego.

673 1545 751 1599 Ep.
782 1544 906 1585 XVII
921 1560 953 1586 a.

359 1625 432 1660 Ser.
459 1625 638 1659 Brund-isi
665 1625 791 1659 XVII
812 1625 859 1659 K.
885 1625 1006 1670 Quint.
1028 1638 1061 1659 α.
1086 1628 1154 1660 707
1183 1627 1272 1667 (47).

548 1706 737 1741 CICERO
762 1706 954 1740 ATTICO
978 1706 1086 1741 SAL.

93 1798 126 1825 25
233 1779 328 1834 Ego
361 1793 455 1820 cum
482 1776 682 1819 Sallustio
710 1777 954 1819 Ciceronem
985 1777 1036 1818 ad
1062 1776 1282 1818 Caesarem
1309 1778 1478 1819 mittere
1506 1790 1524 1819 1

146 1839 402 1893 cogitabam,
447 1837 631 1877 Tulliam
668 1839 809 1877 autem
848 1851 935 1877 non
966 1836 1159 1876 videbam
1191 1851 1281 1877 esse
1312 1850 1481 1877 causam

147 1911 219 1938 cur
256 1896 415 1937 diutius
446 1910 610 1936 mecum
640 1897 760 1936 tanto
792 1895 836 1935 in
867 1894 1080 1936 communi
1110 1909 1299 1936 maerore
1331 1895 1480 1936 retine-

146 1970 247 1996 rem.
296 1954 446 2008 Itaque
478 1954 603 1994 matri
637 1968 738 2005 eam,
771 1968 865 1994 cum
896 1953 1081 2006 primum
1112 1967 1186 2006 per
1218 1953 1354 2006 ipsam
1386 1954 1480 1994 lice-

147 2015 229 2067 ret,
268 2027 380 2053 eram
412 2013 675 2053 remissurus.
725 2011 858 2065 Paeto,
891 2026 1015 2065 quem
1046 2011 1097 2051 ad
1128 2011 1301 2052 modum
1334 2026 1479 2052 eonsu-

95 2090 129 2115 30
147 2071 254 2112 lenti
287 2071 510 2126 scripsisti,
546 2073 696 2124 putato
730 2085 777 2111 ea
807 2084 874 2111 me
908 2070 1140 2124 scripsisse,
1174 2084 1280 2123 quae
1311 2072 1359 2110 tu
1390 2070 1480 2124 ipse

148 2129 361 2184 intellegis
393 2129 637 2183 iesponderi
668 2129 868 2182 potuisse.
1070 2149 1072 2151 >

237 2187 356 2236 Quod
382 2186 565 2253 Oppium
595 2190 735 2228 tecum
761 2187 909 2227 scribis
935 2186 1136 2240 locutum,
1167 2201 1252 2226 non
1279 2186 1479 2228 abhorret
1505 2199 1525 2229 2

149 2261 173 2288 a
212 2260 305 2287 mea
343 2246 579 2299 suspicione
611 2246 699 2286 eius
733 2245 879 2286 oratio.
942 2243 1025 2285 Sed
1054 2259 1141 2285 non
1171 2244 1339 2300 dubito,
1377 2246 1480 2300 quin
