1689 2572
216 111 318 145 XXII
645 108 924 144 ADNOTATIO
952 107 1138 143 CRITICA

216 205 274 238 vel
299 204 385 239 certi
409 204 599 249 quicquam
623 204 666 237 ut
691 214 746 247 ep.
769 213 841 246 seq.
864 206 916 244 §5
943 203 1051 237 Nihil
1074 207 1193 238 tamen
1217 202 1327 238 certi?
1349 223 1395 228 —-
1420 205 1464 236 33
1490 213 1550 248 090

216 252 270 286 vel
300 262 459 295 cuperem
483 261 541 284 me
569 251 716 284 auctore
742 249 883 292 Baiter,
920 249 1078 293 Tyr-rell,
1114 249 1242 283 ‘edidi’
1271 249 1380 292 Boot,
1412 250 1550 294 †e90ve

217 309 378 342 cuperem
408 297 597 339 Wesenb,
634 296 733 340 quod
762 296 850 330 ferri
881 307 988 340 posse
1018 297 1128 341 putat
1158 297 1230 331 Leo
1264 296 1383 330 ‘AnaL
1411 296 1546 330 Plau&

219 344 383 389 Gotting.
406 348 495 378 1896
521 356 555 388 p.
578 347 620 377 25
646 343 785 388 insigni
810 343 1003 387 patientia.
1043 342 1148 377 Certe
1173 355 1246 377 non
1271 343 1429 377 multum
1449 342 1548 376 simi-

216 391 388 425 litudinis
421 391 535 425 habet
566 402 662 434 supr.
688 403 722 434 p.
746 394 799 423 30.
824 394 859 433 7,
899 394 975 423 532.
998 394 1042 424 30
1072 401 1183 434 ‘neque
1214 401 1291 435 eqo,
1330 390 1550 433 quibuscum

219 438 263 472 cs.
285 438 346 472 hic
378 450 408 472 v.
430 442 472 471 33
498 449 562 472 nec
586 438 689 479 mihi,
723 440 775 471 74.
798 440 829 479 5,
856 440 933 470 374.
957 441 1016 479 17,
1050 440 1128 471 375.
1150 440 1170 470 8
1195 448 1259 472 nec
1283 448 1360 482 eqo,
1393 436 1479 470 fam.
1500 436 1551 470 IV

219 489 249 519 7.
273 489 292 518 2
317 496 427 529 neque
451 489 491 519 te.
532 483 582 517 Cf.
606 484 653 517 ad
677 496 710 528 p.
734 487 811 517 381.
835 487 887 517 14.
920 485 931 527 ΙΙ
963 484 1007 518 P.
1029 483 1092 518 63.
1115 487 1134 517 5
1161 495 1207 519 ea
1232 488 1408 519 sescenta?
1433 504 1479 508 —
1506 487 1548 517 12

217 532 328 566 irasci
358 543 401 566 ne
421 542 568 575 possum
593 531 733 575 quidem
759 530 942 573 Wesenb.‚
969 542 1012 565 ne
1037 531 1148 565 irasci
1172 532 1312 575 quidem
1337 530 1477 564 Manut.
1504 551 1550 555 —

220 582 263 612 14
278 579 300 623 †
310 578 432 613 Cetera
446 578 581 620 Baiter,
596 577 766 611 Wesenb.
783 598 827 601 —
848 581 890 610 15
906 581 1053 621 aozyzmt
1064 577 1235 611 Wesenb.
1251 599 1297 602 —
1311 581 1354 611 25
1364 581 1551 621 putaram

218 625 300 658 edd.
321 625 485 669 probab,
506 635 579 658 non
599 625 684 658 cert.
712 624 883 657 Fortasse
903 634 947 657 ne
968 624 1061 658 Phil.
1077 624 1227 667 quidem
1244 624 1277 657 ΙΙ
1298 628 1327 658 1.
1344 628 1362 657 1
1383 636 1418 668 p.
1435 627 1511 657 374.
1529 627 1549 657 6

218 673 317 705 recte
342 671 530 716 Madvigio
564 671 721 714 aliisque
748 675 905 714 optarem
931 671 1199 715 corrigentibus
1227 671 1422 705 obsecutus
1449 674 1548 714 opta-

217 729 309 752 ram
334 718 474 762 scripsi.
513 718 571 751 Ad
596 717 681 751 fam.
702 730 735 761 p.
752 722 806 751 40.
823 721 876 751 32.
898 739 943 742 —
963 721 1006 751 30
1032 722 1136 752 tenet
1162 717 1327 760 SchuetZ,
1346 717 1483 751 Baiter.
1505 738 1550 742 —

218 768 261 798 33
287 765 406 809 †ut0r
430 765 600 798 VVesenb.
624 764 714 798 coni.
736 765 854 798 ‘media
884 768 967 799 utor
996 765 1058 799 via
1093 765 1157 798 aut
1181 769 1264 799 utor
1288 765 1349 798 via
1372 764 1501 798 media.
1540 764 1551 807 Ιῐ

266 812 310 845 Ρ.
332 811 395 846 64.
416 815 436 845 8
462 812 538 857 [et]
562 810 752 853 Wesenb,
786 811 854 845 (101.
881 811 1066 854 Lambin,
1098 811 1233 845 Baiter.
1291 810 1333 845 V.
1361 810 1548 844 Lehmann

219 857 383 899 Quaestt.
404 870 438 902 p.
460 862 514 891 42.
555 879 594 882 —
637 862 656 891 9
688 862 728 892 ut
759 857 948 901 Wesenb,
981 858 1084 892 Boot.
1118 879 1163 883 —
1202 862 1242 892 11
1275 857 1430 903 [neque]
1463 858 1551 902 Zeyes

217 904 370 948 TyrreH.
403 926 448 930 —-
478 905 528 938 Ib.
560 905 649 949 Zeqes
685 908 722 939 te
759 904 929 938 Ribbeck
966 906 1060 948 trag.
1082 904 1151 938 inc.
1175 908 1240 938 117
1278 917 1313 948 p.
1336 908 1402 938 252
1441 903 1496 937 ed.
1517 903 1551 937 Π

218 951 287 993 (ed.
314 952 364 984 ΙΠ
394 964 426 996 p.
456 955 521 985 291
563 951 603 986 Si
638 952 748 995 ne'que
780 952 868 995 {eyes
898 963 1009 995 neque
1038 952 1149 986 mo'res
1179 953 1333 996 coquat),
1365 950 1549 993 Wesenb,

217 999 320 1032 Boot.
359 1019 403 1023 ——
445 1002 488 1031 24
525 998 716 1043 [inimicas
752 999 823 1042 est]
853 998 1015 1039 Ernesti,
1048 997 1207 1041 Tyri-eil,
1239 998 1424 1032 inimicius
1456 997 1548 1031 coni.

216 1045 326 1087 Boot,
364 1045 548 1079 inimicius
585 1048 617 1079 et
647 1044 777 1077 Munro
816 1045 915 1088 apud
947 1044 1176 1088 Tyrrellium.
1216 1065 1261 1069 —-
1299 1047 1342 1077 32
1374 1044 1424 1078 mi
1456 1043 1548 1077 coni.

216 1091 375 1133 Ernesti,
401 1092 489 1125 mihi
515 1102 580 1124 scr.
603 1090 772 1124 Wesenb.
818 1093 829 1135 Η
873 1091 917 1125 P.
933 1090 996 1125 65.
1013 1095 1032 1124 2
1058 1092 1153 1136 †sed
1180 1091 1271 1125 coni.
1293 1103 1322 1124 V.
1340 1095 1359 1124 3
1386 1091 1549 1135 refuyio

220 1140 284 1171 aut
310 1143 342 1172 et
367 1138 437 1182 (vel
463 1138 608 1181 scilicet)
628 1158 672 1162 —
697 1139 847 1181 repudio
872 1137 1042 1171 W‘Vesenb.
1065 1159 1110 1162 —
1130 1142 1173 1171 23
1199 1138 1299 1182 volyo
1324 1137 1548 1171 Buechelero

219 1187 367 1218 auctore
392 1184 528 1226 Baiter,
554 1183 697 1227 Tyrrell
724 1194 777 1228 ep.
799 1188 854 1227 47,
880 1185 958 1218 volo
985 1184 1101 1227 codd,
1129 1196 1209 1218 cum
1236 1194 1341 1218 cruce
1362 1183 1547 1226 Wesenb,

217 1232 311 1265 Boot
348 1231 462 1275 (prob.
501 1231 630 1276 volyo),
674 1231 968 1275 holoprctgymatici
1005 1231 1140 1265 Ziehen
1184 1243 1274 1264 mus.
1308 1231 1422 1264 Rhen.
1458 1234 1548 1264 1896

216 1290 250 1322 p.
273 1281 340 1311 590
350 1289 400 1320 sq.
423 1299 467 1301 —
488 1281 530 1310 30
557 1278 716 1320 aliquid
742 1289 806 1311 scr.
828 1289 918 1311 mus.
934 1278 1048 1312 Rhen.
1066 1282 1154 1311 1898
1174 1290 1207 1322 p.
1226 1281 1291 1311 123
1310 1279 1353 1311 ut
1370 1289 1405 1321 p.
1422 1281 1499 1311 237.
1516 1282 1548 1321 2,

218 1329 258 1359 et
282 1325 368 1368 quid
395 1324 498 1358 codd.
514 1325 551 1357 et
571 1324 651 1357 edd.
687 1323 737 1357 Cf.
753 1336 786 1368 p.
804 1328 879 1358 299.
897 1328 950 1358 35.
984 1325 1021 1358 P.
1040 1329 1115 1358 123.
1133 1328 1175 1358 23
1197 1335 1241 1358 ex
1262 1326 1318 1368 (ne
1338 1325 1440 1368 quid)
1460 1325 1547 1358 ali-

218 1372 313 1415 (quo)
340 1371 481 1405 factum
508 1372 564 1404 est
588 1371 784 1415 (lepid)um
810 1373 916 1416 (quo),
941 1383 974 1415 p.
999 1375 1134 1405 39S.13
1161 1383 1204 1405 ‘ne
1224 1372 1311 1415 quid
1331 1382 1375 1404 ex
1394 1371 1546 1415 aliquid.

219 1417 269 1451 Cf.
288 1418 334 1451 ad
353 1430 386 1461 p.
403 1421 480 1451 385.
498 1421 527 1459 1,
549 1421 625 1451 509.
641 1421 671 1450 4.
719 1419 729 1461 Η
773 1418 817 1452 Ρ.
833 1418 896 1452 66.
914 1422 955 1452 15
967 1429 1017 1461 sq.
1039 1430 1091 1452 me
1111 1423 1142 1452 te
1157 1418 1327 1452 Furium
1345 1417 1490 1452 Klotzio
1511 1419 1548 1452 et

217 1464 481 1508 Wesenbergio
515 1464 724 1497 auctoribus
750 1464 910 1508 Tyr-rell,
948 1469 979 1499 te
1006 1465 1163 1499 Furium
1188 1465 1254 1507 EI,
1286 1475 1338 1499 me
1363 1469 1404 1498 ut
1429 1464 1548 1499 Furio

219 1511 310 1545 coni.
331 1511 425 1544 Boot
449 1511 598 1554 probab.
620 1532 665 1535 —
691 1515 732 1544 21
760 1512 914 1546 centiens
939 1511 1017 1545 sine
1045 1522 1149 1545 cruce
1175 1511 1310 1545 Baiter.
1332 1532 1377 1536 —-
1396 1511 1447 1545 Ib.
1469 1523 1548 1545 cum

219 1558 288 1591 del.
315 1558 409 1591 Boot
434 1558 488 1591 ed.
511 1557 526 1590 Ι
554 1557 691 1600 (11101οζ
726 1557 910 1600 Wesenb„
936 1558 1080 1592 uncinis
1109 1558 1248 1602 saepsit
1273 1558 1410 1592 Baiter.
1431 1579 1477 1582 —
1503 1562 1546 1592 23

217 1605 422 1639 Alexandri
459 1605 544 1637 ante
582 1605 700 1648 accepi
737 1605 820 1638 add.
854 1605 1024 1639 XVesenb.
1075 1604 1117 1639 V.
1151 1605 1341 1638 Lehmann
1379 1604 1545 1645 Quaestt.

216 1663 250 1695 p.
274 1655 326 1685 11.
355 1672 399 1676 —
423 1651 473 1684 Ib.
496 1651 571 1696 [et]
596 1650 779 1693 Wesenb,
812 1663 875 1688 ozee
899 1652 1035 1695 Baiter,
1062 1652 1215 1696 Tyrress,
1241 1653 1382 1695 ineptus
1408 1655 1491 1693 est,
1516 1655 1548 1686 et

216 1703 335 1732 tamen
365 1699 430 1731 scit
461 1709 546 1731 non
575 1698 668 1731 nilmssl
693 1698 802 1740 Boot,
835 1699 947 1733 Poeta
972 1720 1015 1723 —
1041 1700 1185 1733 inutilis
1211 1698 1281 1732 del.
1302 1699 1358 1732 Fr.
1381 1697 1548 1732 Schmidt

215 1755 336 1789 progr.
358 1744 597 1788 Wurceburg.
622 1748 710 1778 1892
736 1757 770 1788 p.
794 1749 834 1778 12
871 1747 1061 1788 tamquam
1094 1747 1281 1789 sumptum
1313 1756 1357 1778 ex
1381 1757 1415 1788 p.
1439 1748 1491 1778 70.
1515 1748 1544 1778 7.

216 1791 473 1835 Intellegend:
503 1792 613 1825 Poeta
633 1792 774 1834 ineptus
793 1796 842 1826 est
860 1797 892 1826 et
910 1793 977 1826 scit
995 1793 1054 1827 ille
1074 1793 1215 1837 quidem
1232 1792 1336 1833 mhiz,
1349 1791 1411 1825 sed
1429 1795 1547 1826 tamen

216 1849 289 1872 11011
314 1843 362 1872 est
386 1838 538 1872 inutilis.
577 1837 618 1871 V.
640 1838 829 1871 Lehmann
848 1838 924 1872 Att.
940 1851 973 1882 p.
992 1843 1069 1880 194,
1096 1839 1157 1872 hic
1182 1851 1215 1882 p.
1234 1842 1286 1872 14.
1301 1842 1355 1881 22,
1383 1840 1437 1871 98.
1460 1841 1491 1872 5.
1535 1838 1547 1878 11

264 1885 309 1918 P.
325 1885 387 1919 67.
406 1888 445 1917 11
473 1889 591 1919 woster
617 1886 752 1918 amicus
778 1896 796 1918 0
823 1885 926 1919 codd.
948 1885 1111 1919 ENHOP
1131 1885 1320 1918 Lehmann
1346 1895 1401 1929 ep.
1418 1884 1480 1918 sel.
1496 1883 1543 1917 17

216 1930 371 1964 fortasse
391 1932 499 1965 recte.
515 1952 559 1956 —
575 1934 617 1964 16
637 1931 744 1965 vides
758 1931 899 1975 Tyr-rell
920 1942 974 1975 ep.
990 1936 1034 1965 48
1054 1933 1133 1965 tam
1152 1931 1233 1965 fals.
1250 1942 1361 1974 quam
1379 1933 1478 1974 1247.
1489 1934 1543 1964 30.

217 1997 262 2001 ——
282 1981 324 2010 23
347 1979 467 2021 lapsus
481 1978 604 2021 potius
618 1989 723 2022 quam
732 1989 941 2023 proffessus
954 1989 972 2011 e
988 1977 1227 2012 codd.EHOP
1241 1977 1430 2011 Lehmann
1444 1977 1546 2010 haud

217 2023 291 2056 scio
320 2034 365 2056 an
390 2024 529 2058 melius.
568 2026 579 2069 ΙΙ
616 2025 661 2059 P.
677 2024 740 2058 68.
758 2028 798 2058 18
809 2036 860 2067 sq.
882 2029 947 2059 azot
966 2046 1010 2049 —
1030 2029 1095 2059 aut
1119 2029 1207 2059 certe
1226 2024 1379 2066 Manut,
1407 2023 1543 2067 Baiter,

217 2069 374 2112 Tyrrell,
407 2075 471 2104 aut
494 2075 582 2106 certe
607 2092 652 2096 —-
677 2075 740 2105 aut
765 2072 871 2105 etiam
895 2071 943 2113 M,
972 2071 1173 2113 Lehmann,
1201 2082 1283 2104 cum
1309 2081 1413 2104 cruce
1439 2070 1544 2114 Boot,

217 2120 281 2150 aut
311 2121 503 2151 certaturos
536 2139 581 2142 —
613 2122 677 2152 aut
705 2118 812 2152 etiam
836 2117 1007 2151 Wesenb.
1040 2139 1085 2142 —
1117 2121 1160 2150 25
1186 2118 1374 2151 mansisses
1400 2117 1543 2161 duplic.

216 2162 365 2204 Bosius,
398 2163 539 2206 Baiter,
575 2164 717 2207 Tyri-eli
742 2175 797 2208 ep.
817 2168 872 2205 49,
899 2164 919 2184 *
940 2164 959 2185 *
975 2165 1133 2207 profecto
1159 2163 1342 2205 Wesenb,
1369 2164 1472 2198 Boot.
1500 2185 1545 2189 —-

217 2212 260 2242 32
291 2220 409 2243 eorum
441 2214 472 2244 et
505 2212 676 2245 &mercibus
709 2211 800 2245 coni.
823 2210 952 2252 Orelli,
988 2222 1053 2244 scr.
1076 2211 1185 2253 Boot,
1221 2210 1379 2254 Tyrrell,
1413 2215 1445 2245 et
1469 2211 1545 2244 uim

216 2257 388 2290 eoeercz'tzfcs
413 2255 460 2298 M,
486 2256 621 2299 Baiter,
647 2268 766 2292 eorum
792 2262 823 2292 et
847 2257 963 2302 [vim]
987 2257 1159 2292 exercitus
1178 2256 1349 2291 Wesenb.
1393 2257 1431 2291 V.
1452 2256 1544 2290 Leh-

214 2312 327 2335 mann
347 2302 466 2345 Attp.
485 2306 537 2336 70.
559 2324 603 2328 —
629 2308 671 2338 33
692 2305 798 2339 bonos
817 2303 1001 2347 Wesenb.,
1033 2304 1137 2347 Boot,
1163 2303 1316 2348 Tyrrell,
1342 2314 1406 2338 nos
1427 2303 1544 2346 codd„
