1665 2553
284 62 626 98 EPISTULARUM
651 63 716 97 AD
742 62 959 98 ATTICUM
984 63 1035 97 IV
1062 67 1116 108 18,
1145 67 1199 98 19.
1337 63 1418 104 127

71 161 201 215 bitur,
230 159 316 200 nisi
348 159 420 214 qui
450 158 668 200 hominem
701 158 910 200 occiderit.
972 158 1067 200 Hoc
1104 161 1247 200 tamen
1279 160 1422 214 agitur

73 219 277 274 severius,
317 218 463 272 itaque
502 218 658 259 indicia
699 218 846 259 calent.
914 217 970 259 M.
1002 217 1180 259 Fulvius
1221 216 1421 259 Nobilior

72 277 376 319 condemnatus
425 278 510 331 est3
559 276 686 317 multi
735 276 808 317 alii
856 276 1011 317 urbani
1059 291 1112 317 ne
1162 276 1422 330 respondent

102 336 254 377 uidem.

37 411 53 438 5
74 351 101 391 q
162 394 271 443 Quid
308 393 422 434 aliud
458 394 588 434 novi?
649 393 804 435 Etiam.
866 394 1080 435 Absoluto
1116 392 1298 435 Gabinio
1338 396 1569 437 sto-iem
1589 406 1634 436 12)

74 453 320 495 machantes
353 452 426 493 alii
456 452 613 493 iudices
643 452 750 493 hora
781 455 880 506 post
899 452 1163 494 Antiochum
1189 451 1421 494 Gabinium

73 512 214 553 nescio
248 526 373 566 quem
399 525 418 552 e
438 509 651 565 Sopolidis
683 511 919 565 pictoribus
951 511 1168 565 libertum,
1199 526 1421 552 accensum

75 570 248 625 Gabini,
286 570 379 624 lege
418 569 552 623 Papia
593 570 936 611 condemnarunt.
996 570 1148 624 Itaque
1189 571 1296 611 dixit
1338 573 1422 611 sta-

74 630 153 670 tim
184 629 214 683 ’ξ-
239 643 348 682 resp.
385 628 479 683 lege
518 628 755 669 maiestatis
798 631 1420 670 ΟΊῸΟΙΜΡΙΟΑΜΑΦΙΗΙ.

23 706 55 731 ιο
73 688 326 742 Pomptinus
367 687 461 727 vult
499 702 533 728 a.
566 687 602 728 d.
634 699 703 728 1111
734 686 845 729 Non.
876 686 1105 728 Novembr.
1143 688 1421 741 triumphare.

75 746 188 788 Huic
219 746 389 787 obviam
410 744 516 786 Cato
550 748 591 786 et
618 745 820 787 Servilius
847 749 1063 799 praetores
1096 746 1147 787 ad
1178 750 1347 800 portam
1379 749 1421 787 et

76 804 121 854 Q.
152 805 318 846 Mucius
350 804 560 845 tribunus.
622 803 794 859 Negant
832 805 944 845 enim
981 805 1116 846 latum
1149 805 1198 846 de
1230 806 1421 860 imperio,

79 866 120 905 et
153 866 216 904 est
246 863 382 904 latum
413 862 583 904 hercule
614 863 786 904 insulse.
838 863 919 904 Sed
950 864 1030 904 erit
1063 878 1158 904 cum
1188 863 1420 917 Pomptino

75 922 242 976 Appius
280 921 438 962 consul.
510 920 616 963 Cato
657 924 800 963 tamen
840 922 1036 963 adfirmat
1076 937 1120 963 se
1160 923 1257 963 vivo
1299 923 1422 963 illum

23 998 55 1024 15
74 995 163 1022 non
198 980 576 1034 triumphaturum.
636 979 685 1021 Id
722 994 800 1035 ego
841 983 947 1034 puto
988 984 1036 1022 ut
1067 981 1203 1022 multa
1235 981 1422 1022 eiusdem
1487 1005 1494 1008 -

76 1040 128 1080 ad
156 1039 267 1080 nihil
295 1053 546 1080 recasurum.
607 1038 774 1093 Appius
805 1039 894 1080 sine
934 1040 1027 1094 lege
1059 1054 1136 1080 suo
1170 1043 1344 1093 sumptu
1375 1040 1421 1080 in

77 1097 270 1140 Ciliciam
301 1097 473 1152 cogitat.

164 1155 204 1198 A
224 1155 382 1205 Quinto
414 1156 547 1197 fratre
579 1158 621 1197 et
653 1171 676 1197 a
709 1155 888 1197 Caesare
920 1157 1058 1210 accepi
1091 1172 1124 1197 a.
1146 1156 1182 1198 d.
1203 1169 1305 1198 VIIII
1330 1157 1423 1198 Kal.
1446 1168 1464 1197 5
1486 1167 1587 1199 <XVII
1607 1168 1633 1198 3)

76 1213 184 1257 Nov.
227 1215 393 1256 litteras
442 1215 562 1255 datas
610 1230 634 1256 a
672 1215 873 1256 litoribus
919 1215 1168 1256 Britanniae
1213 1216 1420 1269 proximis

24 1292 57 1316 20
78 1289 110 1314 a.
144 1274 180 1315 d.
213 1285 262 1314 VI
298 1272 392 1314 Kal.
425 1272 594 1314 Octobr.
667 1272 871 1314 Confecta
913 1274 1156 1329 Britannia,
1198 1274 1421 1315 obsidibus

77 1332 277 1386 acceptis⁷
314 1332 433 1373 nulla
464 1332 637 1387 praeda,
676 1332 888 1385 imperata
919 1335 1062 1373 tamen
1098 1333 1277 1386 pecunia
1308 1347 1422 1374 exer-

77 1391 209 1432 citum
241 1405 291 1431 ex
316 1390 539 1431 Britannia
565 1391 852 1443 reportabant.
903 1390 948 1440 Q.
975 1391 1110 1432 Pilius
1135 1394 1226 1432 erat
1257 1392 1343 1432 iam
1369 1392 1422 1432 ad

79 1449 302 1490 Caesarem
333 1450 560 1502 profectus.
611 1449 687 1503 Tu,
719 1450 755 1490 si
788 1452 861 1490 aut
894 1464 1011 1491 amor
1041 1450 1087 1491 in
1117 1452 1160 1490 te
1187 1452 1251 1490 est
1282 1450 1422 1491 nostri

79 1522 126 1548 ac
168 1510 342 1548 tuorum
385 1510 458 1548 aut
497 1507 585 1548 ulla
627 1508 800 1561 veritas⁷
844 1511 918 1548 aut
963 1509 1091 1549 etiam
1135 1509 1172 1549 si
1216 1509 1330 1562 sapis
1374 1523 1422 1549 ac

25 1583 58 1609 25
77 1566 163 1607 frui
195 1566 281 1606 tuis
313 1565 545 1606 commodis
577 1566 752 1621 cogitas,
785 1566 1009 1607 adventare
1039 1570 1081 1608 et
1113 1581 1245 1621 prope
1277 1567 1422 1608 adesse

76 1625 162 1665 iam
193 1625 330 1666 debes.
392 1623 492 1665 Non
523 1625 760 1666 mehercule
792 1639 926 1679 aequo
960 1625 1100 1666 animo
1133 1628 1175 1666 te
1208 1639 1347 1678 care03
1380 1628 1423 1665 te

78 1686 220 1724 autem
251 1683 354 1737 quid
393 1683 567 1737 mirum,
609 1683 682 1737 qui
712 1683 969 1737 Dionysium
1007 1686 1127 1724 tanto
1161 1698 1285 1737 opere
1318 1683 1423 1723 desi-

78 1742 246 1782 derem?
309 1741 441 1789 Quem
474 1741 644 1795 quidem
684 1742 760 1782 abs
801 1744 862 1796 te,
902 1752 1012 1782 cum*
1040 1742 1127 1782 dies
1160 1741 1341 1795 venerit,
1381 1743 1424 1781 et

80 1814 157 1854 ego
191 1803 232 1841 et
265 1798 409 1841 Cicero
441 1815 560 1840 meus
592 1799 817 1854 flagitabit.
866 1799 957 1840 Abs
990 1803 1031 1840 te
1064 1800 1279 1853 proximas
1310 1800 1423 1840 litte-

27 1875 61 1900 30
79 1858 389 1900 rashabebam
419 1858 591 1912 Epheso
625 1874 658 1899 a.
692 1858 728 1899 d.
760 1870 790 1898 V
821 1857 921 1898 Idus
955 1857 1100 1898 Sextil.
1133 1857 1265 1898 datas.

597 1974 700 2015 XIX
733 1973 904 2029 [XVII]

363 2055 436 2090 Ser.
464 2055 601 2090 Romae
627 2066 678 2089 ex.
706 2066 750 2089 m.
777 2055 870 2089 Nov.
899 2066 931 2088 a.
962 2056 1031 2088 700
1058 2056 1147 2097 (54).

483 2136 673 2171 CICERO
698 2135 890 2170 ATTICO
916 2135 1023 2169 SAL.

172 2207 205 2248 O
239 2210 501 2261 exspectatas
533 2208 638 2249 mihi
670 2211 766 2248 tuas
798 2208 983 2248 litteras!
1017 2221 1040 2247 o
1074 2208 1244 2260 gratum
1276 2207 1425 2248 adven—
1453 2219 1471 2249 1

28 2268 192 2309 3513uml
226 2281 249 2307 o
282 2267 564 2307 constantiam
594 2267 794 2320 promissi
827 2269 868 2306 et
899 2266 1026 2306 fidem
1057 2265 1225 2306 miram!
1259 2280 1282 2306 o
1309 2267 1424 2307 navi-
