1665 2553
122 2242 140 2271 1

162 92 249 133 232
587 92 635 128 M.
662 92 802 127 TULLI
828 91 1077 127 CICERONIS

161 202 238 229 nec
273 187 510 229 mehercule
547 189 695 242 istum,
733 191 906 242 propter
948 203 1073 242 quem
1110 188 1216 229 mihi
1253 203 1341 230 non
1372 189 1499 230 modo

162 247 280 301 meis,
310 248 382 287 sed
412 250 568 288 memet
599 248 691 301 ipso
724 247 949 288 carendum
982 249 1055 287 est.

250 305 318 346 Ad
347 305 626 347 Philotimum
665 306 816 359 scripsi
854 305 903 346 de
942 305 1096 346 viatico
1136 305 1224 346 sive
1261 321 1285 346 a
1321 306 1496 348 Moneta

163 361 305 419 (nemo
338 364 449 405 enim
480 363 626 418 solvit)
660 365 748 405 sive
779 364 831 404 ab
865 362 1032 419 Oppiis,
1068 364 1154 405 tuis
1186 365 1499 406 contubernali-

163 421 254 464 bus.
317 421 466 464 Cetera
497 423 693 477 apposita
723 423 804 463 tibi
837 422 1058 463 mandabo.
1537 439 1552 465 5

773 538 890 580 VIII.

370 621 445 656 Ser.
467 621 508 654 in
535 619 735 655 Formiano
767 620 826 655 VI
845 620 894 654 K.
916 620 1027 655 Mart.
1049 631 1082 655 a.
1105 622 1176 655 705
1204 622 1294 664 (49).

588 700 757 736 CICERO
781 701 953 736 ATTICO
981 701 1078 736 SAL.

254 772 288 814 O
320 788 409 814 rem
440 776 607 827 turpem
639 776 680 814 eb
711 788 759 814 ea
783 788 828 814 re
853 774 1068 814 miseram!
1120 772 1188 815 Sic
1214 774 1326 815 enim
1351 775 1502 829 sentio,

165 832 208 872 id
246 833 412 873 demum
450 835 523 872 aut
560 833 703 885 potius
746 832 790 873 id
828 833 966 873 solum
1004 847 1093 873 esse
1124 833 1342 887 miserum,
1388 833 1502 887 quod
1521 850 1556 875 ιο

164 894 290 944 turpe
321 891 387 932 sit.
449 890 627 931 Aluerab
659 889 898 946 Caesarem3
943 891 1119 931 eundem
1150 894 1322 945 repensse
1353 892 1502 933 timere

166 952 374 1004 coepemb,
409 949 697 990 condicionem
727 950 842 1003 pacis
872 950 1035 990 nullam
1066 950 1281 1005 pmbara‘c,
1311 950 1422 991 nihil
1448 951 1501 991 ad

166 1008 326 1048 bellum
362 1011 548 1061 pararab,
590 1008 737 1048 urbem
777 1009 1025 1063 reliquerat,
1063 1007 1265 1049 Picenum
1302 1009 1503 1050 amiserat

167 1067 307 1120 culpa,
343 1067 389 1107 in
426 1066 628 1119 Apuliam
665 1081 709 1107 se
745 1069 1032 1121 compegerat,
1068 1067 1159 1108 ibab
1195 1068 1240 1108 in
1272 1066 1503 1123 Graeciam,

168 1139 313 1166 omnes
355 1139 433 1165 nos
478 1125 865 1178 ἀπροςφωνήτους,
909 1128 1100 1178 expertes
1140 1126 1206 1166 sui
1242 1126 1371 1181 tami,
1413 1129 1502 1167 tam
1521 1142 1556 1168 15

168 1183 363 1224 inusitati
394 1183 559 1223 consilii
591 1183 867 1236 relinquebat.
918 1183 1025 1224 Ecce
1058 1184 1199 1224 subibo
1226 1184 1393 1225 litterae
1418 1184 1502 1225 Do-

168 1242 263 1282 miti
295 1241 347 1282 ad
377 1241 509 1294 illum,
540 1241 674 1294 ipsius
707 1242 758 1281 ad
789 1242 992 1282 consules.
1043 1241 1231 1283 Fulsisse
1262 1243 1367 1283 mihi
1392 1243 1504 1284 vide—

168 1301 294 1341 ba'cur
332 1300 380 1340 τὸ
418 1300 553 1340 καλὸν
584 1300 635 1339 ad
667 1300 810 1341 oculos
844 1300 932 1340 eius
966 1302 1007 1340 e'n
1039 1300 1293 1341 exclamasse
1325 1301 1396 1341 ille
1427 1301 1503 1356 vir,

169 1359 241 1412 qui
274 1373 363 1399 esse
396 1358 558 1398 debuit:

344 1440 481 1494 Πρὸς
511 1438 636 1480 ταῦθ’
672 1439 694 1480 ὅ
726 1456 767 1481 τι
799 1441 895 1494 χρή,
926 1439 997 1481 καὶ
1028 1441 1332 1494 παλαμάσθων
1523 1458 1557 1482 20

493 1496 716 1513 ‚‚‚‚‚

343 1558 390 1598 τὸ
422 1557 504 1612 γὰρ
537 1553 585 1598 εὖ
616 1554 699 1611 μετ’
738 1556 870 1610 ἐμοῦ.

165 1651 225 1691 Ab
250 1651 322 1691 ille
346 1650 427 1691 tibi
451 1651 591 1692 πολλὰ
616 1652 787 1705 χαίρειν
809 1655 869 1706 τῷ
893 1654 1011 1706 καλῷ
1038 1651 1178 1692 dicens
1204 1651 1343 1706 pergil]
1369 1651 1503 1692 Brun-

167 1709 330 1750 disium.
392 1708 629 1750 Domitium
662 1711 804 1750 autem
835 1708 955 1749 aiunl:
985 1724 1029 1750 re
1062 1710 1204 1750 audita
1235 1712 1277 1751 eb
1309 1724 1392 1763 eos,
1430 1710 1503 1764 qui

166 1783 250 1808 una
287 1770 447 1822 essenis,
490 1782 533 1808 se
571 1767 804 1808 tradidisse.
868 1766 901 1807 O
940 1782 1027 1808 rem
1065 1768 1304 1822 lugubrem!
1352 1767 1502 1821 Itaque
1522 1783 1556 1810 25

165 1826 426 1867 intercludor
469 1826 629 1881 dolore,
674 1840 756 1879 quo
801 1826 938 1866 minus
981 1826 1032 1866 ad
1069 1829 1111 1867 te
1151 1827 1272 1880 plura
1311 1826 1501 1868 scribam.

166 1884 278 1925 Tuas
311 1885 476 1925 litteras
509 1887 716 1938 exspecho.

801 1999 872 2041 IX.

385 2080 459 2116 Ser.
481 2081 521 2114 in
548 2080 747 2114 Formiano
779 2081 814 2115 V
834 2081 881 2114 K.
904 2080 1018 2114 DIart.
1040 2091 1072 2114 a.
1097 2082 1167 2114 705
1194 2081 1282 2124 (49).

570 2161 760 2196 CICERO
784 2161 975 2196 ATTICO
1000 2161 1107 2196 SAL.
1521 2169 1556 2194 30

256 2231 499 2285 Epistulam
541 2248 678 2274 meam
722 2233 834 2287 quod
880 2233 1173 2287 pervulgatam
1213 2234 1361 2274 scribis
1399 2248 1501 2289 esse,

166 2303 254 2329 non
286 2290 372 2331 fero
404 2291 598 2347 molesiae,
638 2291 740 2345 quin
772 2291 899 2332 etiam
929 2292 1019 2345 ipse
1051 2291 1196 2331 multis
1229 2292 1322 2332 dedi
1353 2292 1501 2333 descri-
