1689 2572
207 93 292 126 XVI
626 93 902 128 ADNOTATIO
930 93 1115 128 CRITICA

207 186 282 219 Att.
310 198 343 230 p.
372 186 447 229 46),
491 187 683 228 tamquam
725 185 929 220 insiticium
973 185 1137 219 scribunt
1178 185 1319 228 Baiter,
1362 183 1530 219 Wesenb.

207 231 249 266 V.
273 233 320 266 ad
344 244 378 277 p.
403 236 455 266 11.
481 236 534 274 11,
561 236 591 266 8.
616 236 668 266 19.
695 253 740 257 —
767 236 809 266 18
835 232 1066 276 μυροθήκιον
1091 233 1193 266 Boot.
1214 253 1259 257 -—
1278 236 1322 265 24
1346 232 1535 275 rescripsit

207 278 256 322 M,
277 279 380 322 Boot,
402 278 543 322 Tyn-el]
565 289 618 322 ep.
635 282 689 312 27.
734 281 745 323 ΙΙ
793 280 838 313 P.
853 279 917 313 40.
935 282 1069 312 12—29
1089 279 1182 313 Fuit
1200 299 1245 303 —
1264 279 1451 321 offerebam
1468 289 1534 311 un-

209 326 300 360 cinis
333 325 460 359 inelus.
488 325 597 368 Boot,
630 325 773 369 Tyrrell
806 327 916 359 auctt.
945 324 1081 359 Orellio
1108 325 1181 368 (hic
1208 325 1320 359 etiam
1344 337 1375 359 v.
1396 325 1534 368 9—11),

207 372 401 414 Rinkesio,
436 371 564 406 Bakio.
597 392 642 396 —
681 376 724 406 14
754 372 1048 417 [Demosthenes]
1079 371 1246 406 Manutio
1279 373 1372 405 auct.
1399 370 1535 414 Baiter,

207 418 385 464 Pluygers
412 419 544 452 Mnem.
569 422 656 453 1881
683 430 718 463 p.
743 422 819 453 123.
846 440 891 443 —
916 423 958 452 21
986 429 1090 462 quom
1115 417 1183 461 Or.,
1218 430 1327 462 quum·
1351 417 1535 460 Wesenb.,

208 466 311 508 Boot,
338 477 416 500 eum
436 464 589 509 Tyri-eil,
615 476 687 509 qua
711 465 806 509 vulg.
834 467 932 508 vett,
958 464 1094 507 Baiter,
1120 476 1187 508 quo
1206 465 1253 498 M.
1292 465 1415 508 Ipsum
1434 475 1538 508 quom

208 512 247 545 in
273 512 310 545 M
337 512 515 555 scriptum
539 511 725 545 invenitur
747 523 782 556 p.
805 515 930 555 81.10,
957 515 1010 545 82.
1028 514 1082 553 23,
1109 515 1162 545 96.
1178 515 1233 554 37,
1260 515 1313 545 97.
1330 515 1361 554 6,
1389 514 1464 544 101.
1481 514 1536 553 20,

209 563 286 592 261.
310 563 363 601 12,
391 562 467 592 336.
484 563 539 601 21,
566 562 701 592 39611
724 560 761 592 et
780 562 835 601 24,
860 562 938 592 405.
955 562 986 600 5,
1012 560 1090 591 417.
1107 560 1126 590 9
1153 558 1361 602 (quomodo),
1387 560 1536 600 47320,

209 606 302 650 quod
328 609 381 639 95.
405 609 460 647 24,
488 608 578 648 (111.
602 606 670 649 24,)
699 608 774 638 196.
793 609 846 648 10,
873 609 949 638 415.
967 608 1022 647 29,
1043 615 1150 649 quam
1169 607 1290 647 6227,
1311 608 1364 638 97.
1381 607 1400 637 6
1420 605 1538 648 (quom

209 653 350 696 marg),
383 656 460 685 336.
485 655 539 694 25,
573 654 650 688 378.
673 655 727 694 29,
756 655 833 685 387.
856 655 886 693 1,
913 655 991 685 455.
1014 654 1045 693 9,
1071 654 1150 684 475.
1173 654 1214 684 12
1240 651 1468 694 (quamquam
1493 667 1537 678 =

210 700 406 743 quomque),
433 710 532 742 quem
558 701 611 732 56.
638 702 693 740 31,
721 702 797 731 336.
821 702 861 731 21
888 697 945 740 W,
973 701 1050 731 437.
1067 700 1098 740 5,
1124 698 1213 741 quiri
1236 700 1362 738 4215,
1390 701 1466 730 160.
1482 700 1537 739 33,

211 749 287 779 170.
311 749 370 788 11,
403 749 481 778 435.
505 749 558 786 22,
591 747 668 778 442.
693 748 745 787 13,
773 755 840 788 quo
867 748 944 777 233.
967 748 997 787 6,
1025 755 1133 788 quum
1159 742 1196 786 C,
1221 754 1301 777 cum
1324 743 1380 776 Μ1
1406 747 1483 777 262.
1505 747 1536 785 2,

210 793 427 837 (arztqummn
453 795 530 825 272.
552 795 613 833 21,
650 802 715 835 que
740 791 779 824 iri
804 794 882 825 451.
905 795 965 833 21,
999 802 1064 834 que
1090 791 1155 823 aut
1179 790 1273 834 quod
1297 792 1375 823 435.
1397 793 1434 832 3,
1465 801 1539 824 com

209 842 287 872 468.
310 843 352 872 35
380 839 626 882 (committere).
667 836 803 871 Contra
828 848 929 882 quom
956 847 1123 881 praepos.
1145 840 1222 870 396.
1245 840 1300 879 21,
1320 846 1470 880 quorum
1496 853 1537 864 =

209 897 315 920 curae
342 889 418 918 216.
442 888 504 925 25,
541 886 608 918 Ioci
639 895 711 927 qua
741 895 815 918 meo
841 901 884 912 =
911 885 1009 928 loqui
1039 895 1118 918 cum
1148 894 1186 917 eo
1217 886 1295 916 495.
1317 886 1354 925 43
1391 893 1471 917 cum
1495 899 1539 911 =

210 943 317 976 quam
351 935 403 965 54.
426 935 465 974 4,
498 942 577 965 cum
608 948 651 959 =
677 942 778 974 quem
810 934 886 964 268.
909 934 970 973 27,
1003 948 1046 959 =
1078 930 1171 974 quod
1197 933 1274 963 157.
1295 932 1356 972 33,
1387 940 1467 963 cum
1491 930 1541 963 eis

211 996 254 1007 =
280 989 349 1022 (μισ
381 989 432 1012 me
458 989 491 1012 es
518 981 594 1011 186.
617 981 648 1020 3,
682 988 756 1011 eom
781 988 851 1010 auo
876 988 930 1011 res
955 980 1005 1011 est
1030 994 1073 1005 =
1100 986 1168 1020 quo
1192 977 1308 1010 maior
1333 979 1383 1009 est
1407 978 1461 1008 95.
1483 979 1537 1009 34.

210 1025 268 1058 Ad
293 1037 327 1069 p.
351 1028 404 1059 88.
427 1028 482 1067 31,
522 1028 575 1058 95.
597 1027 652 1065 35,
692 1027 768 1056 112.
792 1026 851 1065 163
889 1023 974 1056 fam.
993 1034 1028 1066 p.
1050 1028 1081 1056 4.
1104 1026 1156 1056 19.
1183 1043 1229 1046 —
1260 1025 1305 1055 24
1329 1021 1540 1055 indicarunt

212 1071 302 1105 coni.
318 1071 471 1113 Manut,
498 1070 538 1103 A.
554 1069 611 1103 W.
628 1070 761 1113 Zumpt
786 1080 834 1103 or.
857 1069 900 1102 de
926 1069 996 1113 leg.
1014 1080 1088 1113 agr.
1103 1081 1136 1112 p.
1153 1067 1252 1101 XVII
1267 1078 1333 1110 eX.,
1363 1067 1537 1101 'Eckstein

213 1118 368 1151 ‘Lat-ein.
402 1116 629 1150 Unterricht'
668 1128 703 1159 p.
736 1119 818 1157 158,
863 1115 972 1157 Boot,
1010 1116 1032 1161 †
1054 1116 1268 1149 ircvoearimt
1304 1125 1370 1148 scr.
1401 1114 1536 1157 Baiter,

212 1163 396 1206 Wesenb,
434 1163 544 1205 Boot,
583 1163 815 1206 involyarunt
851 1161 993 1204 Bosius,
1032 1161 1183 1205 Tyrrell.
1222 1182 1266 1186 —
1304 1164 1348 1194 30
1386 1172 1452 1204 quo
1490 1160 1538 1203 M,

211 1209 370 1254 Tyrrell,
403 1210 497 1253 quod
521 1208 617 1253 vulg.
644 1208 801 1242 fortasse
827 1219 929 1251 vere3
967 1219 1053 1242 nam
1072 1219 1145 1242 non
1170 1218 1252 1241 raro
1279 1207 1457 1251 scriptum
1483 1209 1539 1241 est

211 1268 279 1300 quo
304 1267 369 1300 pro
396 1256 489 1299 quod
513 1256 555 1288 ut
579 1267 612 1299 p.
637 1258 712 1288 115.
735 1259 795 1297 26,
832 1259 911 1288 129.
936 1258 989 1297 15,
1027 1259 1102 1288 142.
1126 1258 1162 1297 7,
1194 1257 1271 1287 239.
1294 1257 1348 1296 32,
1384 1257 1460 1287 240.
1484 1257 1538 1295 11,

213 1307 289 1336 255.
312 1306 372 1345 20,
412 1305 488 1335 384.
511 1306 548 1345 2,
587 1305 663 1335 393.
688 1305 748 1344 14,
787 1305 865 1335 477.
896 1305 949 1344 18,
989 1300 1131 1342 Quinet.
1151 1313 1186 1345 p.
1210 1305 1240 1334 2.
1263 1304 1317 1343 11,
1355 1301 1449 1344 quod
1472 1311 1538 1344 pro

213 1360 280 1393 quo
317 1353 347 1382 9.
378 1353 436 1391 16,
478 1352 554 1382 1-70.
581 1352 619 1390 3,
658 1351 734 1381 290.
764 1352 806 1381 18
840 1359 947 1390 corn,
986 1351 1146 1390 30819,
1185 1350 1345 1389 31418,
1384 1350 1538 1389 31813,

212 1400 289 1429 347.
323 1399 366 1428 26
410 1395 503 1438 quod
546 1395 717 1438 quomodo
754 1394 818 1437 W,
856 1398 933 1428 445.
969 1398 1023 1437 21,
1067 1394 1153 1438 quid
1195 1404 1259 1438 pro
1298 1394 1360 1437 qai
1398 1397 1473 1427 191.
1507 1397 1538 1435 2,

211 1446 289 1476 437.
312 1446 375 1485 23,
409 1442 456 1474 ad
480 1441 565 1474 fam.
588 1444 664 1474 205.
688 1445 719 1483 1,
746 1444 822 1474 272.
846 1445 899 1483 13,
925 1440 1023 1474 infra
1050 1443 1125 1475 188.
1148 1444 1202 1483 23,
1230 1443 1306 1473 192.
1328 1443 1383 1483 25,
1409 1443 1486 1473 258.
1507 1443 1537 1474 4.

214 1488 264 1522 Cf.
287 1489 335 1522 ad
358 1500 393 1532 p.
414 1491 468 1521 88.
490 1492 545 1529 31,
571 1490 663 1531 (168.
680 1488 749 1531 28,)
775 1491 851 1520 473.
869 1491 923 1521 24.
944 1508 988 1512 —-
1008 1491 1052 1520 34
1077 1487 1278 1521 discribere
1297 1486 1377 1530 Z(?),
1402 1486 1538 1529 Baiter,

215 1535 315 1577 Boot,
341 1534 494 1578 Tyrrell,
514 1535 621 1568 deser.
636 1534 745 1578 vulg,
765 1533 949 1576 Wesenb.,
968 1534 1117 1568 scribere
1135 1534 1182 1567 M.
1220 1535 1231 1577 Η
1268 1533 1313 1567 P.
1328 1531 1391 1567 41.
1407 1536 1425 1566 7
1444 1534 1538 1567 here-

213 1583 358 1616 ditatem
382 1581 420 1614 M
428 1581 437 1600 ¹
463 1587 506 1626 (v.
528 1584 548 1614 8
574 1582 814 1623 hereditasset3
840 1592 870 1614 V.
894 1580 940 1614 ad
962 1593 995 1624 p.
1018 1585 1071 1614 24.
1094 1582 1139 1624 8),
1165 1580 1353 1613 Lehmann
1374 1578 1536 1619 Quaestt.

212 1641 246 1672 p.
268 1632 312 1661 20
327 1639 396 1671 sq.,
435 1628 652 1662 aedilitatem
676 1627 732 1660 ΜΞ
765 1627 962 1660 admodum
992 1627 1096 1661 nulla
1128 1626 1364 1667 auctoritate,
1402 1625 1537 1666 Baiter,

212 1675 402 1717 Wesenb.,
434 1675 690 1709 heredilzsstatem
726 1673 812 1707 Bosi
843 1673 1034 1717 Tornaes,
1065 1673 1187 1708 Herae
1211 1673 1428 1707 aedilitatem
1452 1671 1537 1705 Bosi

216 1721 445 1764 ‘Decurtat.’,
471 1720 625 1764 Tyrrell,
653 1732 734 1754 cum
760 1730 866 1754 cruce
892 1720 993 1754 Boot.
1016 1741 1060 1745 ——
1082 1723 1216 1754 15—18
1246 1719 1323 1752 ‘Em
1347 1717 1474 1752 Sicilia
1493 1738 1538 1742 —

212 1769 344 1803 debuit'
387 1779 453 1802 scr.
481 1767 709 1811 Sternkopfio
744 1769 891 1801 auctore
923 1766 1098 1800 Fleckeis.
1128 1765 1248 1799 annal.
1277 1767 1366 1798 1897
1396 1775 1430 1808 p.
1458 1767 1536 1805 388,

211 1826 273 1858 ,ex
293 1815 420 1849 Sicilia
441 1835 483 1839 —
504 1815 623 1848 debuit
643 1815 826 1859 (debuerit)
849 1815 913 1847 aut
938 1825 998 1848 :ex
1016 1813 1085 1848 Sic.
1106 1812 1187 1846 edd.
1203 1832 1246 1836 —
1267 1814 1308 1844 16
1329 1814 1411 1844 ante
1423 1811 1538 1845 tribus

211 1861 401 1895 Lehmann
435 1860 654 1894 ‘Jahresbcr.
677 1861 739 1894 des
764 1860 893 1905 philol.
914 1859 1081 1893 Vereins’
1118 1861 1205 1892 1888
1236 1869 1270 1902 p.
1293 1859 1376 1899 257,
1415 1856 1536 1890 Stern-

211 1907 312 1951 kopf.
333 1908 356 1942 l.
376 1908 418 1949 1.,
456 1920 479 1941 α
503 1909 617 1942 tribus
641 1907 690 1951 M,
733 1912 771 1942 at
795 1908 909 1942 tribus
935 1906 1015 1948 alii,
1053 1903 1240 1945 Wesenb,
1277 1902 1386 1944 Boot,
1424 1903 1538 1938 tribus

214 1955 355 1997 Baiter,
387 1954 538 1997 Tyn-ell.
572 1975 617 1979 ——
650 1958 691 1988 17
724 1955 882 1988 introisti
907 1950 1107 1995 Sternkopf
1126 1950 1148 1984 l.
1170 1950 1210 1992 l.,
1243 1949 1406 1983 introisse
1432 1950 1535 1984 codd.

214 2003 251 2034 et
271 2001 351 2034 edd.
373 2022 416 2025 —
437 2001 488 2034 lb.
510 2002 601 2035 idem
621 2000 669 2043 M,
697 1999 904 2044 Sternkopf,
929 2001 1011 2033 item
1030 1997 1110 2031 edd.
1132 1996 1287 2029 fortasse
1307 2005 1399 2029 vere.
1421 2017 1465 2020 —
1484 1996 1534 2030 Ib.

214 2052 262 2082 est
277 2048 392 2090 codd,
414 2047 633 2091 Sternkopfi,
649 2058 718 2082 esse
732 2047 813 2080 edd.
830 2067 874 2071 -
890 2049 932 2079 18
946 2044 1129 2079 debuerit
1149 2041 1272 2083 Orelli,
1287 2041 1422 2084 Baiter,
1438 2042 1535 2077 lVes.

214 2115 259 2118 —
286 2098 328 2127 22
355 2095 480 2139 †qm·n
504 2093 696 2137 Wesenb.,
729 2093 832 2127 Boot.
861 2113 902 2117 —
930 2094 971 2124 25
996 2090 1111 2124 habet
1134 2087 1291 2129 Ernesti,
1317 2088 1458 2131 Baiter,
1492 2089 1535 2123 cf.

216 2141 262 2174 ad
288 2153 321 2184 p.
345 2144 420 2174 115.
443 2144 497 2183 26,
527 2144 602 2175 136.
625 2144 679 2183 34,
709 2143 783 2174 190.
805 2143 859 2181 32,
887 2140 962 2171 223.
986 2140 1016 2177 7,
1042 2135 1126 2168 fam.
1146 2146 1181 2178 p.
1197 2137 1272 2167 102.
1289 2138 1342 2168 22.
1363 2156 1407 2160 -
1428 2139 1470 2169 29
1483 2147 1536 2179 sq.

214 2188 384 2232 [EaJ—,
417 2188 502 2233 [ea]
528 2187 663 2229 Baiter,
691 2185 879 2226 Wesenb.;
918 2194 947 2216 v.
969 2180 1169 2215 Buecheler
1193 2180 1269 2214 Ind.
1291 2180 1373 2215 lect.
1397 2181 1534 2226 Gryph.

214 2233 289 2267 hib.
318 2237 406 2267 1868
438 2246 471 2277 p.
496 2238 554 2275 19,
587 2232 755 2267 Ribbeck
787 2242 873 2265 com.
895 2229 964 2262 inc.
985 2227 1053 2261 ino.
1075 2226 1158 2259 XIX
1188 2227 1250 2261 Ea
1281 2232 1328 2262 est
1357 2229 1534 2271 seditiosa,

214 2291 255 2314 ecc
287 2282 365 2314 clim
395 2282 472 2315 viro
504 2282 631 2315 bellum
661 2280 761 2325 yerit.
788 2298 831 2302 —
858 2279 900 2309 32
925 2284 980 2308 eos
1004 2274 1080 2318 †in
1104 2274 1166 2308 hoc
1190 2285 1258 2308 esse
1284 2274 1424 2318 Baiter,
1457 2274 1535 2308 sine
