1665 2553
192 90 299 125 CLVI
612 89 888 124 ADNOTATIO
915 89 1099 124 CRITICA

192 187 234 217 16
254 183 389 228 quoad
407 183 487 226 fieri
499 182 642 217 Schelle
653 194 687 226 p.
702 185 767 216 185
781 182 934 227 probab.
961 182 1019 216 Ad
1033 194 1067 226 p.
1079 186 1154 216 115.
1165 186 1218 216 26.
1234 202 1279 207 —-
1293 185 1337 216 20
1356 182 1454 216 istoc
1466 181 1516 225 M,

190 231 282 265 istuc
312 230 393 264 edd.
437 229 496 263 Ad
527 229 612 263 fam.
633 242 667 273 p.
689 233 767 263 205.
791 234 843 263 12.
887 231 898 273 Η
940 229 986 263 Ρ.
1007 228 1095 263 547.
1117 233 1137 263 3
1168 230 1260 263 nisi
1284 233 1366 263 ante
1390 229 1437 263 sit
1461 239 1516 263 oc-

190 288 332 311 cursum
355 278 440 321 post.
464 287 513 310 ne
537 287 578 310 se
598 275 723 310 colloc.
738 288 768 310 V.
779 276 812 310 d.
828 275 929 309 Vliet
947 275 1124 310 Fleckeis.
1140 275 1260 309 annal.
1278 279 1366 309 1885
1387 287 1421 320 p.
1436 278 1516 317 376,

189 323 286 357 inter
309 335 353 358 ne
378 325 416 357 elz
440 334 474 357 se
500 325 565 356 aut
591 324 676 356 ante
701 334 745 357 ne
763 334 797 357 se
815 322 1005 356 Lehmann
1025 322 1188 363 Quaestss.
1209 334 1243 366 p.
1260 326 1326 355 135
1339 333 1403 365 sq.,
1430 324 1516 356 ante

190 371 349 414 explores
379 369 482 404 codd.
505 371 542 403 eb
568 369 648 403 edd.
681 390 726 394 -—
751 373 772 403 4
797 370 991 404 insinuent.
1018 369 1163 404 Fortem
1186 369 1338 413 Madvig
1362 368 1517 403 Adv.IlI

188 429 223 461 p.
235 421 313 459 200,
333 427 406 450 non
422 415 576 460 improb.
588 416 727 450 Becher
745 427 834 449 mus.
848 416 1063 450 Rhen.188·2
1084 419 1207 460 p.586,
1228 415 1514 460 improb.Leh1n.

188 476 222 508 p.
238 467 303 497 287
324 463 419 505 fals,
438 464 633 505 insinuent,
650 463 776 506 fortem
795 462 891 506 vulg.
907 483 952 487 —-
972 466 1015 495 14
1035 463 1149 496 animi
1166 464 1250 506 post
1268 463 1517 507 maynitudine

191 510 274 544 add.
293 510 442 552 Victor„
475 509 647 543 Wesenb.
686 530 730 534 ἡ
767 509 818 543 lb.
846 511 994 544 derexit
1018 509 1197 543 scribend.
1219 519 1266 542 an
1290 510 1439 552 defixit?
1471 529 1517 533 —

191 560 233 590 16
255 557 484 601 praeteriti?
518 577 563 581 —
601 560 642 589 17
658 568 709 599 sq.
749 556 844 590 nihil
875 577 919 580 —
950 559 1064 590 eoestat
1090 556 1128 589 in
1153 556 1320 600 parenbh.
1341 555 1514 590 Wesenb.

189 604 248 636 Ad
272 615 307 647 p.
330 607 382 637 16.
405 607 458 636 14.
498 623 542 628 -
580 606 622 636 18
651 602 748 646 Quin
774 602 865 636 coni.
888 602 1011 645 Orelli,
1045 613 1110 636 scr.
1132 602 1268 645 Baiter,
1296 602 1391 646 Quia
1415 602 1514 647 vulg.

189 671 234 674 —
261 654 303 684 27
329 662 359 683 v.
380 649 669 683 Muellemeister
693 661 726 693 p.
749 653 780 692 9,
815 650 902 683 lourz
927 660 990 683 vor
1014 651 1069 683 15.
1083 649 1168 682 Mai
1192 649 1309 683 Ruete
1333 661 1367 693 p.
1384 652 1438 691 14,
1460 652 1515 691 98,

190 697 479 731 wahrscheinlich
515 697 578 730 der
613 699 764 739 spc'itestc
800 696 913 738 Brief
944 707 1090 731 unserer
1127 695 1335 740 Sammluny
1372 695 1516 729 Schelle

189 756 223 787 p.
241 747 317 777 186.
355 745 366 788 ΙΙ
409 743 454 777 Ρ.
470 741 558 777 548.
574 746 595 775 4
614 744 699 786 post
717 743 904 776 inimicum
924 743 1046 786 add.:,
1067 743 1175 787 pueri
1197 742 1386 777 Octaviani
1404 743 1514 776 domi-

188 791 369 824 nationem
393 789 541 824 subeat?
564 790 716 834 Madvig
740 790 888 824 Advers.
916 790 964 823 ΠΙ
988 802 1022 834 p.
1045 793 1123 832 200,
1153 788 1302 822 dubita‘n
1326 788 1516 822 Lehmann

188 849 222 880 p.
245 840 328 879 287,
360 836 513 879 improb.
534 836 673 869 Becher
700 839 788 869 1885
814 848 848 879 p.
871 839 948 870 501.
988 857 1032 861 —
1069 839 1112 870 16
1137 847 1172 870 se
1196 837 1280 879 post
1304 836 1516 870 sustinuisse

190 883 272 916 add.
294 883 473 925 Lambin.,
499 882 633 916 Baiter.
678 883 735 915 Ad
760 886 840 926 p.8.
859 886 910 916 19.
934 904 979 908 —
1004 886 1048 916 20
1063 894 1140 925 sqq.
1168 883 1213 917 Ut
1237 883 1311 917 iam
1329 903 1374 907 —
1392 883 1516 916 timen-

188 931 234 965 tis
258 929 382 964 sunt?
407 929 559 973 Madvig
584 929 735 962 Adsum
759 941 793 973 p.
810 933 876 962 200
892 941 956 972 sq.,
983 929 1086 973 impr.
1108 929 1246 963 Becher
1273 932 1361 963 1885
1386 940 1421 972 p.
1437 932 1514 962 501.

189 997 233 1002 —-
258 980 299 1010 21
326 977 399 1022 [an
423 976 646 1021 Antonium]
670 975 809 1009 Becher
832 987 923 1010 mus.
937 976 1052 1010 Rhen.
1070 979 1157 1009 1882
1179 988 1213 1019 p.
1229 979 1306 1018 585,
1334 975 1411 1009 sine
1432 985 1516 1009 can-

189 1023 291 1057 cellis
322 1023 437 1067 vulg.,
468 1022 610 1063 Baiter,
644 1022 922 1056 dominationem
946 1034 996 1056 an
1020 1023 1202 1056 dominum
1226 1021 1452 1056 Antonium?
1478 1021 1516 1055 in

187 1069 356 1114 parenth.
384 1068 557 1103 W‘esenb.
601 1069 658 1102 Ad
683 1081 718 1112 p.
742 1072 858 1103 1614.
892 1090 936 1094 —
968 1073 1010 1102 24
1026 1080 1078 1112 sq.
1104 1069 1306 1112 triumphus
1330 1073 1362 1103 et
1384 1069 1516 1112 stipen-

189 1117 288 1151 dium
313 1120 345 1150 et
368 1136 413 1140 —
437 1116 621 1157 hortatio,
652 1126 702 1149 ne
726 1116 813 1149 eius
839 1136 883 1140 —
908 1116 1108 1159 susceperit,
1134 1116 1333 1149 consularis
1357 1119 1433 1149 aut
1459 1114 1515 1149 Gi-

188 1163 324 1197 ccronis
348 1161 422 1197 est?
453 1161 603 1205 Madvig
622 1161 777 1195 Adv.111
795 1174 828 1205 p.
845 1165 924 1205 201,
949 1162 1094 1196 decretis
1118 1162 1366 1206 †h0rtationis
1380 1161 1518 1205 pudeat

189 1231 233 1234 —
247 1210 447 1253 susceperit,
460 1209 671 1249 consularis,
684 1212 725 1242 ut
739 1208 918 1242 Ciceronis
937 1213 986 1243 est
1005 1209 1112 1253 vulg,
1127 1208 1262 1250 Baiter,
1282 1208 1440 1252 triumph
1450 1219 1474 1241 u
1482 1219 1517 1242 m

189 1261 220 1291 et
244 1257 323 1299 stip.
344 1256 500 1289 decernit
524 1255 717 1298 (Lambin.)
742 1259 774 1290 et
798 1276 842 1279 —
867 1255 1043 1297 hortatur,
1067 1266 1111 1289 ne
1136 1276 1179 1279 —
1198 1255 1405 1298 susceperit:
1435 1265 1515 1289 con-

188 1303 323 1337 sularis
334 1302 398 1336 hoc
411 1306 474 1336 aut
489 1301 667 1336 Ciceronis
680 1301 754 1335 est?
773 1301 944 1335 Wesenb.
976 1303 987 1346 ΙΙ
1018 1302 1063 1336 P.
1075 1300 1165 1336 549.
1180 1305 1196 1334 1
1211 1302 1325 1336 habet
1342 1300 1514 1335 Wesenb.

188 1349 311 1383 nescio
344 1359 390 1382 an
420 1348 643 1392 imprudens.
682 1369 726 1373 —
771 1352 790 1381 3
821 1349 915 1383 ultro
948 1349 1115 1392 quidem
1141 1348 1284 1382 scrbnd.
1306 1347 1451 1381 videtur
1475 1349 1517 1381 ut

187 1408 222 1440 p.
239 1399 382 1437 555.34,
401 1395 424 1429 i.
441 1405 469 1429 e.
497 1399 533 1429 et
558 1395 698 1439 quidem
721 1395 825 1429 ultro.
846 1416 890 1419 —
917 1398 936 1428 6
957 1406 1114 1430 arcessas
1133 1395 1214 1429 edd.
1247 1394 1303 1427 Ad
1322 1406 1356 1438 p.
1373 1397 1515 1428 32825.

189 1463 232 1467 -
267 1445 286 1475 7
312 1443 484 1476 nimirum
515 1441 646 1484 Stangl
671 1441 802 1474 Philol.
825 1444 913 1476 1887
939 1453 973 1485 p.
995 1445 1080 1483 209,
1111 1442 1199 1475 milii
1224 1441 1271 1484 M,
1299 1441 1398 1483 edd,
1429 1441 1518 1474 mihi

189 1489 280 1523 levia
304 1488 456 1533 Madvig
481 1488 569 1521 Adv.
585 1488 634 1521 Ill
652 1500 686 1532 p.
703 1491 766 1521 201
785 1499 850 1531 ex,
881 1489 969 1522 mihi
992 1489 1081 1522 vilia
1105 1488 1244 1522 Becher
1271 1491 1359 1521 1885
1385 1499 1419 1531 p.
1435 1490 1514 1521 500.

188 1556 231 1560 —-
260 1539 300 1568 11
318 1547 369 1578 sq.
389 1536 422 1569 si
440 1536 630 1579 quiequam
655 1556 699 1559 —
718 1545 788 1569 esse
807 1535 845 1568 in
862 1535 1030 1578 parenth.
1047 1534 1218 1568 Wesenb.
1269 1534 1326 1567 Ad
1345 1546 1378 1577 p.
1397 1537 1449 1568 16.
1461 1538 1515 1568 14.

188 1603 231 1607 —
258 1585 300 1614 21
323 1593 411 1626 quae
431 1583 517 1615 ante
537 1582 578 1616 de
597 1582 771 1626 diqnitate
792 1581 874 1615 add.
890 1581 1068 1624 Lambin.,
1094 1581 1265 1616 VVesenb.
1280 1580 1386 1614 male.
1407 1601 1452 1605 —
1472 1584 1516 1614 24

189 1629 345 1662 alterum
371 1629 433 1672 qui
453 1627 641 1672 del.vulg.,
666 1628 802 1662 Baiter.
823 1649 867 1653 -—
893 1631 936 1661 35
957 1628 1035 1662 sine
1056 1639 1159 1662 cruce
1179 1627 1314 1669 Baiter,
1341 1626 1512 1660 Wesenb.

189 1675 280 1709 coni.
301 1675 467 1709 dominus
494 1676 558 1708 aut
586 1675 754 1709 Octavius
780 1676 844 1708 aut
870 1674 938 1708 del.
983 1677 994 1719 Η
1037 1675 1083 1709 Ρ.
1098 1674 1187 1709 550.
1204 1678 1223 1707 2
1249 1685 1284 1708 36
1307 1674 1392 1717 post
1410 1673 1517 1717 diliyi

187 1721 372 1763 Lambin.,
404 1721 576 1755 Wesenb.
627 1721 685 1755 Ad
715 1733 749 1765 p.
771 1725 866 1755 819.
910 1742 954 1746 —
999 1725 1041 1755 16
1076 1734 1106 1755 v.
1133 1722 1250 1755 Ruete
1281 1732 1315 1764 p.
1339 1724 1380 1753 16
1402 1721 1440 1753 eh
1459 1723 1515 1762 99,

189 1768 328 1802 Gurlibt
352 1767 529 1802 Fleckeis.
552 1778 635 1802 ann.
658 1771 748 1802 1894
773 1780 807 1812 p.
828 1772 893 1802 481
909 1779 985 1811 sqq.
1025 1789 1069 1793 —
1107 1771 1150 1802 28
1176 1772 1208 1802 et
1231 1768 1330 1809 vett„
1356 1766 1515 1809 Ernesti,

187 1826 237 1849 an
268 1815 371 1849 codd.
400 1815 462 1859 (ad
493 1827 526 1858 p.
549 1816 663 1858 248),
698 1826 741 1849 ac
771 1815 912 1858 Baiter,
943 1814 1113 1849 Wesenb.
1159 1814 1217 1847 Ad
1246 1825 1280 1858 p.
1302 1815 1378 1846 385.
1402 1817 1431 1846 1.
1470 1833 1515 1837 —

187 1864 231 1894 34
256 1862 448 1896 noluerint
472 1861 656 1903 Wesenb„
681 1862 874 1896 noluerunt
899 1861 1015 1905 codd,
1041 1861 1137 1905 vulg.
1182 1860 1241 1894 Ad
1264 1871 1298 1903 p.
1315 1863 1392 1894 268.
1409 1862 1464 1893 21.
1502 1860 1514 1905 Η

234 1908 279 1942 Ρ.
301 1908 390 1942 551.
413 1912 454 1941 12
471 1919 522 1951 sq.
550 1908 734 1953 de<bitum
769 1919 843 1942 non
877 1908 1058 1953 de>pendi
1091 1919 1174 1950 scr.,
1209 1906 1361 1950 dependi
1398 1905 1515 1949 codd,

186 1954 277 1988 nisi
301 1955 332 1988 is
357 1955 509 1998 dependi
532 1954 642 1997 Iena,
674 1954 832 1997 Ernesti,
864 1954 972 1999 vulg,
999 1954 1097 1997 quod
1122 1955 1221 1988 recte
1245 1952 1352 1986 reicit
1376 1951 1517 1986 Becher

186 2011 276 2033 mus.
297 2001 411 2035 Rhen.
434 2005 522 2035 1882
549 2013 583 2045 p.
606 2004 672 2034 593
688 2012 751 2044 sq.,
777 2012 850 2034 non
874 2003 973 2034 recte
999 2000 1175 2043 defendit,
1202 1999 1320 2041 credO,
1345 1999 1378 2033 si
1401 2000 1433 2033 is
1457 2000 1515 2033 de-

185 2047 304 2090 pendi.
326 2068 369 2072 —-
397 2051 439 2081 14
464 2049 487 2093 †
502 2047 585 2081 add.
606 2047 763 2081 Etiamsi
789 2046 913 2081 Cicero
935 2047 1073 2081 diceret
1092 2051 1129 2081 et
1146 2048 1240 2080 hunc
1261 2045 1389 2079 eodem
1407 2045 1516 2079 modo

188 2103 258 2135 quo
284 2094 378 2128 hunc
404 2106 547 2138 quoque,
573 2094 708 2137 nescio,
735 2104 843 2137 quem
867 2095 1015 2137 praeter
1038 2094 1132 2127 hunc
1157 2092 1392 2136 significaret.
1430 2092 1515 2125 For-

186 2140 286 2172 tasse
319 2140 498 2174 scribend.
526 2151 598 2186 eqo
629 2162 673 2165 —
704 2141 825 2175 multis
854 2140 1149 2185 repugnantibus.
1187 2160 1232 2164 ——
1271 2143 1312 2172 15
1344 2139 1517 2184 †indoles

186 2184 359 2219 Wesenb.
376 2187 466 2220 coni.
482 2198 552 2221 esse
576 2189 617 2221 in
641 2198 678 2221 eo
705 2188 797 2222 bona
815 2187 951 2221 indoles
972 2188 1036 2220 aut
1054 2187 1095 2220 in
1113 2196 1150 2220 eo
1171 2187 1262 2220 bona
1282 2196 1351 2220 esse
1369 2185 1516 2228 indoles,

186 2234 285 2265 recte
316 2232 409 2265 nihil
442 2233 655 2267 desiderant
679 2234 817 2267 Becher
841 2245 875 2276 p.
892 2236 976 2275 587,
1008 2233 1131 2266 Lehm.
1148 2231 1312 2273 Quaestt.
1332 2235 1443 2276 p.104
1470 2230 1514 2265 cf.

185 2290 220 2322 p.
243 2281 319 2312 315.
343 2282 403 2321 16,
442 2279 573 2313 Purser
605 2280 794 2314 Her-math.
815 2279 864 2313 IX
891 2282 980 2313 1896
1011 2291 1045 2323 p.
1067 2283 1110 2313 93
1144 2279 1249 2313 addit
1280 2278 1398 2312 Plane.
1420 2277 1513 2311 Rud.
