1665 2553
157 2202 173 2231 1

201 108 285 148 132
623 106 671 141 Μ.
695 106 835 140 TULLI
860 105 1111 140 CICERONIS

200 203 236 243 si
276 203 378 257 quid
415 202 514 257 erit,
553 202 666 256 quod
698 202 884 243 odorere.
944 199 1147 242 Nondum
1179 202 1291 243 enim
1324 202 1427 243 satis
1459 201 1542 244 huc

200 264 289 302 erat
327 261 521 315 allatum,
561 275 644 314 quo
683 261 807 301 modo
841 258 996 301 Caesar
1033 260 1163 301 ferret
1201 261 1251 301 de
1288 261 1541 302 auctoritate

198 320 452 374 perscripta,
490 322 663 373 eratque
694 333 840 359 rumor
872 318 921 359 de
953 318 1264 372 Transpadanis
1297 334 1368 360 eos
1401 320 1541 361 iussos

199 390 269 419 1111
294 379 408 419 viros
435 392 585 419 creare.
637 377 757 425 Quod
784 377 820 418 si
845 377 907 418 ita
932 379 1009 432 est,
1027 391 1204 432 magnos
1229 380 1372 419 motus
1398 378 1540 420 timeo.

200 435 282 478 Sed
315 437 475 491 aliquid
508 451 558 477 ex
589 435 792 490 Pompeio
827 436 967 477 sciam.
1578 455 1595 480 5

831 551 906 594 ΙΙΙ.

411 628 486 663 Ser.
512 628 553 662 in
580 628 784 662 Trebulano
816 627 852 661 V
871 627 928 662 Id.
957 627 1051 662 Mai.
1079 639 1112 662 a.
1141 630 1211 663 703
1239 630 1328 672 (51).

625 697 794 732 CICERO
821 697 994 732 ATTICO
1023 697 1120 732 SAL.

288 763 338 805 A.
366 764 401 804 d.
428 775 476 804 VI
507 763 607 804 Idus
639 764 774 805 Maias
813 764 908 804 veni
946 764 991 804 in
1022 763 1310 805 Trebulanum
1348 764 1398 805 ad
1434 764 1542 806 Pon-

200 823 319 863 tium.
371 821 438 863 Ibi
469 822 576 863 mihi
608 825 705 863 tuae
730 823 898 864 litterae
924 822 1049 863 binae
1074 823 1260 863 redditae
1287 826 1386 864 sunt
1411 824 1540 864 tertio
1562 845 1595 868 10

202 881 277 922 abs
310 884 352 922 te
384 881 459 921 die.
515 881 678 922 Eodem
710 884 852 922 autem
884 882 1026 922 exiens
1058 896 1079 922 e
1110 880 1367 935 Pompeiano
1398 881 1540 923 Philo-

201 940 307 981 timo
340 939 533 980 dederam
566 940 619 980 ad
649 943 692 981 te
722 940 906 995 litteras3
938 955 1014 981 nec
1045 955 1144 981 vero
1176 954 1288 981 nunc
1314 942 1403 981 erat
1430 955 1541 994 sane,

203 998 315 1052 quod
354 998 591 1040 scriberem.
655 998 736 1047 Qui
773 999 822 1039 de
862 1013 907 1039 re
945 999 1114 1052 publica
1145 1013 1356 1055 rumores,
1394 999 1542 1052 scribe,

203 1072 377 1111 quaeso3
408 1057 452 1097 in
485 1058 652 1111 oppidis
685 1057 797 1098 enim
830 1072 1041 1098 summum
1073 1057 1192 1098 video
1225 1058 1434 1113 timorem,
1469 1058 1542 1099 sed

202 1116 338 1156 multa
378 1116 532 1158 inania.
601 1115 710 1164 Quid
749 1116 797 1156 de
833 1115 901 1156 his
941 1117 1101 1170 cogites
1135 1119 1177 1156 et
1211 1116 1397 1171 quando,
1435 1117 1540 1157 scire
1562 1137 1594 1163 15

206 1174 339 1214 velim.
408 1173 475 1214 Ad
519 1189 623 1228 quas
667 1175 832 1215 litteras
877 1174 959 1215 tibi
1000 1174 1175 1214 rescribi
1220 1175 1343 1229 velis,
1386 1175 1539 1216 nescio.

202 1231 355 1273 Nullas
382 1232 493 1272 enim
521 1233 655 1273 adhuc
681 1247 933 1288 acceperam,
958 1229 1125 1286 praeter
1153 1247 1259 1285 quae
1285 1233 1391 1273 mihi
1416 1233 1541 1274 binae

204 1291 332 1331 simul
361 1291 406 1331 in
427 1290 666 1332 Trebulano
692 1291 877 1332 redditae
904 1293 1020 1345 sunt3
1054 1305 1232 1345 quarum
1258 1291 1414 1332 alterae
1434 1291 1541 1333 edic-

202 1352 295 1390 tum
320 1348 363 1390 P.
384 1348 555 1390 Lentuli
579 1349 794 1390 habebant
820 1348 959 1404 (erant
986 1351 1127 1390 autem
1153 1347 1291 1390 Nonis
1318 1349 1444 1390 Maiis
1472 1350 1540 1390 da-

203 1407 309 1463 tae),
347 1407 503 1448 alterae
532 1408 761 1462 rescriptae
793 1408 845 1449 ad
875 1422 988 1448 meas
1020 1407 1355 1449 Menturnenses.
1407 1407 1541 1457 Quam
1560 1431 1594 1456 20

203 1481 362 1521 vereor>
391 1480 444 1506 ne
477 1466 579 1520 quid
609 1467 737 1507 fuerit
769 1468 1115 1521 σπουδαιότερον
1146 1466 1191 1507 in
1221 1466 1287 1521 iis,
1320 1481 1423 1520 quas
1454 1482 1542 1508 non

203 1525 353 1579 accepi,
386 1525 540 1578 quibus
573 1525 748 1566 rescribi
780 1525 861 1566 vis!
905 1525 1034 1577 Apud
1057 1524 1287 1566 Lentulum
1318 1540 1474 1579 ponam
1498 1528 1541 1567 te

202 1584 248 1624 in
278 1584 426 1638 gratia.

291 1641 524 1696 Dionysius
560 1642 685 1683 nobis
725 1643 841 1683 cordi
879 1645 951 1683 est.
1014 1641 1202 1683 Nicanor
1233 1645 1333 1683 tuus
1367 1657 1539 1696 operam

202 1700 308 1741 mihi
334 1701 405 1741 dat
431 1701 657 1755 egregiam.
706 1699 797 1741 Iam
824 1701 952 1755 deest,
985 1701 1098 1754 quod
1124 1701 1316 1755 scribam,
1348 1703 1390 1741 et
1414 1701 1536 1742 lucet.
1558 1722 1591 1748 25

202 1758 431 1800 Beneventi
459 1760 699 1813 cogitabam
723 1759 859 1800 hodie.
909 1758 1070 1800 Nostra
1096 1759 1355 1800 continentia
1381 1761 1423 1800 et
1448 1759 1539 1800 dili-

202 1818 345 1871 gentia
377 1818 683 1859 existimationi
714 1819 915 1859 faciemus
949 1818 1064 1859 satis.
1120 1817 1332 1858 APontio
1366 1832 1415 1858 ex
1441 1818 1539 1859 Tre-

202 1876 359 1917 bulano
392 1891 425 1917 a.
453 1876 489 1917 d.
515 1888 545 1917 V
576 1876 675 1917 Idus
707 1876 853 1917 Maias.

833 1981 905 2022 IV.

446 2056 519 2091 Ser.
547 2056 744 2091 Beneventi
768 2057 833 2090 IV
852 2056 909 2090 Id.
932 2055 1026 2089 Mai.
1049 2066 1081 2089 a.
1104 2056 1174 2089 703
1202 2056 1290 2098 (51).
1556 2068 1591 2093 30

625 2124 791 2160 CICERO
819 2124 990 2159 ATTICO
1019 2123 1115 2158 SAL.

290 2191 578 2233 Beneventum
613 2191 709 2233 veni
747 2207 780 2232 a.
813 2191 849 2232 d.
882 2203 913 2232 V
949 2189 1048 2231 Idus
1086 2190 1231 2231 Maias.
1292 2189 1359 2231 Ibi
1397 2191 1536 2244 accepi

203 2263 271 2289 eas
303 2250 480 2305 litteras,
514 2264 617 2304 quas
650 2253 698 2291 tu
725 2249 1015 2304 superioribus
1040 2249 1196 2289 litteris
1223 2249 1535 2303 significaveras

202 2309 243 2347 te
276 2307 450 2363 dedisse,
483 2309 533 2349 ad
564 2323 667 2362 quas
694 2322 771 2363 ego
799 2322 846 2349 eo
873 2308 966 2362 ipso
994 2307 1059 2348 die
1086 2307 1278 2348 dederam
1304 2322 1353 2348 ex
1379 2307 1536 2348 Trebu-
