1665 2553
168 2117 187 2147 ΕΤ(

215 75 301 116 544
639 75 686 110 Μ.
714 75 856 110 TULLI
881 75 1129 111 CICERONIS

216 171 297 211 dici
330 171 499 224 quidem
532 170 691 212 alienae
723 171 1044 227 dominationis,
1079 186 1166 213 non
1197 172 1373 228 vicario,
1410 174 1552 228 ecquis

216 230 445 284 supplicat,
481 232 529 270 ut
562 230 721 283 optime
752 230 916 270 meritis
949 231 999 271 de
1030 245 1074 271 re
1106 231 1275 284 publica
1306 232 1430 273 liceat
1463 247 1552 274 esse

216 288 373 329 salvis?
405 287 494 329 Ista
520 303 618 329 vero
645 289 916 329 imbecillitas
943 292 984 329 et
1010 289 1261 345 desperatio,
1287 291 1404 331 cuius
1430 291 1553 345 culpa

215 362 302 388 non
341 348 478 401 magis
515 347 561 387 in
600 349 642 387 te
680 347 834 388 residet
873 362 999 401 quam
1036 348 1081 388 in
1119 348 1315 390 omnibus
1356 349 1468 404 aliis,
1511 353 1553 391 et

217 404 439 447 Caesarem
488 406 533 446 in
581 406 856 459 cupiditatem
899 407 1020 461 regni
1063 407 1233 460 impulit
1278 410 1319 448 et
1361 406 1551 449 Antonio
1589 426 1605 451 5

215 467 314 518 post
346 465 569 505 interitum
600 465 716 506 illius
748 465 971 520 persuasit,
1001 468 1049 506 ut
1080 466 1293 507 interfecti
1323 466 1463 507 locum
1489 481 1554 507 oc-

215 538 368 577 cupare
401 526 636 578 conaretur,
667 526 709 564 et
740 538 851 565 nunc
876 539 1052 577 puerum
1079 525 1210 565 istum
1237 525 1403 580 extulit,
1433 528 1481 566 ut
1506 528 1554 566 tu

215 582 421 623 iudicares
466 582 660 635 precibus
703 597 792 623 esse
830 583 1140 636 impetrandam
1178 583 1358 624 salutem
1394 583 1553 625 talibus

216 640 319 681 viris
364 641 736 695 misericordiaque
780 642 905 682 unius
949 641 1021 682 vix
1059 642 1187 682 etiam
1223 656 1334 682 1111116
1371 642 1453 683 viri
1490 645 1554 683 tu-

216 702 283 739 tos
315 700 405 740 fore
436 714 529 754 nos,
561 699 673 740 haud
706 700 792 740 ulla
824 700 906 741 alia
937 715 991 741 re.
1044 700 1203 749 Quodsi
1228 700 1444 742 Romanos
1474 715 1553 742 nos
1574 719 1607 744 ιο
1663 718 1665 723 ’

216 772 306 799 esse
344 759 703 813 meminissemus,
740 773 827 799 non
867 759 1065 800 audacius
1115 759 1323 800 dominari
1354 762 1554 814 cuperent
1664 769 1665 776 ¹

215 817 421 870 postremi
441 817 647 873 homines,
661 832 788 871 quam
809 818 851 858 id
870 832 948 859 nos
969 818 1302 874 prohiberemus,
1314 833 1450 872 neque
1469 833 1555 859 ma-

215 876 280 930 gis
318 876 512 917 irritatus
552 879 662 917 esset
694 876 908 917 Antonius
946 891 1077 931 regno
1110 876 1302 918 Caesaris
1340 892 1466 931 quam
1499 877 1552 918 ob

216 935 402 975 eiusdem
433 938 613 976 mortem
646 935 884 976 deterritus.
941 935 1005 976 Tu
1036 935 1217 991 quidem,
1247 936 1480 977 consularis
1513 938 1554 977 et

215 996 433 1034 tantorum
466 994 669 1035 scelerum
701 995 866 1049 vindex,
898 994 1053 1048 quibus
1087 995 1298 1048 oppressis
1330 1009 1477 1035 vereor
1501 1009 1553 1035 ne
1574 1011 1605 1036 15

215 1052 260 1092 in
291 1052 416 1093 breve
447 1055 614 1106 tempus
648 1053 777 1093 dilata
810 1053 865 1093 sit
898 1054 972 1094 abs
1005 1056 1048 1094 te
1078 1053 1295 1107 pernicies,
1327 1053 1401 1107 qui
1431 1055 1553 1107 potes

215 1111 390 1165 intueri,
431 1126 537 1165 quae
576 1112 775 1166 gesseris,
814 1112 942 1152 simul
981 1114 1022 1152 et
1059 1112 1143 1153 ista
1179 1112 1247 1153 vel
1277 1112 1457 1166 probare
1488 1111 1554 1152 vel

215 1170 275 1209 ita
316 1170 495 1210 demisse
540 1185 586 1210 ac
626 1171 749 1211 facile
786 1171 893 1225 pati,
934 1173 981 1211 ut
1013 1171 1235 1224 probantis
1268 1171 1448 1224 speciem
1478 1170 1553 1211 ha-

217 1228 345 1268 beas?
391 1228 511 1276 Quod
543 1231 683 1269 autem
710 1229 790 1269 tibi
817 1244 910 1269 cum
936 1228 1126 1270 Antonio
1152 1229 1353 1282 privatim
1381 1229 1552 1269 odium?

215 1285 377 1340 Nempe
411 1287 510 1340 quia
541 1287 787 1340 postulabat
818 1287 932 1341 haec,
964 1288 1143 1328 salutem
1176 1287 1228 1327 ab
1263 1302 1305 1327 se
1331 1287 1431 1341 peti,
1462 1301 1553 1340 pre—
1573 1304 1606 1329 20

216 1345 371 1385 cariam
401 1360 479 1386 nos
512 1345 848 1386 incolumitatem
879 1346 1044 1401 habere,
1077 1361 1100 1386 a
1126 1345 1280 1399 quibus
1313 1346 1402 1399 ipse
1428 1346 1552 1386 liber-

215 1406 348 1444 tatem
387 1404 634 1459 accepisset,
672 1419 762 1446 esse
804 1404 1028 1445 arbitrium
1062 1419 1185 1445 suum
1216 1405 1264 1444 de
1296 1419 1340 1444 re
1373 1404 1553 1458 publica,

217 1463 454 1516 quaerenda
494 1477 584 1503 esse
622 1478 737 1504 arma
768 1463 949 1517 putasti,
986 1463 1140 1516 quibus
1173 1463 1381 1504 dominari
1412 1463 1553 1516 prohi-

216 1521 405 1576 beretur,
444 1522 603 1563 scilicet
640 1525 688 1563 ut
726 1522 800 1562 illo
833 1522 1051 1575 prohibito
1083 1536 1327 1576 rogaremus
1361 1521 1554 1576 alterum,

219 1580 292 1633 qui
325 1594 368 1621 se
400 1580 444 1620 in
476 1581 564 1621 eius
597 1581 736 1621 locum
763 1581 910 1634 reponi
936 1583 1164 1634 pateretur,
1197 1595 1251 1621 an
1276 1583 1323 1621 ut
1350 1582 1460 1620 esset
1487 1580 1552 1621 sui
1573 1597 1605 1622 25

215 1639 319 1679 iuris
357 1653 403 1679 ac
440 1639 639 1692 mancipii
676 1654 741 1680 res
774 1639 972 1692 publica?
1015 1639 1099 1680 nisi
1130 1640 1240 1679 forte
1271 1653 1358 1679 non
1390 1639 1439 1679 de
1472 1653 1553 1679 ser-

215 1697 370 1750 vitute,
415 1698 486 1738 sed
530 1698 578 1739 de
617 1698 860 1738 condicione
899 1698 1106 1738 serviendi
1146 1700 1385 1738 recusatum
1424 1699 1488 1737 est
1529 1711 1553 1737 a

214 1755 350 1796 nobis.
413 1756 548 1810 Atqui
584 1771 671 1797 non
703 1757 839 1797 solum
871 1757 984 1797 bono
1018 1756 1186 1797 domino
1220 1756 1437 1809 potuimus
1468 1754 1552 1795 An-

214 1814 334 1855 tonio
367 1815 549 1855 tolerare
579 1818 770 1856 nostram
802 1815 1035 1869 fortunam,
1075 1815 1143 1856 sed
1177 1815 1305 1855 etiam
1336 1813 1551 1854 beneficiis

215 1875 341 1926 atque
378 1873 613 1914 honoribus
652 1877 700 1914 ut
737 1874 964 1927 participes
996 1873 1098 1927 frui,
1136 1873 1305 1927 quantis
1337 1872 1550 1914 vellemus.
1571 1889 1605 1914 30

216 1930 325 1979 Quid
357 1932 468 1972 enim
498 1935 673 1987 negaret
704 1933 770 1987 iis,
802 1946 982 1986 quorum
1008 1932 1258 1985 patientiam
1283 1931 1443 1972 videret
1467 1945 1553 1971 ma-

214 1990 376 2030 ximum
414 1991 715 2031 dominationis
749 2005 847 2031 suae
878 1990 1134 2044 praesidium
1165 1990 1283 2030 esse?
1335 1989 1415 2031 Sed
1444 1988 1554 2030 nihil

215 2049 325 2088 tanti
351 2049 444 2101 fuit,
466 2063 548 2102 quo
569 2050 842 2091 venderemus
868 2049 993 2089 fidem
1018 2051 1211 2089 nostram
1231 2051 1273 2089 et
1298 2047 1550 2088 libertatem.

304 2107 385 2147 Hic
416 2108 507 2161 ipse
539 2123 654 2161 puer,
687 2123 811 2161 quem
843 2106 1035 2148 Caesaris
1060 2121 1215 2148 nomen
1239 2106 1415 2147 incitare
1441 2106 1552 2146 vide-

215 2167 285 2205 tur
323 2166 367 2205 in
399 2164 590 2207 Caesaris
632 2167 947 2221 interfectores,
990 2166 1138 2219 quanti
1170 2165 1381 2219 aestimet,
1426 2164 1463 2204 si
1495 2163 1551 2204 sit
1571 2179 1604 2205 35

215 2224 463 2265 commercio
490 2225 620 2279 locus,
651 2239 774 2278 posse
800 2225 923 2265 nobis
950 2224 1193 2264 auctoribus
1220 2226 1398 2277 tantum,
1424 2236 1552 2276 quan-

214 2284 306 2322 tum
338 2283 528 2336 profecto
561 2284 738 2337 poterit,
779 2283 979 2337 quoniam
1010 2283 1149 2324 vivere
1181 2285 1221 2323 et
1253 2281 1450 2336 pecunias
1481 2281 1552 2321 ha-
