1665 2553
374 136 719 183 ,EPISTULARUM
741 137 805 171 AD
832 137 1034 171 BRUTUM
1059 137 1074 171 1
1101 141 1248 172 1-2—14.
1397 138 1480 179 537

145 233 402 274 cessitudine
428 233 605 288 privata,
631 232 761 273 debeo
788 232 1026 287 impetrare.
1066 232 1174 281 Quid
1200 233 1257 273 sis
1283 233 1487 290 facturus,

144 292 273 333 velim
306 292 411 333 mihi
443 307 570 346 quam
602 292 785 346 primum
812 291 1030 333 rescribas.
1081 291 1173 333 Kal.
1201 291 1485 340 Quinctilibus

145 365 194 392 ex
227 351 388 392 castris.

755 467 867 510 XIV.

109 556 125 581 5
421 548 496 584 Ser.
517 549 653 583 Romae
684 549 719 582 V
739 549 796 583 Id.
822 548 944 594 Quint.
966 561 998 583 a.
1022 552 1089 583 711
1119 551 1208 593 (43).

575 630 743 665 ClCERO
770 630 930 665 BRUTO
958 631 1055 666 SAL.

235 704 391 745 Breves
422 703 591 744 litterae
622 706 720 744 tuae
753 728 808 732 —
840 703 989 744 breves
1023 703 1133 757 (lico,
1172 703 1301 744 immo
1332 703 1484 744 nullae.

147 763 355 803 Tribusne
405 762 624 803 versiculis
667 762 735 802 his
778 762 1044 816 temporibus
1090 762 1249 803 Brutus
1294 762 1345 803 ad
1388 762 1484 802 me?

147 820 269 862 Nihil
300 821 540 875 scripsisses
572 821 727 875 potius.
777 820 836 861 Et
868 821 1049 875 requiris
1080 822 1212 862 meas!
1263 820 1365 869 Quis
1396 836 1486 861 um-

93 897 127 922 10
148 895 274 934 quam
307 880 358 920 ad
388 882 431 921 te
462 882 635 921 tuorum
669 880 758 920 sine
783 880 888 920 meis
914 880 1058 920 venit?
1103 894 1208 934 quae
1235 882 1375 920 autem
1402 880 1486 933 epi-

147 939 259 980 stula
290 953 376 979 non
407 939 573 992 pondus
605 938 786 979 habuit?
836 938 950 987 Quae
983 939 1019 979 si
1045 938 1097 979 ad
1121 941 1163 979 te
1188 938 1374 992 perlatae
1399 953 1487 979 non

148 1001 258 1052 sunt,
290 1012 342 1039 ne
368 997 619 1038 domesticas
646 997 815 1051 quidem
841 1000 935 1038 tuas
961 997 1146 1051 perlatas
1173 997 1367 1038 arbitror.
1419 996 1485 1038 Ci—
1528 1037 1535 1041 ,

148 1056 288 1097 ceroni
321 1056 470 1096 scribis
502 1059 544 1097 te
574 1056 812 1111 longiorem
843 1056 1040 1096 daturum
1067 1055 1303 1110 epistulam.
1354 1055 1486 1096 Recte

147 1115 190 1156 id
222 1115 402 1169 quidem,
435 1115 506 1155 sed
535 1115 639 1155 haec
671 1129 838 1168 quoque
871 1115 1017 1155 debuit
1049 1129 1139 1165 esse
1164 1114 1339 1168 plenior.
1389 1114 1483 1169 Ego

95 1191 127 1216 15
148 1176 307 1229 autem,
348 1187 443 1214 cum
481 1173 531 1214 ad
562 1188 628 1214 me
660 1173 708 1214 de
741 1172 955 1214 Ciceronis
988 1174 1062 1214 abs
1094 1176 1136 1214 te
1168 1173 1355 1214 discessu
1388 1173 1485 1214 scri-

147 1233 318 1287 psisses,
359 1232 505 1273 statim
538 1232 698 1272 extrusi
730 1232 975 1273 tabellarios
1006 1233 1257 1286 litterasque
1289 1232 1341 1273 ad
1373 1231 1486 1273 Cice-

146 1306 311 1346 ronem,
352 1293 419 1346 ut,
457 1291 622 1331 etiamsi
654 1291 699 1331 in
728 1290 896 1331 ltaliam
927 1291 1125 1345 venisset,
1157 1291 1209 1332 ad
1238 1293 1281 1332 te
1314 1291 1486 1345 rediret3

147 1350 255 1391 nihil
287 1349 395 1391 enim
428 1349 535 1390 mihi
560 1350 796 1403 iucundius,
828 1349 937 1390 nihil
963 1350 1026 1390 illi
1050 1349 1284 1391 honestius
1336 1349 1487 1398 Quam-

149 1423 276 1462 quam
326 1408 580 1462 aliquotiens
632 1409 669 1449 ei
713 1409 964 1462 scripseram
1007 1409 1271 1449 sacerdotum
1314 1409 1488 1449 comitia

96 1485 129 1509 ρο
149 1482 242 1508 mea
287 1482 451 1508 summa
497 1467 766 1508 contentione
802 1467 847 1507 in
885 1468 1065 1508 alterum
1104 1482 1260 1508 annum
1299 1482 1387 1508 esse
1425 1482 1487 1508 re-

148 1526 267 1566 iecta.
330 1525 451 1574 Quod
492 1539 569 1580 ego
608 1540 702 1566 cum
743 1524 957 1566 Ciceronis
990 1540 1115 1566 causa
1146 1526 1363 1566 elaboravi
1394 1529 1487 1566 tum

149 1584 325 1639 Domiti,
352 1583 539 1637 Catonis7
565 1583 747 1638 Lentuli,
771 1583 1042 1639 Bibulorum3
1074 1585 1187 1638 quod
1214 1585 1266 1624 ad
1291 1587 1332 1625 te
1359 1584 1487 1625 etiam

150 1644 409 1697 scripseram.
474 1642 554 1683 Sed
585 1642 792 1697 videlicet,
824 1657 918 1683 cum
949 1643 1067 1683 illam
1098 1643 1299 1697 pusillam
1332 1643 1488 1696 epistu-

149 1702 235 1742 lam
271 1704 389 1742 tuam
428 1701 479 1742 ad
515 1716 582 1742 me
615 1701 762 1756 dabas,
800 1702 988 1742 nondum
1019 1704 1108 1742 erat
1140 1702 1221 1742 tibi
1252 1701 1295 1742 id
1326 1705 1486 1742 notum.

97 1777 130 1803 25
151 1760 287 1809 Quare
320 1760 434 1801 omni
467 1760 607 1801 studio
640 1775 663 1800 a
695 1763 748 1814 te,
780 1760 839 1800 mi
871 1759 1015 1814 Brute,
1047 1760 1268 1814 contendo,
1299 1763 1347 1800 ut
1374 1759 1486 1801 Cice-

148 1834 296 1860 ronem
343 1834 485 1859 meum
533 1833 585 1859 ne
629 1819 819 1859 dimittas
863 1821 1086 1872 tecumque
1130 1819 1324 1873 deducas3
1375 1819 1487 1872 quod

150 1878 303 1931 ipsum,
334 1878 371 1918 si
396 1892 485 1918 rem
510 1877 734 1932 publicam,
766 1877 833 1918 cui
859 1880 1079 1930 susceptus
1105 1891 1160 1931 es,
1185 1877 1374 1930 respicis,
1406 1877 1487 1918 tibi

150 1936 236 1977 iam
266 1937 434 1990 iamque
464 1936 701 1977 faciendum
734 1939 807 1977 est.
859 1935 1070 1976 Renatum
1100 1936 1212 1976 enim
1237 1935 1397 1976 bellum
1424 1939 1487 1977 est

151 1995 278 2048 idque
319 2009 407 2036 non
449 2010 626 2048 parvum
670 1995 823 2036 scelere
861 1994 1018 2048 Lepidi.
1081 1994 1307 2035 Exercitus
1345 1997 1487 2036 autem

99 2070 132 2094 30
153 2052 361 2107 Caesaris,
400 2054 473 2107 qui
511 2056 600 2094 erat
637 2054 843 2108 optimus,
880 2068 967 2094 non
1005 2053 1130 2094 modo
1162 2053 1271 2093 nihil
1301 2053 1487 2108 prodest,

153 2111 225 2152 sed
256 2112 383 2152 etiam
414 2112 529 2166 cogit
562 2113 790 2153 exercitum
822 2115 945 2152 tuum
975 2111 1172 2165 flagitari.
1224 2110 1305 2160 Qui
1337 2112 1374 2152 si
1404 2111 1487 2153 Ita-

151 2169 253 2210 liam
290 2171 501 2226 attigerit,
541 2170 622 2210 erit
663 2171 766 2211 civis
804 2185 946 2225 nemo,
984 2184 1110 2223 quem
1152 2170 1321 2224 quidem
1353 2170 1487 2211 civem

153 2228 356 2281 appellari
392 2229 456 2269 fas
495 2229 568 2283 sit,
606 2229 679 2282 qui
717 2244 760 2270 se
797 2244 883 2270 non
921 2229 965 2268 in
1002 2231 1077 2269 tua
1111 2231 1248 2269 castra
1287 2229 1485 2270 conferat.

152 2286 249 2327 Etsi
281 2286 462 2327 Brutum
502 2287 714 2341 praeclare
746 2302 842 2328 cum
872 2287 1028 2327 Planco
1062 2287 1333 2328 coniunctum
1362 2287 1488 2328 habe-

99 2361 132 2387 35
152 2359 265 2399 mus3
309 2345 381 2385 sed
422 2359 510 2386 non
552 2345 742 2399 ignoras,
787 2360 913 2399 quam
959 2345 1043 2385 sint
1086 2345 1237 2386 incerti
1278 2348 1318 2386 et
1357 2346 1487 2387 animi
