1665 2553
303 72 645 108 EPISTULARUM
670 72 735 106 AD
762 71 976 107 ATTICUM
1002 72 1069 106 XII
1094 76 1150 117 21,
1179 76 1232 108 22.
1356 73 1440 114 369

98 168 249 224 omnia,
288 182 578 223 quaecumque
611 170 710 209 sunt
741 168 786 208 in
818 183 910 209 eam
942 168 1208 222 sententiam,
1238 182 1325 209 non
1355 169 1440 223 legi

98 227 249 283 solum,
291 227 403 282 quod
434 227 576 281 ipsum
609 230 698 267 erat
730 227 854 268 fortis
887 227 1064 282 aegroti,
1096 227 1281 280 accipere
1314 228 1440 268 medi-

97 286 248 341 cinam,
282 286 356 327 sed
388 286 433 326 in
463 300 556 326 mea
588 286 718 327 etiam
751 286 908 340 scripta
940 285 1153 340 transtuli,
1185 285 1298 339 quod
1329 289 1440 326 certe

98 345 256 386 adflicti
289 347 331 386 et
362 345 486 385 fracti
519 344 649 385 animi
680 359 767 385 non
798 345 890 385 fuit.
946 343 1015 385 Ab
1047 344 1114 385 his
1146 359 1214 385 me
1245 345 1440 386 remediis

61 421 78 447 5
96 404 188 445 noli
219 404 265 444 in
294 404 422 444 istam
454 403 625 444 turbam
657 417 820 457 vocare,
851 418 904 444 ne
936 403 1128 444 recidam.

705 544 838 586 XXII.

365 624 439 660 δον.
461 625 618 659 Asturae
646 625 726 658 XV
748 625 796 658 K.
818 624 908 668 Apri
930 636 962 658 a.
986 627 1057 659 '709
1086 627 1175 667 (45).

501 706 693 741 CICERO
719 706 910 741 ATTICO
934 705 1044 742 SAL.

185 779 249 821 De
282 779 480 821 Terentia
519 779 633 832 quod
674 778 780 819 mihi
820 793 943 819 omne
978 792 1084 819 onus
1116 778 1321 833 imponis,
1356 792 1444 818 non

44 856 78 882 10
97 853 307 894 cognosco
347 842 466 879 tuam
503 838 549 878 in
585 852 651 879 me
689 837 1010 892 indulgentiam.
1073 835 1161 877 18133
1199 837 1311 877 0111111
1344 840 1443 877 sunt

98 899 191 952 ipsa
222 898 416 952 vulnera,
458 911 563 950 quae
594 911 681 937 non
712 911 888 950 possum
920 899 1102 936 tractare
1136 895 1224 936 sine
1256 895 1442 936 maximo

98 957 272 1013 gemitu.
340 955 560 997 Moderare
599 955 750 1010 igitur,

99 1016 212 1056 enim
250 1030 273 1056 3
310 1017 352 1056 te
384 1015 498 1068 plus,
537 1029 663 1079 quam
701 1016 842 1069 potes,
882 1013 1066 1067 postulo.
1128 1012 1255 1054 Potes
1289 1016 1443 1068 autem,

100 1074 201 1128 quid
238 1073 327 1115 veri
367 1074 440 1126 sit,
477 1073 715 1126 perspicere
753 1075 801 1113 tu
838 1087 958 1112 unus.
1020 1071 1084 1120 De
1116 1071 1279 1112 Rutilia
1312 1086 1444 1125 quon-
1468 1091 1476 1098 -

45 1150 79 1175 15
98 1133 184 1174 iam
221 1132 376 1173 videris
416 1107 627 1182 (1111111310,
667 1131 825 1171 scribes
865 1131 916 1171 ad
953 1145 1038 1186 1110,
1075 1145 1169 1171 cum
1209 1130 1333 1179 scies,
1372 1130 1443 1171 sed

100 1207 228 1246 quam
270 1191 474 1245 plimum,
517 1193 559 1231 et
602 1205 705 1230 num
749 1189 898 1231 Clodia
941 1189 991 1230 D.
1036 1189 1171 1230 Bruto
1218 1182 1443 1242 00118111311,

98 1251 188 1291 filio
231 1265 326 1304 suo,
369 1252 540 1290 mortuo
576 1248 742 1290 vixerit
803 1247 853 1289 Id
893 1249 942 1289 de
980 1247 1181 1289 Μ31·00110
1221 1250 1294 1288 aut
1332 1251 1443 1289 certe

101 1310 151 1350 de
182 1308 403 1350 Postumia
436 1308 533 1349 sciri
564 1310 720 1362 potest,
752 1307 857 1347 illud
888 1310 1031 1348 autem
1064 1307 1112 1347 de
1139 1306 1194 1346 M.
1217 1305 1344 1347 Cotta
1370 1310 1443 1346 aut

102 1368 151 1408 de
185 1367 293 1421 Syro
326 1370 399 1408 aut
432 1367 481 1407 de
513 1365 678 1420 Satyro.

48 1443 81 1469 20
189 1425 253 1466 De
284 1425 422 1466 hortis
455 1425 583 1466 etiam
615 1427 742 1490 atque
774 1424 901 1465 etiam
934 1438 1050 1478 rogo.
1103 1422 1310 1471 Omnibus
1336 1423 1442 1464 meis

103 1498 351 1539 eorumque,
407 1498 513 1537 quos
568 1484 654 1524 scio
697 1482 804 1523 mihi
846 1497 933 1523 non
984 1483 1221 1535 defutuios,
1270 1482 1443 1523 faculta—

101 1543 219 1584 tibus
266 1519 357 1598 (sed
397 1545 545 1596 potero
590 1540 714 1597 meis)
760 1541 1005 1582 enitendum
1047 1541 1152 1581 mihi
1197 1543 1271 1582 est
1336 1540 1444 1582 Sunt

103 1602 249 1656 etiam,
291 1616 397 1655 quae
434 1600 611 1641 vendere
648 1600 769 1640 facile
801 1599 974 1653 possim.
1039 1597 1120 1640 Sed
1152 1602 1199 1639 ut
1230 1613 1318 1639 non
1348 1613 1444 1640 ven-

103 1661 200 1701 dam
238 1660 359 1714 eique
396 1674 570 1700 1181113111
606 1659 804 1712 pendam,
849 1673 871 1698 a
910 1672 993 1711 quo
1033 1672 1190 1711 eme1·,o
1230 1672 1317 1698 non
1347 1657 1443 1710 plus

50 1736 84 1762 25
107 1734 276 1773 annum,
307 1733 483 1773 possum
515 1717 701 1771 adsequi,
733 1716 847 1770 quod
878 1716 988 1771 volo,
1021 1716 1056 1756 81
1088 1718 1135 1755 tu
1168 1730 1234 1756 me
1261 1716 1443 1756 adiuvas.

102 1777 369 1819 Paratissimi
397 1779 495 1817 sunt
521 1775 670 1830 Drusi3
700 1775 815 1828 cupit
843 1775 955 1815 enim
982 1775 1171 1815 vendere.
1222 1773 1445 1814 Proximos

103 1839 208 1890 puto
245 1835 433 1889 Lamiae,
479 1835 552 1875 sed
590 1834 719 1875 abest.
788 1833 853 1874 Tu
890 1836 1051 1887 tamen,
1096 1833 1132 1873 si
1171 1833 1272 1886 quid
1310 1836 1445 1886 potes,

106 1895 291 1935 odorare.
360 1893 425 1934 Ne
459 1892 588 1934 Silius
628 1892 798 1946 quidem
835 1892 1062 1946 quicquam
1099 1890 1236 1931 utitur
1271 1891 1355 1943 †et
1393 1891 1445 1931 iis

105 1953 246 1993 usuris
284 1953 484 1993 facillime
522 1951 843 1992 sustentabitur.
906 1950 1028 1991 Habe
1066 1953 1189 1990 tuum
1225 1949 1445 2003 negotium

52 2029 87 2055 30
105 2025 200 2066 nec,
238 2011 340 2064 quid
370 2026 436 2051 res
468 2025 560 2050 11103
591 2009 811 2050 familiaris
843 2009 1050 2063 postulet,
1090 2023 1217 2062 quam
1250 2021 1327 2062 ego
1359 2022 1445 2048 11011

106 2084 220 2124 curo,
251 2070 323 2109 sed
354 2069 455 2122 quid
486 2069 625 2123 velim,
658 2068 863 2109 existima.

180 2355 240 2380 Cic.
261 2354 347 2385 epist.
368 2355 407 2379 11.
1192 2349 1236 2380 '24

794 969 970 1009 quaeso,
1013 957 1060 995 ut
1098 957 1231 1008 potes.
1293 953 1442 1007 Neque
1506 996 1513 999 ,
