1665 2553
242 83 330 124 482
666 82 714 117 M.
741 82 882 116 TULLI
907 81 1155 117 CICERONIS

245 192 329 231 quo
367 178 493 219 modo
527 175 646 226 οἶκος
678 180 816 231 φίλος.
877 176 1028 231 Itaque
1059 191 1125 217 me
1156 177 1343 219 referunt
1374 179 1500 232 pedes
1532 180 1578 221 in

245 236 538 277 Tusculanum.
588 236 648 276 Et
673 239 815 276 tamen
839 236 941 276 haec
968 236 1255 290 ῥωπογραφία
1279 237 1441 290 ripulae
1467 238 1577 279 vide-

244 297 316 335 tur
345 295 544 336 habitura
576 294 751 335 celerem
785 294 1034 335 satietatem.
1088 294 1297 348 Equidem
1329 296 1456 337 etiam
1488 297 1577 350 plu-

245 354 334 394 vias
375 356 539 407 metuo,
583 353 617 393 si
654 352 934 408 Prognostica
970 356 1118 393 nostra
1154 367 1251 393 vera
1291 357 1407 409 sunt3
1450 369 1576 396 ranae

246 412 357 452 enim
390 412 715 465 ῥητορεύουσιν.
776 411 860 467 Tu,
896 425 1064 467 quaeso,
1100 411 1165 452 fac
1198 412 1337 466 sciam,
1369 413 1443 453 ubi
1473 413 1577 454 Bru-
1615 430 1630 455 5

244 473 337 511 tum
368 473 562 511 nostrum
593 473 634 511 et
667 484 749 524 quo
783 470 849 511 die
880 470 1021 511 videre
1053 470 1225 523 possim.

588 628 591 630 .
840 585 979 628 XVII.

472 666 545 701 Ser.
566 667 608 701 in
632 667 779 701 Antiati
799 671 910 711 postr.
931 667 987 700 Id.
1009 667 1094 701 Izm.
1115 678 1147 701 α.
1173 669 1243 702 710
1270 670 1360 711 (44).

647 748 836 782 CICERO
860 748 1051 782 ATTICO
1076 747 1183 783 SAL.

334 820 451 861 Duas
484 820 622 874 accepi
653 820 858 874 postridie
888 820 1000 873 Idus,
1041 820 1216 862 alteram
1249 835 1296 862 eo
1329 821 1394 861 die
1426 821 1578 877 datam,
1597 839 1631 863 ιο

247 878 423 919 alteram
455 878 611 920 Idibus.
666 878 789 919 Prius
821 879 954 933 igitur
986 880 1202 933 superiori.
1256 879 1318 920 De
1350 880 1405 921 D.
1431 879 1578 934 Bruto,

248 952 342 978 cum
393 938 507 978 scies
580 937 643 978 De
688 937 908 978 consulum
951 938 1048 978 ficto
1093 938 1245 978 timore
1288 952 1576 992 cognoveram.

249 995 367 1037 Sicca
399 996 510 1036 enim
543 998 842 1050 φιλοστόργως
866 995 938 1036 ille
964 996 1143 1050 quidem,
1175 996 1246 1037 sed
1271 997 1578 1038 tumultuosius

249 1055 301 1094 ad
331 1069 397 1095 me
428 1055 555 1095 etiam
586 1055 703 1094 illam
735 1055 1016 1108 suspicionem
1048 1055 1233 1108 pertulit.
1290 1055 1398 1104 Quid
1429 1058 1477 1096 tu
1509 1070 1579 1096 au-

248 1113 361 1154 tem?
413 1113 479 1154 ‘vc‘c
522 1111 602 1167 μὲν
640 1114 849 1167 διδόμενα
890 1112 991 1153 —'‘?
1040 1112 1218 1154 Nullum
1256 1114 1367 1154 enim
1403 1114 1577 1155 verbum
1597 1130 1631 1155 15

249 1187 273 1212 a
314 1171 534 1225 †Siregio.
595 1170 694 1212 Non
731 1171 877 1224 placet.
938 1171 1003 1212 De
1040 1171 1272 1226 Plaetorio,
1314 1172 1450 1213 vicino
1489 1175 1576 1226 tuo,

247 1230 499 1283 permoleste
543 1229 623 1270 tuli
668 1244 921 1283 quemquam
963 1229 1081 1283 prius
1126 1231 1291 1270 audisse
1337 1245 1462 1283 quam
1498 1245 1576 1271 me.

249 1288 312 1328 De
358 1287 464 1341 Syro
502 1288 738 1341 prudenter.
806 1287 849 1328 L.
890 1287 1124 1328 Antonium
1162 1303 1235 1342 per
1271 1288 1461 1329 Marcum
1497 1289 1577 1329 fra-

248 1349 368 1399 trem,
400 1348 447 1387 ut
479 1346 674 1401 arbitror,
703 1346 901 1386 facillime
934 1346 1172 1387 deterrebis.
1229 1345 1413 1387 Autroni
1444 1347 1576 1401 vetui3

249 1405 321 1445 sed
351 1404 538 1445 nondum
570 1419 784 1458 acceperas
816 1405 994 1458 litteras,
1025 1419 1076 1445 ne
1108 1405 1302 1459 cuiquam
1328 1405 1410 1445 nisi
1436 1404 1480 1446 L.
1501 1404 1577 1446 Fa-
1596 1422 1631 1447 20

249 1463 317 1504 dio
351 1463 483 1504 aedili.
534 1462 672 1503 Aliter
704 1463 815 1503 enim
846 1477 921 1504 nec
947 1466 1067 1503 caute
1092 1478 1168 1504 nec
1193 1464 1284 1504 iure
1309 1464 1399 1504 fieri
1425 1467 1576 1518 potest.

250 1521 370 1571 Quod
408 1521 559 1562 scribis
595 1521 676 1561 tibi
713 1521 831 1562 desse
867 1520 940 1562 HS
980 1524 1023 1575 ὃ,
1062 1536 1167 1575 quae
1205 1520 1396 1563 Ciceroni
1434 1524 1578 1563 curata

250 1580 347 1634 sint,
366 1580 493 1621 velim
519 1580 570 1620 ab
596 1580 729 1620 Erote
756 1594 942 1633 quaeras,
967 1579 1041 1620 ubi
1068 1581 1124 1621 sit
1148 1595 1304 1621 merces
1331 1580 1576 1621 insularum.

248 1638 455 1679 Arabioni
495 1639 543 1679 de
576 1637 703 1679 Sittio
736 1638 844 1678 nihil
874 1639 1043 1679 irascor.
1105 1638 1198 1693 Ego
1231 1638 1281 1679 de
1311 1639 1463 1680 itinere
1492 1638 1578 1679 nisi
1664 1682 1665 1695 χ

251 1697 458 1750 explicato
492 1699 531 1738 A
560 1696 667 1737 nihil
699 1697 857 1751 cogito3
902 1697 1014 1750 quod
1045 1697 1155 1738 idem
1185 1696 1267 1738 tibi
1297 1697 1429 1738 videri
1460 1699 1575 1750 puto.
1597 1712 1631 1738 25

203 1767 222 1795 2
249 1755 392 1796 Habes
425 1755 476 1796 ad
507 1756 776 1808 superiorem.
800 1770 806 1778 ¹

338 1813 461 1854 Nunc
498 1814 594 1854 audi
632 1813 682 1854 ad
720 1813 906 1854 alteram.
969 1813 1031 1854 Tu
1068 1827 1166 1853 vero
1203 1813 1306 1854 facis
1343 1815 1391 1853 ut
1423 1813 1575 1867 omnia,

251 1872 363 1926 quod
389 1871 590 1913 Serviliae
619 1886 707 1912 non
739 1872 821 1925 des,
852 1872 895 1912 id
927 1874 991 1912 est
1016 1871 1162 1912 Bruto.
1212 1871 1275 1912 De
1306 1871 1452 1925 regina
1478 1884 1577 1925 gau-

251 1931 326 1971 deo
358 1933 400 1971 te
424 1945 510 1970 non
534 1930 737 1984 laborare,
764 1932 916 1970 testem
942 1930 1069 1970 etiam
1094 1930 1173 1970 tibi
1198 1929 1381 1983 probari.
1430 1929 1577 1970 Erotis

250 1989 435 2029 rationes
468 1991 509 2029 et
542 2003 591 2029 ex
622 1988 775 2029 Tirone
807 1988 986 2042 cognovi
1018 1991 1058 2028 et
1089 1988 1233 2028 vocavi
1265 1988 1415 2041 ipsum.
1478 1986 1578 2028 Gra·
1597 2004 1633 2029 30

250 2047 485 2101 tissimum,
525 2047 636 2100 quod
678 2046 888 2100 polliceris
937 2044 1128 2086 Ciceroni
1170 2046 1277 2086 nihil
1321 2046 1577 2100 defuturum3

252 2105 301 2145 de
327 2120 410 2158 quo
436 2105 646 2145 mirabilia
671 2104 881 2158 Messalla,
907 2104 979 2158 qui
1004 2104 1193 2144 Lanuvio
1224 2104 1386 2145 rediens
1414 2104 1465 2144 ab
1492 2103 1577 2144 illis

252 2164 367 2203 venit
399 2164 450 2204 ad
480 2178 560 2217 me,
590 2166 631 2204 et
663 2162 899 2203 mehercule
930 2163 1064 2215 ipsius
1095 2163 1263 2203 litterae
1296 2163 1354 2203 sic
1386 2165 1427 2203 et
1457 2165 1577 2216 φιλο-

252 2223 444 2274 στόργως
470 2224 512 2262 et
536 2221 845 2275 πεπινωμένως
872 2222 1061 2274 scriptae,
1087 2223 1134 2261 ut
1160 2235 1228 2261 eas
1255 2220 1321 2261 vel
1347 2220 1391 2260 in
1417 2219 1577 2261 acroasi

252 2279 426 2320 audeam
456 2279 605 2334 legere.
657 2279 747 2328 Quo
773 2279 907 2333 magis
934 2279 997 2319 illi
1023 2278 1324 2333 indulgendum
1349 2281 1465 2332 puto.
1514 2277 1578 2318 De
1596 2294 1631 2319 3⁵
