1665 2553
311 57 652 92 EPISTULARUM
677 57 741 91 AD
768 56 983 91 ATTICUM
1007 57 1075 91 XII
1103 61 1252 91 11—14.
1365 57 1446 98 361

106 155 245 195 minus
285 153 478 195 stimulat
516 169 642 208 quam
679 154 763 194 ista
794 153 1028 194 celebritas.
1091 152 1149 193 Te
1182 167 1313 193 unum
1346 153 1450 194 desi-

107 213 223 268 dero3
269 213 340 253 sed
377 213 535 253 litteris
577 227 663 253 non
701 212 915 253 difficilius
954 214 1070 267 utor,
1108 226 1235 265 quam
1268 212 1304 252 si
1336 211 1449 251 domi

107 286 253 313 essem.
315 271 456 312 Ardor
499 274 642 312 tamen
679 271 751 312 ille
789 271 900 312 idem
944 273 1066 326 urget
1105 274 1146 311 et
1184 272 1326 311 manet
1364 284 1449 310 non

107 330 345 372 mehercule
370 330 616 385 indulgente
648 345 728 385 me,
760 330 832 371 sed
862 333 1007 371 tamen
1036 331 1313 384 repugnante.

48 406 87 432 -5
195 388 315 438 Quod
359 389 509 430 scribis
554 389 602 429 de
640 388 872 443 Appuleio,
914 388 1025 429 nihil
1068 391 1172 442 puto
1210 402 1315 442 opus
1358 401 1448 427 esse
1475 400 1494 428 2

106 451 181 489 tua
218 448 489 489 contentione
526 461 602 488 nec
639 447 775 488 Balbo
816 450 856 488 et
889 446 1045 501 Oppi03
1085 447 1239 501 quibus
1280 446 1449 500 quidem

107 507 179 548 ille
217 509 430 561 receperat
472 506 661 560 mihique
694 506 821 547 etiam
852 507 1034 547 iusserat
1065 505 1255 546 nuntiari
1288 519 1331 546 se
1362 519 1450 545 mo-

107 566 262 606 lestum
304 565 475 606 omnino
512 579 599 605 non
639 565 843 606 futurum.
913 564 993 606 Sed
1031 579 1149 617 cura,
1193 567 1240 605 ut
1278 578 1450 604 excuser

107 624 247 665 morbi
285 638 411 665 causa
450 623 496 664 in
528 623 615 664 dies
650 624 854 678 singulos.
918 623 1079 664 Laenas
1111 623 1192 663 hoc
1223 625 1448 678 receperat.

54 700 88 724 10
108 683 269 724 Prende
315 681 358 724 C.
399 682 672 737 Septimium,
712 682 756 723 L.
797 681 1026 724 Statilium.
1094 681 1288 736 Denique
1324 695 1449 722 nemo

107 742 282 796 negabit
328 756 371 782 se
414 741 673 795 iuraturum,
720 756 845 795 quem
888 741 1066 796 rogaris.
1135 740 1255 789 Quod
1297 740 1332 780 si
1370 740 1450 780 erit

108 801 272 855 durius,
318 800 483 841 veniam
529 802 570 840 et
614 800 705 854 ipse
749 803 1003 854 perpetuum
1046 799 1243 841 morbum
1287 799 1448 840 iurabo.

109 858 216 901 Cum
250 859 361 900 enim
393 858 500 899 mihi
533 858 758 900 carendum
792 859 848 899 sit
880 859 1103 913 conviviis,
1138 858 1250 899 malo
1283 857 1326 898 id
1357 857 1450 912 lege

108 918 242 959 videri
280 918 416 959 facere
454 932 581 971 quam
619 917 774 958 dolore.
840 916 1060 959 Cocceium
1091 917 1219 958 velim
1253 916 1449 970 appelles.

56 992 88 1019 15
109 976 230 1025 Quod
268 977 379 1017 enim
418 976 602 1030 dixerat,
638 990 726 1017 non
762 976 875 1017 facit.
938 976 1032 1031 Ego
1076 979 1218 1017 autem
1249 975 1345 1016 volo
1379 975 1451 1016 ali·
1514 1005 1522 1007 „

110 1036 222 1090 quod
254 1049 389 1077 emere
421 1034 651 1076 latibulum
684 1037 726 1076 et
757 1035 1001 1090 perfugium
1035 1035 1194 1076 doloris
1226 1034 1319 1075 mei.

723 1151 836 1193 XIV.

345 1232 420 1268 Ser.
445 1234 598 1268 Asturae
631 1233 734 1267 VIII
753 1233 810 1267 Id.
833 1233 948 1267 DIart.
970 1244 1002 1266 a.
1026 1235 1097 1267 709
1125 1235 1213 1275 (45).

513 1314 704 1350 CICERO
729 1314 920 1350 ATTICO
946 1314 1055 1349 SAL.

57 1404 90 1429 20
198 1385 262 1426 De
298 1401 365 1427 me
397 1387 631 1427 excusando
666 1386 777 1440 apud
807 1386 1068 1440 Appuleium
1101 1386 1297 1428 dederam
1330 1386 1380 1426 ad
1412 1390 1454 1426 te
1482 1398 1498 1427 1

111 1445 246 1499 pridie
277 1445 454 1486 litteras.
505 1445 627 1486 Nihil
654 1459 743 1486 esse
768 1445 932 1500 negotii
960 1445 1155 1486 arbitror.
1207 1444 1454 1493 Quemcum-

112 1518 192 1558 que
224 1503 462 1558 appellaris⁷
492 1518 616 1544 nemo
648 1503 833 1558 negabit.
891 1502 973 1544 Sed
1006 1502 1260 1557 Septimium
1292 1503 1386 1543 vide
1414 1506 1454 1544 et

111 1561 339 1603 Laenatem
381 1564 422 1602 et
462 1560 697 1616 Statilium3
740 1562 879 1602 tribus
925 1562 1037 1602 enim
1081 1576 1187 1615 opus
1226 1564 1299 1602 est.
1373 1561 1453 1602 Sed

111 1621 217 1661 mihi
248 1620 410 1661 Laenas
443 1622 583 1661 totum
616 1623 840 1673 receperat.

58 1695 92 1722 25
202 1678 323 1728 Quod
355 1679 504 1720 scribis
538 1694 561 1720 a
585 1677 708 1719 Iunio
735 1682 778 1719 te
804 1678 1076 1733 appellatum,
1109 1679 1280 1719 omnino
1309 1677 1454 1719 Corni-
1481 1690 1500 1719 2

113 1738 235 1778 ficius
280 1738 468 1792 locuples
514 1740 596 1792 est3
647 1737 718 1778 sed
761 1740 904 1778 tamen
949 1737 1054 1777 scire
1094 1737 1220 1777 velim
1230 1771 1241 1791 7
1286 1737 1453 1790 quando

114 1796 229 1837 dicar
261 1796 539 1850 spopondisse
572 1799 614 1836 et
645 1810 721 1850 pro
754 1798 874 1849 patre
906 1810 1013 1836 anne
1044 1809 1121 1849 pro
1154 1795 1255 1836 filio.
1307 1794 1455 1849 Neque

115 1869 162 1895 eo
194 1855 354 1909 minus,
391 1858 439 1895 ut
472 1855 639 1908 scribis,
677 1856 972 1908 procuratores
1006 1852 1207 1895 Cornifici
1239 1856 1280 1894 et
1312 1854 1456 1908 Appu-

113 1913 243 1953 leium
274 1913 584 1967 praediatorem
615 1913 789 1954 videbis.

61 1988 96 2014 30
203 1970 324 2019 Quod
362 1986 430 2012 me
475 1972 526 2012 ab
570 1971 650 2013 hoc
690 1986 879 2012 maerore
924 1971 1104 2012 recreari
1140 1971 1222 2025 vis,
1265 1971 1370 2012 facis
1408 1974 1456 2012 ut
1483 1983 1503 2012 3

117 2030 274 2084 omnia3
308 2030 379 2071 sed
409 2045 476 2071 me
508 2030 615 2070 mihi
645 2045 733 2071 non
764 2030 947 2070 defuisse
979 2032 1027 2070 tu
1059 2029 1183 2070 testis
1216 2043 1270 2070 es.
1333 2028 1457 2070 Nihil

117 2088 229 2128 enim
260 2088 310 2128 de
337 2103 526 2129 maerore
552 2089 779 2129 minuendo
808 2089 1014 2141 scriptum
1040 2088 1092 2128 ab
1119 2087 1207 2128 ullo
1235 2090 1311 2143 est⁷
1345 2089 1456 2142 quod

117 2161 194 2202 ego
232 2160 320 2187 non
356 2147 470 2188 domi
506 2150 604 2187 tuae
640 2147 827 2201 legerim.
891 2145 971 2187 Sed
1004 2160 1171 2187 omnem
1205 2146 1458 2187 consolatio-

115 2219 212 2245 nem
244 2204 374 2245 vincit
406 2205 536 2246 dolor.
587 2205 699 2254 Quin
729 2205 858 2245 etiam
891 2204 971 2245 feci
1004 2205 1118 2258 quod
1142 2205 1332 2258 profecto
1360 2208 1458 2246 ante

64 2279 97 2305 35
117 2278 182 2304 me
222 2277 365 2318 nemo,
405 2266 452 2304 ut
484 2263 576 2317 ipse
606 2278 673 2304 me
706 2278 780 2316 per
811 2263 976 2304 litteras
1010 2263 1260 2304 consolarer.
1325 2262 1458 2312 Quem
