1665 2553
287 89 627 125 EPISTULARUM
651 89 715 123 AD
741 88 956 123 ATTICUM
981 89 1049 123 VH
1077 93 1129 133 17,
1159 92 1212 125 18.
1344 90 1429 132 215

97 187 237 228 miano
276 200 365 227 esse
402 185 519 227 volui
560 188 601 226 et
632 200 716 226 una
749 183 983 226 Cicerones.
1045 183 1141 239 Ipse
1174 200 1270 226 cum
1300 186 1430 227 fratre

97 245 286 300 Capuam
318 245 369 285 ad
400 244 593 286 consules
626 243 781 299 (Nom's
814 244 925 285 enim
957 244 1102 285 adesse
1133 244 1239 285 iussi
1264 243 1429 300 sumus)

96 315 148 346 111
178 303 324 345 Nonas
355 304 569 358 profectus
601 318 707 358 sum,
738 317 833 343 cum
864 302 941 343 has
972 303 1138 344 litteras
1171 303 1275 344 dedi.

185 361 406 416 Responsa
430 361 605 416 Pompei
637 363 757 416 grata
782 361 940 416 populo
967 364 1009 402 et
1033 362 1215 415 probata
1241 362 1431 403 contioni

62 439 78 465 5
100 435 190 462 esse
222 421 427 462 dicuntur.
477 419 544 462 Ita
569 423 772 474 putaram.
819 419 932 469 Quae
959 420 1125 474 quidem
1152 420 1223 461 ille
1248 422 1286 462 si
1309 435 1431 474 repu-

98 480 236 535 diarit,
266 480 436 534 iacebit,
468 479 505 520 si
531 479 735 533 acceperit
756 503 821 520 ——.
872 478 1044 520 ‘Utrum
1067 479 1229 534 igitur',
1253 479 1432 535 inquies,

99 538 297 580 ‘mavis‘?⁹
356 537 690 593 Responderem,
734 537 786 592 si,
830 552 955 591 quem
991 538 1044 578 ad
1085 538 1258 579 modum
1293 538 1431 592 parati

98 612 296 653 essemus,
326 598 487 638 scirem.
539 595 732 638 Cassium
764 599 853 637 erat
884 595 953 637 hic
986 596 1177 637 auditum
1210 597 1432 651 expulsum

97 655 273 698 Ancona
316 669 491 709 eamque
533 655 681 696 urbem
725 670 748 696 a
790 655 914 697 nobis
963 655 1108 697 teneri.
1179 654 1225 696 Si
1273 655 1434 697 bellum

45 734 79 758 10
97 715 291 756 futurum
335 716 419 769 est,
460 714 680 769 negotium
722 713 837 756 utile.
908 712 1130 755 Caesarem
1174 714 1344 768 quidem
1385 712 1432 755 L.

99 773 276 815 Caesare
320 787 416 814 cum
456 772 665 814 mandatis
711 773 760 813 de
803 787 904 826 pace
953 772 1083 814 misso
1128 775 1272 814 tamen
1314 772 1433 814 aiunt

99 832 299 874 acerrime
332 831 532 872 dilectum
562 831 729 886 habere,
760 831 852 872 loca
879 845 1094 886 occupare,
1125 831 1285 873 vincire
1317 846 1434 886 prae-

99 891 228 934 sidiis.
274 889 308 932 Ο
340 890 551 944 perditum
580 890 804 931 latronem!
844 904 867 931 o
898 890 970 931 vix
1000 890 1088 931 ullo
1122 890 1209 931 otio
1242 904 1435 945 compen-

100 950 272 991 sandam
319 948 427 990 hanc
476 949 538 990 rei
584 948 779 1003 publicae
828 949 1152 1002 turpitudinem!
1221 947 1303 989 Sed
1351 951 1434 990 sto-

47 1026 79 1052 15
99 1008 287 1050 machari
318 1007 575 1063 desinamus,
612 1007 794 1061 tempori
831 1022 1071 1063 pareamus,
1107 1022 1201 1062 cum
1230 1006 1433 1061 Pompeio
1485 1006 1493 1009 ⁷

99 1068 144 1109 in
174 1066 426 1121 Hispaniam
458 1080 610 1107 eamus.
655 1065 769 1107 Haec
801 1066 961 1120 optima
992 1066 1038 1106 in
1067 1066 1204 1121 malis,
1235 1066 1436 1120 quoniam

99 1126 214 1168 illius
254 1125 435 1166 alterum
474 1124 740 1166 consulatum
777 1139 800 1165 a
838 1139 881 1165 re
917 1124 1087 1178 publica
1126 1139 1178 1165 ne
1216 1125 1313 1166 data
1346 1125 1435 1180 qui-

101 1185 194 1226 dem
227 1184 444 1225 occasione
475 1183 747 1237 reppulimus.
812 1182 894 1224 Sed
923 1183 1025 1224 haec
1054 1183 1268 1224 hactenus.

187 1242 251 1284 De
282 1241 491 1296 Dionysio
529 1242 641 1297 fugit
678 1256 745 1283 me
783 1242 834 1283 ad
874 1244 916 1283 te
953 1244 1075 1283 antea
1120 1242 1318 1296 scribere3
1362 1242 1434 1283 sed

48 1320 82 1344 20
100 1303 160 1343 ita
192 1301 414 1356 constitui,
454 1304 696 1354 exspectare
726 1315 930 1354 responsa
962 1299 1172 1356 Caesaris,
1211 1303 1278 1355 ut,
1315 1300 1352 1341 si
1382 1300 1434 1341 ad

100 1361 249 1401 urbem
278 1360 529 1415 rediremus,
565 1359 626 1400 ibi
657 1374 734 1400 nos
769 1362 1046 1414 exspectaret,
1086 1359 1151 1400 sin
1188 1359 1350 1400 tardius
1390 1359 1435 1400 id

101 1420 234 1474 fieret,
258 1420 351 1459 tum
376 1432 471 1459 eum
496 1432 812 1458 arcesseremus.
857 1417 1052 1471 Omnino,
1078 1418 1179 1471 quid
1203 1418 1275 1458 ille
1300 1418 1435 1459 facere

102 1477 293 1518 debuerit
333 1476 378 1517 in
416 1479 563 1517 nostra
603 1476 676 1517 illa
715 1477 832 1531 fuga,
881 1476 982 1530 quid
1021 1476 1144 1517 docto
1182 1476 1353 1517 homine
1394 1478 1435 1517 et

103 1536 235 1577 amico
275 1535 450 1589 dignum
488 1535 635 1590 fuerit,
676 1549 769 1575 cum
809 1535 1060 1589 praesertim
1099 1537 1275 1589 rogatus
1313 1537 1436 1590 esset,

50 1611 84 1638 25
105 1595 211 1649 scio,
261 1593 333 1635 sed
380 1592 483 1634 haec
530 1607 617 1634 non
663 1593 790 1634 nimis
835 1593 1008 1647 exquiro
1053 1608 1076 1634 a
1121 1591 1302 1634 Graecis.
1372 1593 1436 1634 Tu

102 1656 246 1694 tamen
273 1651 454 1706 videbis,
493 1651 530 1691 si
566 1651 664 1706 erit,
703 1651 815 1705 quod
856 1652 1008 1706 nolim,
1052 1652 1341 1705 arcessendus,
1383 1665 1436 1692 ne

102 1711 273 1753 molesti
304 1711 435 1751 simus
467 1710 612 1751 invito.

193 1769 374 1818 Quintus
416 1769 548 1809 frater
588 1768 773 1821 laborat,
817 1770 865 1808 ut
902 1767 999 1822 tibi,
1045 1767 1158 1821 quod
1198 1767 1338 1822 debet,
1382 1766 1434 1808 ab

104 1828 291 1883 Egnatio
319 1828 474 1881 solvat,
499 1841 575 1867 nec
599 1826 785 1881 Egnatio
811 1825 1008 1867 voluntas
1035 1826 1163 1881 deest,
1187 1840 1264 1866 nec
1287 1840 1437 1879 parum

54 1904 88 1928 30
106 1887 294 1940 locuples
327 1889 401 1940 est,
434 1885 518 1940 sed,
550 1900 644 1926 cum
674 1885 759 1925 tale
791 1887 956 1938 tempus
990 1884 1064 1939 sit,
1094 1887 1143 1924 ut
1174 1883 1218 1932 Q.
1251 1883 1436 1926 Titinius

107 1944 310 1999 (multum
341 1945 452 1985 enim
479 1946 543 1985 est
567 1941 808 1999 nobiscum)
833 1943 1036 1984 viaticum
1062 1957 1106 1984 se
1131 1944 1257 1997 neget
1281 1942 1437 1984 habere

107 2003 298 2058 idemque
324 2003 587 2044 debitoribus
615 2002 702 2043 suis
729 2001 1001 2056 denuntiarit,
1025 2004 1073 2042 ut
1098 2001 1245 2042 eodem
1268 2001 1437 2042 faenore

107 2063 343 2116 uterentur,
380 2064 507 2115 atque
542 2061 623 2102 hoc
660 2061 772 2101 idem
804 2060 931 2101 etiam
960 2059 1005 2101 L.
1037 2059 1169 2114 Ligus
1200 2059 1348 2100 fecisse
1380 2059 1439 2100 di-

108 2122 243 2174 catur,
281 2133 358 2161 nec
395 2119 476 2161 hoc
515 2123 704 2173 tempore
749 2121 822 2159 aut
866 2119 980 2159 domi
1021 2132 1216 2159 nummos
1255 2117 1437 2166 Quintus

57 2195 89 2220 35
108 2177 263 2220 habeat
296 2180 368 2219 aut
400 2178 565 2233 exigere
597 2178 648 2218 ab
681 2177 867 2232 Egnatio
907 2180 979 2218 aut
1011 2191 1227 2218 versuram
1259 2191 1439 2230 usquam

107 2237 242 2278 facere
272 2236 421 2290 possit,
451 2237 630 2277 miratur
661 2239 703 2277 te
738 2251 825 2277 non
849 2235 1048 2276 habuisse
1072 2235 1282 2276 rationem
1311 2234 1438 2276 huius

107 2295 302 2348 publicae
334 2294 608 2336 difficultatis.
664 2294 758 2349 Ego
792 2296 944 2348 autem,
976 2294 1056 2334 etsi
1081 2294 1187 2334 illud
1211 2295 1440 2349 ψευὸησιό-

1458 608 1477 637 10
