1665 2553
314 120 652 154 EPISTULARUM
677 120 742 154 AD
769 120 985 155 ATTIOUM
1010 120 1076 154 XV
1104 124 1157 165 10,
1187 125 1239 156 11.
1331 122 1416 162 475

73 216 221 257 liam?'
266 215 391 264 ‘Quid
423 229 523 270 ergo
557 215 693 270 agis?’
724 216 909 269 inquam.
954 215 1013 256 At
1043 216 1116 257 ille
1141 216 1185 257 in
1211 216 1416 257 Achaiam

76 290 119 316 se
167 275 337 315 iturum.
412 273 537 322 ‘Quid
580 274 656 329 tu',
703 274 894 329 inquam,
939 274 1132 316 εΒ1·111οῬ’
1192 275 1417 331 ‘Romam',

73 334 226 388 inquit,
259 333 311 374 esi
342 333 423 374 tibi
448 333 640 373 videtur.’
687 332 809 373 ‘Mihi
834 347 933 374 vero
959 333 1150 388 minime,
1182 336 1278 374 tuto
1305 335 1416 375 enim

73 407 160 433 non
198 392 307 432 eris.²
371 391 523 440 Quid?
566 392 601 432 si
639 405 808 445 possem
846 406 954 446 esse,
993 392 1274 446 placeretne?
1325 393 1415 433 ‘At-

38 467 54 493 5
75 465 156 504 que
187 453 235 491 ut
269 450 439 491 omnino
471 464 606 504 neque
637 464 749 490 nunc
778 464 914 504 neque
947 465 997 491 ex
1030 454 1227 504 praetura
1251 452 1297 492 in
1322 467 1415 505 pro-

73 509 254 550 vinciam
292 509 389 563 ir3es
435 509 507 549 sed
543 511 689 550 auctor
726 523 813 549 non
851 524 964 565 sum,
1005 512 1052 550 ut
1093 513 1135 550 te
1176 510 1274 551 urbi
1306 525 1415 551 com-

73 568 246 609 mittas?
308 567 506 608 Dicebam
550 582 613 622 ea,
659 582 765 621 quae
803 568 884 608 tibi
921 544 1110 621 piofecto
1149 568 1194 609 in
1231 572 1414 610 mentem

73 627 261 681 veniunt,
299 641 372 667 cur
403 641 490 667 non
521 629 630 667 esset
661 629 756 667 tuto
788 627 969 667 futurus.
1033 627 1170 668 Multo
1203 627 1298 668 inde
1331 643 1413 668 ser-

73 700 196 726 mone
236 685 538 740 querebantur,
577 688 703 739 atque
741 685 783 725 id
816 686 985 739 quidem
1020 685 1189 727 Cassius
1222 687 1413 741 maxime,

21 762 55 786 ιο
75 744 251 784 amissas
297 744 536 785 occasiones
575 743 880 797 Decimumque
924 745 1111 799 graviter
1149 746 1412 786 accusabant.

73 803 168 857 Ego
207 803 415 857 negabam
448 805 643 856 oportere
675 803 924 858 praeterita,
961 803 1228 844 adsentiebar
1259 807 1412 846 tamen.

75 861 295 915 Quomque
322 862 538 915 ingressus
565 876 699 902 essem
727 861 873 915 dicere,
907 862 1008 915 quid
1035 863 1307 918 oportuisset,
1338 877 1414 904 nec

74 934 172 960 vero
207 920 432 974 quicquam
462 920 582 974 novi,
621 920 693 961 sed
724 934 791 975 ea,
823 935 929 974 quae
961 921 1116 962 cotidie
1149 936 1307 976 omnes,
1337 936 1413 962 nec

73 981 215 1019 tamen
254 979 375 1019 illum
411 978 551 1019 locum
590 979 862 1033 attingerem,
907 993 1159 1033 quemquam
1196 983 1413 1033 praeterea

20 1054 53 1079 15
75 1037 315 1091 oportuisse
346 1037 480 1091 tangi,
522 1037 593 1078 sed
625 1041 817 1078 senatum
849 1038 1002 1092 vocari,
1032 1038 1237 1092 populum
1270 1039 1413 1080 arden-

74 1098 160 1136 tem
206 1096 344 1136 studio
389 1096 679 1136 vehementius
722 1096 903 1151 incitari,
947 1099 1083 1137 totam
1128 1098 1283 1151 suscipi
1324 1112 1413 1138 rem

72 1155 298 1208 publicam,
330 1155 538 1195 exclamat
563 1158 637 1195 tua
663 1154 903 1195 familiaris:
944 1154 1052 1196 eHoc
1077 1170 1176 1196 vero
1202 1157 1412 1197 neminem

73 1228 275 1267 umquam
308 1213 448 1254 audivi
463 1213 488 1254 1⁹
543 1213 638 1267 Ego
670 1213 862 1266 repressi.
920 1211 1001 1254 Sed
1033 1217 1074 1254 et
1106 1213 1277 1255 Cassius
1308 1215 1413 1255 mihi

73 1272 296 1312 videbatur
327 1272 465 1312 iturus
498 1270 674 1327 (etenim
707 1272 885 1313 Servilia
915 1272 1197 1325 pollicebatur
1230 1288 1272 1314 se
1299 1288 1413 1314 cura-

19 1348 54 1372 20
74 1333 231 1385 turam,
274 1333 321 1371 ut
362 1331 436 1371 1110
476 1330 678 1371 frumenti
716 1331 878 1371 curatio
918 1330 967 1371 de
1009 1335 1179 1372 senatus
1218 1332 1411 1373 consulto

74 1388 332 1444 tolleretur),
377 1392 419 1429 et
461 1392 607 1429 noster
649 1389 732 1430 cito
772 1389 956 1430 deiectus
995 1393 1059 1430 est
1098 1390 1147 1431 de
1185 1390 1258 1431 illo
1296 1391 1413 1431 inani

74 1461 265 1488 sermone
291 1447 440 1500 †velle
473 1462 562 1488 esse
588 1448 760 1488 dixerat.
813 1446 1050 1489 Constituit
1075 1449 1219 1503 igitur,
1251 1452 1299 1489 ut
1324 1449 1413 1490 ludi

75 1505 247 1546 absente
281 1520 324 1546 se
355 1506 505 1546 fierent
538 1520 613 1546 suo
645 1506 827 1547 nomine.
887 1506 1102 1547 Proficisci
1136 1510 1277 1548 autem
1308 1508 1412 1548 mihi

74 1564 119 1604 in
155 1564 302 1605 Asiam
338 1564 560 1604 videbatur
592 1564 644 1605 ab
676 1564 808 1605 Antio
840 1565 957 1605 velle.
1019 1565 1084 1606 Ne
1116 1565 1268 1619 multa,
1305 1566 1414 1606 nihil

20 1639 54 1665 25
76 1637 140 1663 1110
173 1623 219 1663 111
249 1623 323 1663 1110
356 1623 508 1663 itinere
540 1625 706 1676 praeter
738 1623 1039 1664 conscientiam
1070 1638 1206 1664 meam
1238 1624 1413 1665 delecta-

75 1681 148 1722 vit.
208 1680 309 1722 Non
348 1681 458 1721 enim
489 1681 572 1721 fuit
604 1681 974 1734 committendum,
1012 1684 1060 1722 ut
1092 1682 1162 1722 1110
1196 1697 1245 1722 ex
1277 1682 1415 1737 Italia,

75 1740 323 1793 priusquam
373 1755 396 1780 a
445 1754 511 1780 me
561 1743 792 1780 conventus
824 1742 954 1795 esset,
1009 1740 1247 1781 discederet.
1321 1740 1414 1782 Hoc

76 1798 245 1851 dempto
287 1813 460 1839 munere
504 1799 659 1839 amoris
705 1801 831 1852 atque
877 1798 1006 1839 officii
1050 1799 1323 1854 sequebatur,
1366 1802 1414 1840 ut

75 1871 238 1897 mecum
271 1871 378 1910 ipse:

22 1944 57 1968 30
160 1926 241 1967 “H
269 1926 383 1981 δεῦρ’
419 1927 523 1976 ὁδός
555 1939 624 1969 σοι
657 1930 702 1968 τί
730 1928 914 1969 δύναται
946 1933 1044 1981 νῦν,
1076 1927 1337 1981 θεοπρόπε;’

77 2007 256 2049 Prorsus
294 2008 548 2049 dissolutum
588 2009 743 2050 offendi
774 2009 992 2062 navigium
1024 2009 1091 2049 vel
1122 2009 1265 2062 potius
1298 2009 1415 2049 dissi-

77 2069 234 2120 patum.
284 2065 407 2107 Nihil
438 2068 628 2123 consilio,
658 2068 767 2108 nihil
792 2068 969 2121 ratione,
999 2067 1109 2108 nihil
1135 2068 1290 2108 ordine.
1334 2066 1416 2108 Ita-

79 2139 177 2178 que,
218 2125 298 2165 etsi
335 2139 387 2166 ne
425 2129 548 2166 antea
587 2126 755 2179 quidem
792 2126 1003 2180 dubitavi,
1045 2129 1187 2166 tamen
1223 2140 1335 2166 nunc
1367 2140 1414 2167 eo

78 2183 218 2223 minus
252 2183 416 2223 evolare
447 2184 545 2224 hinc
576 2184 701 2238 idque
734 2199 859 2238 quam
891 2184 1087 2238 primum,

24 2281 58 2306 35
147 2264 253 2304 eubi
290 2278 378 2304 nec
414 2264 770 2318 Pelopidarum
808 2266 943 2307 facta
979 2280 1139 2319 neque
1178 2266 1357 2306 famam

637 2324 863 2365 audiam&

1439 639 1458 668 10
