1665 2553
181 1008 200 1038 Ν.)

228 82 311 123 196
648 81 696 116 M.
723 81 863 116 TULLI
888 80 1136 116 CICERONIS

226 191 456 231 expensum
494 191 618 218 nemo
664 177 781 218 feret.
844 175 925 217 Sed
965 176 1068 218 haec
1105 191 1261 231 coram3
1300 192 1398 218 nam
1434 177 1561 218 multi

227 236 433 277 sermonis
484 238 594 276 sunt.
669 235 838 276 Tironis
888 235 1100 276 reficiendi
1149 250 1242 290 spes
1293 238 1357 277 est
1405 236 1451 276 in
1491 235 1559 277 Μ’.

226 293 372 349 Curi03
405 294 472 335 cui
504 308 582 348 ego
615 294 762 348 scripsi
791 294 872 335 tibi
905 308 998 334 eum
1024 294 1314 349 gratissimum
1338 295 1559 336 facturum.

225 352 335 394 Data
366 365 396 394 V
427 351 526 393 Idus
559 351 778 393 Decembr.
813 368 836 393 a
867 351 1020 393 Pontio
1054 367 1104 393 ex
1135 352 1384 394 Trebulano.

855 468 929 510 IV.
1596 485 1613 511 5

331 549 404 585 Ser.
432 550 472 584 in
497 551 718 594 Pompeiano
743 550 807 584 IV
829 554 894 584 aut
917 550 991 583 III
1010 550 1067 583 Id.
1094 550 1179 584 Dec.
1207 562 1240 584 α.
1268 553 1338 585 704
1365 552 1456 594 (50).

581 629 584 631 ’
646 630 814 666 CICERO
841 630 1012 665 ATTICO
1041 631 1137 665 SAL.

314 703 569 758 Dionysium
601 703 850 758 flagrantem
876 703 1079 744 desiderio
1112 703 1176 744 tui
1207 704 1304 744 misi
1336 704 1386 745 ad
1417 706 1460 744 te
1483 718 1560 745 nec

227 763 463 803 mehercule
496 777 630 816 aequo
663 763 816 816 animo,
849 762 920 802 sed
950 762 1032 802 fuit
1059 762 1377 803 concedendum.
1427 762 1560 811 Quem

228 822 391 875 quidem
432 821 611 876 cognovi
650 835 777 875 quom
814 820 1002 875 doctum,
1043 821 1155 874 quod
1193 821 1299 861 mihi
1338 821 1422 862 iam
1463 823 1612 862 antero

228 883 317 920 erat
346 883 511 935 notum,
541 882 634 920 tum
667 893 765 920 sane
792 879 963 932 plenum
989 879 1130 934 officii,
1162 880 1399 921 studiosum
1431 880 1559 920 etiam

226 953 343 979 meae
373 939 523 992 laudis,
556 938 670 992 frugi
701 938 916 979 hominem
943 952 1000 991 ac,
1029 952 1082 978 ne
1113 938 1361 979 libertinum
1390 938 1560 979 laudare

227 998 381 1052 videar,
413 997 536 1051 plane
568 997 705 1037 virum
736 997 906 1037 bonum.
967 996 1214 1050 Pompeium
1244 997 1330 1037 vidi
1361 1009 1428 1038 1111
1458 996 1559 1038 Idus

227 1055 491 1097 Decembres.
553 1054 728 1096 Fuimus
760 1070 844 1096 una
874 1055 1000 1095 horas
1032 1055 1134 1096 duas
1166 1055 1355 1096 fortasse.
1405 1055 1561 1110 Magna

228 1114 391 1156 laetitia
433 1113 538 1155 mihi
581 1114 696 1154 visus
742 1117 804 1154 est
847 1114 968 1154 adfici
1010 1128 1104 1154 meo
1149 1114 1347 1168 adventu,
1396 1113 1445 1154 de
1488 1114 1560 1154 tri-
1578 1129 1612 1154 15

227 1173 386 1226 umpho
428 1172 608 1226 hortari,
658 1172 868 1225 suscipere
918 1174 1058 1224 partes
1109 1186 1222 1226 suas,
1271 1186 1460 1227 monere,
1506 1186 1560 1213 ne

229 1234 325 1272 ante
369 1230 411 1273 in
457 1233 648 1271 senatum
692 1230 944 1285 accederem,
988 1244 1114 1283 quam
1150 1245 1238 1270 rem
1275 1230 1559 1284 confecissem,

227 1304 280 1330 ne
333 1289 517 1330 dicendis
569 1289 789 1329 sententiis
834 1288 1017 1342 aliquem
1060 1288 1279 1329 tribunum
1323 1289 1558 1329 alienarem.

229 1348 338 1396 Quid
382 1347 576 1401 quaeris?
635 1347 680 1388 in
720 1347 801 1387 hoc
844 1347 983 1387 officio
1024 1347 1229 1387 sermonis
1269 1346 1378 1387 nihil
1416 1347 1558 1400 potuit

229 1421 320 1448 esse
344 1406 561 1459 prolixius.
605 1405 668 1447 De
694 1420 737 1446 re
763 1405 931 1459 publica
956 1408 1097 1445 autem
1122 1405 1182 1445 ita
1206 1419 1367 1446 mecum
1392 1405 1559 1446 locutus
1579 1422 1613 1446 20

230 1468 311 1519 est,
349 1465 470 1518 quasi
505 1479 592 1505 non
628 1464 803 1504 dubium
843 1464 1002 1504 bellum
1032 1463 1294 1504 haberemus.
1355 1462 1477 1504 Nihil
1508 1463 1560 1504 ad

231 1539 347 1577 spem
390 1523 644 1564 concordiae.
706 1522 834 1563 Plane
877 1522 999 1563 illum
1043 1537 1066 1563 a
1107 1537 1149 1563 se
1193 1523 1421 1563 alienatum
1464 1536 1560 1563 cum

229 1584 326 1622 ante
351 1582 627 1637 intellegeret,
658 1584 750 1622 tum
774 1595 872 1622 vero
898 1595 1103 1634 proxume
1127 1581 1341 1622 iudicasse.
1381 1580 1559 1622 Venisse

229 1640 420 1681 Hirtium
452 1655 475 1680 a
508 1639 702 1694 Caesare,
743 1640 816 1693 qui
848 1642 959 1680 esset
998 1640 1062 1679 illi
1094 1639 1467 1692 familiarissimus,
1508 1639 1559 1679 ad

231 1714 274 1740 se
304 1713 390 1739 non
423 1699 658 1753 accessisse,
691 1701 744 1753 et,
775 1713 870 1739 cum
901 1698 972 1738 ille
998 1713 1031 1738 a.
1053 1698 1088 1739 d.
1109 1710 1191 1738 vm
1215 1697 1314 1738 Idus
1339 1697 1556 1738 Decembr.
1577 1712 1611 1738 25

230 1758 393 1811 vesperi
433 1758 636 1812 venisset,
677 1757 837 1797 Balbus
886 1756 935 1797 de
974 1759 1067 1797 tota
1107 1771 1151 1797 re
1192 1756 1482 1797 constituisset
1523 1770 1557 1796 a.

231 1817 266 1857 d.
307 1828 372 1857 VII
415 1816 465 1856 ad
509 1816 747 1870 Scipionem
796 1818 892 1856 ante
940 1815 1075 1856 lucem
1124 1815 1282 1868 venire,
1330 1814 1465 1854 multa
1508 1814 1558 1854 de

230 1878 352 1916 nocte
402 1889 496 1915 eum
544 1875 781 1928 profectum
831 1888 920 1914 esse
969 1873 1020 1914 ad
1064 1872 1293 1914 Caesarem.
1360 1871 1452 1913 Hoc
1494 1872 1559 1912 illi

232 1934 517 1987 τεκμηριῶὸες
548 1933 768 1973 videbatur
800 1947 890 1973 esse
922 1931 1198 1972 alienationis.
1257 1930 1366 1978 Quid
1396 1930 1558 1971 multa?

230 1991 340 2032 nihil
370 2006 436 2032 me
469 1991 582 2032 aliud
613 1991 868 2045 consolatur,
897 1990 980 2031 nisi
1007 1989 1118 2044 quod
1143 1989 1275 2043 illum,
1308 1989 1408 2042 quoi
1433 1989 1559 2030 etiam
1577 2005 1612 2030 30

231 2050 391 2091 inimici
429 2050 608 2091 alterum
645 2050 928 2103 consulatum,
964 2049 1134 2089 fortuna
1172 2062 1379 2088 summam
1415 2050 1560 2101 poten-

231 2109 335 2149 tiam
367 2108 538 2162 dederit,
568 2122 655 2149 non
685 2108 870 2148 arbitror
900 2107 989 2148 fore
1015 2109 1101 2146 tam
1129 2108 1349 2160 amentem,
1378 2108 1427 2146 ut
1456 2105 1561 2146 haec

231 2167 277 2207 in
307 2167 531 2207 discrimen
562 2167 750 2207 adducat.
812 2165 969 2214 Quodsi
1000 2178 1120 2205 ruere
1157 2165 1359 2218 coeperit,
1396 2178 1449 2204 ne
1480 2177 1558 2218 ego

232 2225 365 2265 multa
395 2226 541 2280 time03
574 2240 678 2279 quae
708 2239 796 2266 non
827 2224 956 2265 audeo
989 2223 1179 2264 scribere.
1242 2223 1340 2278 Sed,
1370 2225 1418 2263 1113
1448 2235 1560 2263 nunc
1663 2270 1665 2277 A

233 2285 309 2337 est,
341 2298 373 2323 a.
407 2283 442 2324 d.
475 2295 525 2324 111
556 2282 701 2324 Nonas
733 2282 817 2324 Ian.
851 2283 902 2323 ad
932 2281 1080 2323 urbem
1112 2281 1263 2336 cogito.
1577 2294 1611 2321 :35
1663 2284 1665 2292 '
