1665 2553
208 93 295 134 540
635 92 683 127 M.
711 92 853 126 TULLI
880 91 1128 127 CICERONIS

210 188 294 229 mei
333 188 501 229 consilii
532 188 789 243 rettulisset,
826 191 869 228 te
899 187 986 228 vidi
1018 187 1164 229 Veliae
1197 188 1398 242 doluique
1427 188 1552 230 vehe-

213 249 387 287 menter.
441 245 626 288 Cedebas
653 247 778 302 enim,
807 247 951 301 Brute,
978 246 1165 302 cedebas,
1192 247 1393 301 quoniam
1419 246 1552 289 Stoici

168 318 186 348 6
213 305 353 346 nostri
382 308 542 360 negant
573 306 719 359 fugere
752 306 973 359 sapientes.
1036 305 1218 346 Romam
1249 308 1297 346 ut
1328 307 1434 360 veni,
1466 309 1552 347 sta-

212 365 291 405 tim
324 379 391 405 me
423 364 561 405 obtuli
592 364 756 405 Antoni
789 365 935 405 sceleri
968 367 1094 418 atque
1126 364 1369 406 dementiae.
1420 364 1551 413 Quem

213 437 308 464 cum
346 423 391 463 in
427 437 494 464 me
533 423 836 478 incitavissem,
878 423 1053 464 consilia
1084 423 1190 464 inire
1222 423 1341 477 coepi
1371 423 1552 464 Brutina
1588 440 1605 466 5

212 482 336 536 plane
380 480 529 537 (vestri
563 482 674 522 enim
715 482 819 523 haec
863 485 961 523 sunt
1003 482 1175 536 propria
1212 481 1450 537 sanguinis)
1491 482 1552 523 rei

213 541 406 594 publicae
437 541 689 581 liberandae.
753 540 900 595 Longa
933 543 1049 595 sunt,
1089 555 1195 594 quae
1226 543 1401 596 restant,
1437 555 1552 594 prae-

213 599 433 653 tereunda3
478 602 590 640 sunt-
615 600 727 640 enim
764 600 813 640 de
850 614 934 654 me,
978 602 1145 640 tantum
1183 599 1293 654 dico,
1331 598 1553 640 Caesarem

212 658 326 699 hunc
359 658 679 711 adulescentem,
718 673 792 711 per
824 673 948 712 quem
981 658 1116 699 adhuc
1149 673 1306 712 sumus,
1339 659 1375 699 si
1406 673 1553 699 verum

213 717 337 757 fateri
369 717 578 772 volumus,
610 717 782 758 fluxisse
814 732 864 758 ex
896 718 1014 758 fonte
1046 717 1321 758 consiliorum
1349 731 1551 758 meorum.
1572 735 1606 759 10

170 787 187 817 7
215 775 327 816 Huic
366 775 504 816 habiti
537 791 560 817 a
597 791 664 816 me
702 775 884 817 honores
915 776 1023 816 nulli
1057 777 1245 830 quidem,
1284 775 1434 831 Brute,
1471 776 1553 817 nisi

214 834 362 889 debiti,
399 835 507 875 nulli
545 835 630 875 nisi
668 835 905 875 necessarii.
967 834 1028 876 Ut
1066 835 1177 875 enim
1215 835 1400 888 primum
1431 835 1554 876 liber-

213 896 345 934 tatem
382 908 576 934 revocare
614 894 848 948 coepimus,
886 908 981 934 cum
1014 908 1056 934 se
1087 893 1276 934 nondum
1306 908 1358 935 ne
1390 893 1553 935 Decimi

215 952 382 1005 quidem
420 952 544 993 Bruti
582 952 724 993 divina
760 953 896 993 virtus
941 952 1002 993 ita
1033 953 1347 1006 commovisset,
1390 955 1439 993 ut
1469 953 1554 993 iam

213 1011 256 1051 id
301 1011 406 1052 scire
449 1025 688 1064 possemus,
733 1014 860 1065 atque
905 1025 1027 1052 omne
1067 1011 1323 1065 praesidium
1362 1014 1472 1052 esset
1509 1011 1606 1053 in15

214 1084 361 1123 puero,
403 1070 476 1123 qui
517 1085 541 1110 a
578 1070 810 1111 cervicibus
847 1070 1006 1111 nostris
1046 1070 1269 1111 avertisset
1305 1069 1554 1125 Antonium,

214 1129 308 1181 quis
340 1129 477 1169 honos
509 1129 546 1169 ei
577 1143 664 1169 non
696 1129 778 1169 fuit
811 1129 1125 1169 decernendus?
1176 1128 1441 1183 Quamquam
1474 1142 1551 1183 ego

214 1187 276 1227 illi
320 1190 412 1228 tum
455 1187 681 1228 verborum
724 1187 891 1228 laudem
935 1187 1068 1228 tribui
1114 1202 1288 1241 eamque
1331 1187 1552 1241 modicam,

214 1246 378 1286 decrevi
422 1246 548 1286 etiam
591 1245 835 1299 imperium3
880 1246 993 1299 quod
1038 1260 1293 1299 quamquam
1330 1246 1553 1286 videbatur

213 1304 277 1344 illi
316 1305 445 1345 aetati
482 1304 784 1356 honorificum,
821 1306 965 1344 tamen
996 1307 1085 1344 erat
1117 1304 1346 1345 exercitum
1376 1304 1551 1345 habenti
1572 1321 1606 1346 20

213 1363 505 1403 necessarium.
569 1362 677 1411 Quid
719 1363 829 1403 enim
868 1365 932 1403 est
971 1363 1060 1403 sine
1098 1363 1274 1416 imperio
1314 1363 1551 1404 exercitus?

216 1420 409 1462 Statuam
464 1420 687 1475 Philippus
750 1421 950 1475 decrevit,
1013 1422 1271 1462 celeritatem
1332 1421 1552 1475 petitionis

214 1481 351 1534 primo
386 1480 576 1535 Servius,
613 1482 712 1533 post
748 1480 952 1521 maiorem
993 1481 1121 1520 etiam
1154 1479 1368 1521 Servilius.
1430 1479 1553 1521 Nihil

167 1549 186 1579 8
213 1543 305 1580 tum
336 1539 514 1579 nimium
546 1538 777 1579 videbatur.
836 1538 917 1580 Sed
947 1539 1089 1579 nescio
1122 1553 1204 1592 quo
1234 1539 1358 1580 modo
1385 1539 1551 1580 facilius

218 1598 262 1638 in
293 1598 445 1638 timore
476 1598 650 1652 benigni
683 1613 809 1651 quam
841 1598 887 1638 in
916 1598 1095 1638 victoria
1128 1598 1239 1651 grati
1271 1597 1550 1651 reperiuntur.
1572 1614 1605 1640 25

214 1657 308 1711 Ego
348 1657 476 1710 enim,
514 1656 563 1697 D.
590 1656 726 1697 Bruto
765 1656 946 1697 liberato
979 1670 1074 1697 cum
1104 1656 1363 1697 laetissimus
1395 1656 1466 1697 ille
1498 1656 1552 1697 ci-

213 1715 338 1756 vitati
370 1716 457 1755 dies
490 1715 715 1755 inluxisset
746 1715 942 1769 idemque
973 1729 1071 1755 casu
1098 1715 1223 1756 Bruti
1248 1715 1401 1755 natalis
1429 1717 1552 1770 esset,

215 1774 395 1828 decrevi,
432 1776 480 1814 ut
517 1774 561 1814 in
602 1773 725 1814 fastis
765 1774 817 1814 ad
854 1788 949 1814 eum
989 1774 1099 1814 diem
1130 1773 1253 1814 Bruti
1291 1787 1446 1814 nomen
1483 1773 1551 1814 ad-

215 1833 482 1887 scriberetur,
512 1832 556 1872 in
589 1846 722 1886 eoque
754 1847 848 1872 sum
873 1832 1081 1873 maiorum
1107 1832 1345 1886 exemplum
1372 1834 1551 1886 secutus,

215 1892 287 1945 qui
317 1891 430 1932 hunc
460 1891 665 1932 honorem
696 1891 863 1931 mulieri
894 1891 1116 1932 Larentiae
1147 1891 1402 1946 tribuerunt,
1433 1890 1550 1931 cuius
1570 1907 1605 1933 30

214 1964 288 1990 vos
327 1950 550 2003 pontifices
588 1949 638 1990 ad
677 1964 791 1990 aram
829 1950 874 1990 in
904 1949 1088 1990 Velabro
1128 1949 1379 1990 sacrificium
1415 1949 1551 1990 facere

215 2009 373 2049 soletis.
436 2007 558 2056 Quod
597 2022 675 2062 ego
707 2022 802 2048 cum
835 2008 986 2048 dabam
1018 2007 1173 2062 Bruto,
1208 2010 1354 2048 notam
1387 2021 1476 2048 esse
1506 2008 1552 2048 in

215 2067 338 2108 fastis
372 2066 640 2121 gratissimae
665 2066 868 2107 victoriae
895 2066 1196 2120 sempiternam
1221 2066 1426 2108 volebam.
1476 2065 1552 2106 At·

215 2140 296 2178 que
321 2125 395 2166 illo
423 2125 489 2166 die
514 2125 695 2179 cognovi
719 2126 833 2166 haud
855 2124 981 2178 paulo
1008 2125 1150 2178 plures
1176 2125 1222 2165 in
1248 2127 1396 2166 senatu
1422 2124 1551 2165 male-

213 2184 333 2224 volos
371 2198 459 2224 esse
504 2198 630 2237 quam
675 2186 830 2238 gratos.
892 2183 972 2224 Per
1015 2198 1085 2224 eos
1131 2183 1247 2237 ipsos
1285 2183 1372 2224 dies
1411 2183 1550 2238 effudi,
1570 2199 1604 2225 35

215 2242 251 2282 si
288 2242 349 2282 ita
386 2243 469 2296 vis,
505 2242 688 2283 honores
727 2242 769 2282 in
808 2245 1017 2295 mortuos,
1055 2241 1245 2282 Hirtium
1287 2244 1328 2282 et
1358 2241 1552 2296 Pansam,

212 2299 412 2354 Aquilam
446 2301 582 2341 etiam.
635 2300 755 2350 Quod
782 2301 877 2354 quis
902 2300 1190 2355 reprehendet,
1220 2300 1305 2341 nisi
1331 2300 1404 2353 qui
1429 2300 1552 2353 depo-
