1665 2553
199 68 285 108 274
625 67 673 102 M.
700 67 842 101 TULLI
868 66 1116 101 CICERONIS

200 166 242 204 et
278 162 579 204 Armeniorum
624 165 665 204 et
708 162 963 204 Colchorum
1004 162 1146 215 copias
1191 162 1243 203 ad
1284 177 1374 203 eam
1416 163 1544 204 addu-

201 223 321 263 cere‘?
353 237 420 262 me
451 222 555 266 meis
588 221 751 262 civibus
784 221 958 276 famem,
996 221 1241 262 vastitatem
1273 221 1428 262 inferre
1459 221 1543 262 Ita-

199 281 309 321 liae‘?
359 280 485 321 Hunc
516 280 700 334 primum
725 280 950 320 mortalem
977 293 1078 333 esse,
1113 280 1258 320 deinde
1285 280 1412 320 etiam
1437 280 1544 321 mul-

200 340 257 380 tis
289 339 425 380 modis
458 353 581 393 posse
613 338 828 393 exstingui
860 337 1118 393 cogitabam,
1150 338 1298 379 urbem
1330 341 1470 379 autem
1502 341 1544 379 et

200 398 406 452 populum
432 400 627 438 nostrum
657 396 908 438 servandum
932 397 983 437 ad
1008 397 1388 452 immortalitatem,
1415 411 1543 451 quan-
1581 413 1597 439 5

201 460 293 497 tum
325 457 369 497 in
399 456 524 496 nobis
557 458 677 509 esset,
709 455 931 509 putabam,
965 458 1005 495 et
1038 458 1180 496 tamen
1212 470 1307 509 spes
1341 456 1545 509 quaedam

200 530 267 556 me
300 515 541 556 oblectabat
573 514 663 555 fore
696 517 743 554 ut
771 514 930 567 aliquid
957 514 1212 569 conveniret,
1243 514 1386 568 potius
1419 529 1545 568 quam

204 577 276 615 aut
308 573 377 614 hic
409 576 576 613 tantum
610 573 779 613 sceleris
814 575 886 613 aut·
918 572 990 613 ille
1022 575 1189 612 tantum
1214 573 1368 627 fiagitii
1395 573 1545 613 admit-

200 635 320 673 teret.
382 632 479 672 Alia
510 628 585 672 res
618 646 729 672 nunc
768 634 859 672 tot-a
901 634 981 686 est,
1020 631 1101 671 alia
1138 645 1256 672 mens
1293 646 1396 672 mea.
1460 630 1544 685 Sol,

202 694 250 731 ut
277 694 341 731 est
374 691 417 731 in
444 693 517 731 tua
546 690 727 744 quadam
752 690 949 744 epistula,
981 690 1183 730 excidisse
1208 690 1314 730 mihi
1340 704 1360 730 e
1386 690 1543 730 mundo
1563 707 1598 732 10

201 749 377 790 videtur.
439 748 499 789 Ut
532 751 727 804 aegroto,
767 749 866 789 dum
905 748 1043 789 anima
1076 751 1158 803 est,
1197 763 1291 802 spes
1324 763 1413 789 esse
1446 748 1544 789 dici-

202 811 289 863 tur,
331 808 389 848 sic
422 821 519 863 ego,
560 807 698 861 quoad
729 806 955 861 Pompeius
992 807 1037 847 in
1067 806 1193 847 Italia
1233 807 1335 861 fuit,
1377 821 1544 861 sperare

202 881 288 907 non
320 866 475 907 destiti.
537 865 671 921 Haec,
707 866 809 906 haec
839 880 906 906 me
938 865 1196 918 fefellerunt,
1229 868 1288 920 et,
1320 868 1367 906 ut
1398 880 1544 906 verum

202 926 371 979 loquar,
423 927 537 965 aetas
582 925 666 965 iam
710 940 733 965 a
775 924 987 965 diuturnis
1031 924 1249 965 laboribus
1294 924 1449 965 devexa
1492 924 1545 965 ad

206 985 340 1024 otium
381 983 706 1024 domesticarum
746 998 812 1024 me
853 998 993 1023 rerum
1035 982 1310 1023 delectatione
1348 983 1597 1026 mollivit.15

204 1041 344 1097 Nunc,
396 1042 431 1082 si
478 1042 546 1082 vel
589 1042 822 1095 periculose
867 1041 1171 1095 experiundum
1212 1041 1310 1096 erit,
1353 1041 1543 1095 experiar

205 1104 331 1155 certe,
372 1104 420 1141 ut
460 1100 557 1141 hinc
600 1100 773 1141 avolem.
841 1100 954 1140 Ante
995 1100 1186 1154 oportuit
1226 1100 1427 1154 fortasse3
1472 1100 1543 1140 sed

205 1174 263 1213 ea,
296 1174 401 1213 quae
435 1159 655 1213 scripsisti,
686 1174 752 1199 me
784 1158 1007 1199 tardarunt
1038 1162 1079 1199 et
1106 1159 1335 1199 auctoritas
1362 1158 1542 1198 maxime

157 1230 179 1259 4
205 1221 289 1258 tua.
350 1216 480 1271 Nam,
518 1231 612 1257 cum
645 1217 696 1257 ad
726 1217 838 1257 hunc
870 1217 1007 1257 locum
1041 1217 1267 1271 venissem,
1305 1217 1439 1257 evolvi
1471 1231 1541 1257 vo-

204 1277 348 1317 lumen
380 1276 659 1329 epistularum
690 1278 873 1328 tuarum,
905 1275 1017 1328 quod
1049 1288 1125 1329 ego
1151 1275 1223 1315 snb
1256 1275 1378 1329 signo
1404 1275 1539 1316 habeo
1560 1292 1595 1317 20

206 1349 410 1387 servoque
439 1334 774 1388 diligentissime.
826 1333 932 1373 Erat
964 1333 1096 1387 igitur
1121 1333 1165 1373 in
1192 1348 1250 1388 ea,
1282 1348 1408 1386 quam
1434 1345 1465 1374 X
1490 1333 1540 1374 K.

204 1393 324 1433 Febr.
346 1393 527 1446 dederas,
553 1392 633 1432 hoc
657 1393 802 1432 modo:
833 1390 944 1432 ‘Sed
971 1391 1247 1445 videamus,
1271 1395 1318 1432 et
1344 1390 1540 1433 Gnaeus

207 1451 325 1505 quid
357 1454 491 1505 agat,
540 1453 587 1491 et
627 1451 771 1491 illius
822 1450 1048 1491 rationes
1090 1464 1330 1504 quorsum
1373 1451 1541 1491 fluant.

206 1510 391 1559 Quodsi
436 1510 534 1550 iste
576 1508 781 1550 Italiam
825 1509 1100 1563 relinquet,
1143 1509 1298 1549 faciet
1341 1509 1540 1550 omnino

205 1569 330 1609 male
362 1571 426 1621 et,
467 1570 520 1608 ut
553 1583 642 1623 ego
676 1568 938 1621 existimo,
980 1567 1283 1622 moysem-03,
1324 1567 1406 1608 sed
1437 1570 1541 1608 tum
1561 1582 1594 1615 25

206 1627 395 1668 demum
452 1627 669 1667 consilia
724 1629 903 1667 nostra
959 1626 1307 1666 commutanda
1357 1626 1540 1666 erunt.'

205 1686 299 1727 Hoc
343 1685 490 1726 scribis
531 1688 629 1738 post
667 1685 776 1725 diem
818 1687 1034 1738 quartum,
1073 1699 1198 1738 quam
1237 1684 1287 1724 ab
1325 1684 1428 1724 urbe
1461 1684 1540 1725 dis-

207 1745 420 1785 cessimus.
494 1743 656 1784 Deinde
700 1756 781 1784 VIII
824 1743 874 1784 Κ.
918 1742 1057 1783 Febr:
1110 1743 1119 1760 ³
1137 1742 1347 1783 Tantum
1395 1742 1539 1783 modo

207 1802 405 1844 Gnaeus
446 1805 622 1843 noster
660 1817 737 1855 ne,
781 1805 834 1842 ut
878 1801 1046 1842 urbem
1094 1800 1379 1854 ἀλογίστως
1422 1801 1539 1841 reli-

207 1863 335 1916 quit,
367 1861 437 1901 sic
467 1860 671 1901 Italiam
702 1860 995 1914 relinquat.'
1044 1859 1206 1905 Eodem
1238 1859 1302 1899 die
1334 1859 1407 1899 das
1441 1859 1593 1909 alte-30

205 1935 273 1961 ras
304 1920 484 1974 litteras,
517 1920 670 1973 quibus
702 1919 808 1959 mihi
834 1918 1069 1959 consulenti
1099 1917 1345 1971 planissime
1371 1932 1540 1972 respon-

206 1979 287 2019 des.
337 1978 417 2018 Est
445 1978 556 2019 enim
583 1978 659 2018 sic:
694 1976 810 2018 ‘Sed
841 1977 986 2018 venio
1020 1976 1076 2016 ad
1108 1976 1539 2017 consultationem

206 2040 350 2077 tuam.
403 2036 453 2077 Si
481 2036 674 2077 Gnaeus
700 2035 853 2076 Italia
879 2035 1028 2088 cedit,
1059 2034 1108 2074 in
1134 2034 1306 2074 urbem
1331 2034 1540 2075 redeun-

206 2096 315 2135 dum
357 2099 497 2148 put03
543 2109 664 2148 quae
709 2094 839 2134 enim
882 2093 1005 2134 finis
1046 2093 1539 2146 peregrinationis‘P'

205 2153 299 2194 Hoc
329 2153 435 2193 mihi
466 2153 588 2207 plane
624 2153 780 2206 haesit,
821 2155 861 2193 et
905 2165 1015 2192 nunc
1054 2151 1115 2191 ita
1146 2150 1286 2205 video,
1325 2151 1540 2192 infinitum
1558 2165 1593 2199 35

205 2211 365 2252 bellum
397 2212 586 2252 iunctum
619 2211 855 2252 miserrima
887 2211 1004 2265 fuga,
1048 2223 1174 2262 quam
1215 2212 1262 2250 tu
1302 2210 1540 2265 peregrina-

159 2280 179 2309 5
207 2269 366 2310 tionem
406 2270 654 2325 ὑποκορίζῃ.
718 2269 917 2323 Sequitur
961 2269 1150 2322 χρησμὸς
1187 2279 1234 2308 VI
1271 2268 1326 2308 K.
1358 2267 1540 2308 Februa-
