1665 2553
70 749 104 774 10

72 1043 105 1068 15

75 1335 109 1361 20

77 1628 110 1653 25

80 1921 114 1946 30

81 2213 114 2238 35

397 107 737 142 EPISTULARUM
763 108 828 142 AD
855 108 1057 142 BRUTUM
1083 109 1099 142 I
1127 113 1179 142 15.
1373 108 1455 149 541

121 204 204 245 sito
235 206 352 244 metu
378 203 596 257 praeteriti
621 203 798 257 periculi
823 203 952 244 fuerit
980 203 1168 244 oblitus?
1219 203 1456 244 Accedebat

120 263 171 304 ad
212 262 406 303 beneficii
436 262 683 303 memoriam
715 265 881 317 gratam
912 262 1021 303 ratio
1054 262 1145 317 illa,
1190 276 1296 315 quae
1329 262 1458 303 etiam

119 322 302 376 posteris
353 323 462 362 esset
511 321 721 362 salutaris.
795 321 978 362 Exstare
1023 321 1135 361 enim
1177 320 1372 361 volebam
1415 321 1459 361 111

120 380 432 421 crudelissimos
477 379 622 421 hostes
672 380 933 420 monimenta
977 380 1063 420 odii
1105 379 1265 433 publici
1310 379 1459 432 sempi-

120 442 251 480 terna.
309 437 508 492 Suspicor
539 438 644 479 illud
675 439 754 479 tibi
786 439 926 479 minus
957 438 1142 492 probari,
1174 438 1288 491 quod
1319 453 1342 478 a
1373 438 1459 478 tuis

121 498 421 553 familiaribus,
459 497 632 551 optimis
664 497 750 537 illis
784 497 953 551 quidem
983 497 1097 550 viris,
1138 497 1212 537 sed
1241 497 1287 537 in
1311 511 1355 537 re
1388 511 1460 550 pu-

122 557 232 597 blica
256 556 443 610 rudibus,
475 571 561 597 non
586 556 859 610 probabatur,
888 556 1011 610 quod,
1037 558 1084 596 ut
1112 555 1257 596 ovanti
1282 555 1460 596 introire

123 614 292 657 Caesari
323 615 478 669 liceret,
511 615 774 655 decreverim.
825 615 919 669 Ego
954 617 1094 656 autem
1127 613 1221 669 (sed
1253 628 1345 655 erro
1378 613 1461 654 for-

122 677 235 715 tasse
265 688 342 715 nec
372 676 515 714 tamen
545 674 581 714 is
608 688 712 729 sum,
742 676 792 714 ut
817 688 910 714 mea
934 688 1001 714 me
1026 673 1207 714 maxime
1233 672 1460 728 delectent)

122 733 231 774 nihil
262 732 368 773 mihi
399 732 544 773 videor
574 732 656 773 hoc
688 733 800 773 bello
835 733 1015 773 sensisse
1046 732 1307 786 prudentius.
1375 730 1462 772 Cur

124 794 265 833 autem
302 791 363 832 ita
401 791 475 845 sit,
516 791 787 845 aperiendum
823 805 910 832 non
950 793 1032 845 est,
1068 805 1120 831 ne
1151 790 1287 845 magis
1318 790 1462 830 videar

123 850 324 905 providus
368 850 498 891 fuisse
543 864 670 903 quam
714 852 872 904 gratus.
945 849 1039 890 Hoc
1081 850 1222 903 ipsum
1264 849 1461 901 nimium3

125 924 252 963 quare
290 909 372 949 alia
408 909 634 949 videamus
696 908 746 949 D.
780 909 914 949 Bruto
953 908 1114 949 decrevi
1151 908 1354 963 honores,
1397 907 1462 948 de-

125 968 235 1009 crevi
266 967 311 1008 L.
337 967 505 1008 Planco.
566 967 787 1008 Piaeclaia
824 967 898 1008 illa
930 967 1100 1020 quidem
1132 967 1318 1021 inoenia,
1357 980 1463 1020 quae

126 1027 261 1082 gloria
292 1027 546 1081 invitantur,
585 1026 658 1066 sed
690 1028 860 1067 senatus
893 1026 1021 1066 etiam
1054 1025 1233 1081 sapiens,
1264 1025 1349 1079 qui,
1382 1039 1465 1078 qua
1524 1031 1531 1035 ’

127 1099 335 1139 quemque
372 1099 416 1125 re
453 1087 594 1139 putat,
637 1085 763 1125 modo
800 1084 998 1139 honesta,
1042 1084 1094 1125 ad
1130 1099 1218 1124 rem
1250 1084 1464 1137 publicam

126 1144 351 1185 iuvandam
383 1158 507 1197 posse
540 1119 702 1198 adduci,
732 1143 810 1184 hac
841 1144 988 1184 utitur.
1048 1142 1106 1183 At
1138 1143 1182 1183 in
1214 1142 1371 1195 Lepido
1404 1156 1465 1183 re-

126 1202 443 1256 prehendimur,
475 1203 542 1243 cui
573 1217 668 1242 cum
697 1205 884 1242 statuam
910 1202 955 1242 in
978 1202 1130 1242 rostris
1156 1201 1466 1255 statuissemus,

126 1261 237 1302 idem
274 1261 391 1302 illam
429 1260 668 1301 evertimus.
736 1259 827 1301 Nos
865 1261 988 1301 illum
1026 1259 1186 1301 honore
1225 1259 1464 1300 studuimus

127 1335 151 1360 a
193 1320 335 1360 furore
379 1334 584 1360 revocare.
647 1319 763 1360 Vicit
807 1320 990 1360 amentia
1032 1319 1237 1360 levissimi
1279 1318 1465 1359 hominis

128 1381 318 1419 nostram
348 1378 635 1433 prudentiam3
678 1392 756 1419 nec
794 1381 936 1419 tamen
967 1380 1137 1418 tantum
1167 1378 1212 1418 in
1244 1377 1467 1418 statuenda

128 1436 276 1490 Lepidi
314 1439 455 1477 statua
491 1437 650 1478 factum
687 1440 750 1477 est
788 1437 890 1477 mali
929 1439 1136 1490 quantum
1167 1436 1212 1477 in
1244 1435 1468 1477 evertenda

129 1495 241 1536 boni.

220 1553 332 1594 Satis
373 1553 508 1594 multa
545 1553 595 1594 de
630 1553 884 1607 honoribus3
927 1568 1038 1594 nunc
1076 1553 1125 1593 de
1162 1567 1297 1606 poena
1336 1567 1467 1605 pauca

131 1612 303 1653 dicenda
347 1615 456 1652 sunt.
529 1611 725 1652 Intellexi
770 1612 880 1651 enim
925 1625 975 1651 ex
1015 1611 1101 1652 tuis
1147 1625 1269 1664 saepe
1312 1611 1467 1651 litteris

130 1674 172 1712 te
204 1671 248 1711 in
279 1671 350 1725 iis,
393 1685 499 1724 quos
532 1670 643 1711 bello
678 1670 882 1725 devicisti,
914 1669 1180 1710 clementiam
1211 1672 1330 1710 tuam
1361 1669 1468 1709 velle

130 1729 303 1770 laudari.
366 1729 580 1769 Existimo
620 1728 811 1782 equidem
849 1727 958 1768 nihil
996 1743 1019 1768 a
1050 1731 1092 1768 te
1123 1728 1207 1768 nisi
1240 1728 1468 1780 sapientem

133 1788 205 1829 sed
237 1788 404 1828 sceleris
438 1802 616 1841 poenam
648 1787 983 1840 praetermittere
1017 1784 1080 1840 (id
1112 1787 1223 1827 enim
1249 1789 1324 1840 est,
1357 1786 1469 1839 quod

131 1849 305 1887 vocatur
335 1846 590 1901 ignoscere),
634 1846 801 1886 etiamsi
832 1845 877 1885 in
908 1845 1057 1885 ceteris
1090 1845 1216 1885 rebus
1248 1845 1469 1886 tolerabile

134 1907 216 1959 est,
257 1905 301 1946 in
343 1905 423 1945 hoc
465 1905 577 1945 bello
621 1904 905 1958 perniciosum
950 1906 1065 1956 puto.
1136 1902 1315 1943 Nullum
1357 1903 1469 1944 enim

133 1962 292 2004 bellum
323 1963 445 2004 civile
476 1963 558 2003 fuit
590 1963 634 2003 in
664 1965 812 2003 nostra
842 1977 887 2003 re
918 1962 1088 2015 publica
1120 1962 1326 2016 omnium,
1364 1976 1470 2015 quae

133 2021 335 2062 memoria
366 2036 458 2062 mea
489 2022 678 2075 fuerunt,
714 2022 758 2061 111
791 2035 874 2074 quo
908 2020 1019 2060 bello
1051 2034 1153 2073 non,
1192 2023 1470 2073 utracumque

134 2094 232 2133 pars
264 2080 448 2135 vicisset,
479 2082 621 2120 tamen
652 2080 794 2133 aliqua
825 2080 961 2119 forma
994 2081 1104 2119 esset
1134 2079 1279 2119 futura
1311 2079 1371 2119 rei
1397 2093 1470 2131 pu-

135 2138 279 2178 blicae.
329 2138 422 2179 Hoc
453 2138 565 2179 bello
597 2138 779 2179 victores
813 2152 939 2191 quam
970 2151 1059 2177 rem
1091 2137 1305 2190 publicam
1339 2137 1470 2178 simus

133 2196 334 2250 habituri,
365 2211 450 2237 non
482 2197 602 2237 facile
635 2197 903 2250 adfirmarim,
933 2196 1056 2236 victis
1088 2198 1198 2236 certe
1230 2195 1347 2235 nulla
1379 2210 1471 2236 um-

136 2269 261 2307 quam
293 2254 383 2295 erit.
444 2254 546 2295 Dixi
582 2255 714 2309 igitur
754 2254 984 2295 sententias
1016 2254 1061 2294 in
1092 2253 1345 2308 Antonium,
1385 2254 1472 2294 dixi

134 2312 179 2353 in
210 2312 414 2366 Lepidum
447 2327 611 2354 severas
641 2327 777 2366 neque
808 2316 897 2353 tam
923 2312 1151 2353 ulciscendi
1178 2327 1314 2367 causa,
1346 2327 1473 2366 quam

1495 1564 1538 1593 10
