1665 2553
185 64 313 99 CXXX
606 64 885 98 ADNOTATIO
913 63 1099 98 CRITICA

182 157 277 191 HA.
298 157 402 192 Koch
427 169 517 191 mus.
540 157 653 191 Rhen.
675 157 742 191 XII
767 170 800 202 p.
824 162 901 192 271.
952 160 962 201 ΙΙ
1011 158 1057 192 Ρ.
1077 157 1167 193 439.
1188 162 1207 192 8
1240 159 1303 193 hoc
1327 158 1516 198 Wesenb.‚

183 205 286 239 Boot.
330 204 388 238 Ad
412 217 447 248 p.
465 209 518 238 12.
535 209 563 238 6.
591 225 636 229 —
664 208 706 238 15
733 209 771 239 at
795 203 980 246 Cratand,
1007 204 1191 247 Wesenb.,
1216 205 1319 239 Boot.
1360 205 1398 240 Si
1424 217 1516 250 opus

184 253 282 285 esset
305 251 528 294 mutatione,
562 251 713 285 mallem
739 262 819 285 eece.
862 272 896 276 -—
943 255 985 284 17
1012 256 1085 285 tam
1111 252 1232 294 codd.,
1265 253 1359 287 Boot
1385 253 1515 294 dubit,

183 298 327 342 Tyr-rell
352 309 406 342 ep.
424 302 500 332 710.
527 319 572 323 -
606 301 648 332 19
674 299 762 332 dicit
786 298 912 331 Baiter
936 298 1052 341 tacit,
1078 297 1263 341 Wesenb,
1289 300 1387 334 dedit
1410 299 1514 333 tacit.

184 343 308 386 Orelli,
334 345 438 388 Boot,
466 344 608 388 Tyr-rell
633 344 755 378 nescio
784 356 829 378 an
855 355 947 378 vere.
985 346 996 389 ΙΙ
1040 345 1084 379 Ρ.
1105 344 1195 380 440.
1217 349 1259 379 12
1285 357 1384 380 nime
1408 358 1515 390 quam

185 391 339 425 Schiche
379 391 626 425 ‘Festschrift'
663 394 751 425 1881
784 403 818 435 p.
842 395 908 424 228
935 393 993 435 (4).
1044 391 1085 425 V.
1119 391 1310 426 Lehmann
1348 392 1514 434 Quaestt.

182 450 216 481 p.
240 442 306 472 134
322 449 372 481 sq.
395 438 438 472 cf.
459 439 560 472 Brut.
576 441 629 472 60.
646 441 723 471 217.
763 459 807 463 -
847 441 889 471 16
916 439 1049 481 eritque
1073 459 1118 463 —
1143 440 1259 473 maior
1282 439 1320 473 in
1345 440 1514 484 parenth.

182 484 353 518 Wesenb.
392 485 451 518 Ad
475 488 644 529 p.16.14.
667 506 711 509 -
745 488 787 518 18
816 484 939 519 Cuius
963 489 1072 519 morte
1098 486 1284 528 laetamur,
1310 487 1390 521 etus
1415 487 1516 529 facta

181 531 405 574 defendimus
437 531 527 566 coni.
549 532 642 565 Boot
675 532 782 575 ‘part
803 532 980 573 interfecti
1009 542 1083 565 non
1107 532 1215 566 modo
1241 532 1416 576 otiosum,
1450 533 1516 567 sed

183 578 364 622 ineptum’
399 578 588 622 iudicans,
621 590 651 611 v.
675 582 717 611 19
749 582 834 612 tam
864 589 978 612 severe
1003 577 1111 612 idem.
1155 579 1214 612 Ad
1237 591 1272 623 p.
1288 583 1365 613 211.
1383 584 1436 613 27.
1470 601 1515 604 —-

183 628 227 658 30
248 625 414 659 XXI-
438 626 587 659 habebat
612 625 650 658 in
677 624 844 669 parenth.
860 624 1044 667 Wesenb,
1070 625 1173 659 Boot.
1217 626 1276 659 Ad
1300 630 1461 670 p.16.14.
1504 627 1516 671 Η

228 672 273 706 Ρ.
289 670 377 706 441.
393 675 413 705 8
440 684 492 706 me
517 671 683 705 omisisse
709 673 888 715 putantur
914 672 1017 705 codd.
1039 672 1101 714 (ad
1126 684 1158 715 p.
1178 675 1322 715 11.11).-,
1348 673 1442 715 vide,
1468 684 1515 707 ne

182 718 373 752 omiserint
390 730 503 751 unam
521 719 687 752 litteram
706 730 754 752 m:
776 719 993 753 meministin
1012 730 1074 752 me.
1107 719 1165 751 Ad
1183 723 1346 762 p.400.7.
1366 741 1411 744 —
1432 724 1512 763 9sq.

182 766 301 800 debere
321 765 450 798 addidi
471 768 556 798 ante
576 766 625 807 di,
652 769 808 808 oportere
829 765 1021 799 Schuetzio
1043 767 1191 799 auctore
1205 765 1389 809 Wesenb.,
1409 766 1514 809 Boot,

182 817 337 855 oportere
362 813 482 846 vocari
506 812 642 853 Baiter,
667 812 869 857 [oportere]
896 812 1014 846 vocari
1033 811 1175 855 Tyrrell
1202 823 1255 856 ep.
1274 816 1339 846 713
1359 817 1517 857 oporte-re

182 869 253 892 non
283 858 505 901 ‘absolutely
526 859 735 902 necessary’
764 860 878 901 ratus,
904 859 1003 902 quod
1021 859 1155 902 probat
1175 858 1314 893 Gurlitt
1335 859 1517 894 ‘Berliner

181 905 309 949 philol.
330 905 606 939 VVochenschr’
638 909 737 938 1897.
767 909 872 946 1107,
912 916 979 939 om.
1002 905 1192 939 Andr-esen
1219 906 1323 949 epist.
1346 906 1408 940 sel.
1429 906 1462 940 V
1482 911 1513 940 2.

181 952 235 985 Ne
276 952 374 996 apud
408 952 607 996 Apuleium
645 952 794 995 quidem
836 951 1110 985 recentissimus
1153 952 1273 986 editor
1309 953 1398 987 tulit
1433 964 1513 988 eon-

181 1000 384 1033 clamarunt
409 1000 592 1042 lapidibus
617 1000 781 1033 obrutum
802 999 987 1042 publicum
1012 1000 1145 1032 malum
1167 1000 1308 1042 publice
1333 1001 1517 1034 vindicari

181 1045 308 1079 Metx
324 1050 343 1079 6
369 1050 532 1090 112274,
559 1045 837 1089 locupletiorem
864 1047 1050 1078 auctorem
1076 1045 1206 1079 similis
1231 1046 1405 1080 licentiae
1429 1047 1514 1080 novi

181 1092 374 1126 neminem.
401 1114 445 1117 —
477 1096 520 1126 25
547 1091 731 1126 auctores?
769 1092 850 1125 edd.
870 1094 1018 1135 praeter
1045 1091 1090 1123 W
1094 1092 1349 1136 esenbergium
1375 1094 1412 1126 et
1437 1093 1513 1126 An-

182 1139 385 1173 dresenum.
430 1139 487 1172 Ad
514 1138 546 1172 S.
568 1139 672 1172 Rosc.
694 1142 798 1182 1144.
815 1142 858 1171 24
885 1140 951 1172 etc.
985 1159 1030 1162 —
1068 1141 1111 1171 28
1127 1150 1178 1181 sq.
1200 1140 1293 1182 quod
1317 1151 1514 1183 numquam

182 1187 365 1220 accidisset
389 1185 427 1218 in
452 1185 620 1229 parenth.
643 1185 724 1219 edd.
746 1185 807 1229 (ad
832 1188 1010 1229 p.16.14),
1037 1185 1130 1228 quod
1148 1186 1289 1219 utinam
1309 1187 1515 1221 accidisset!

181 1232 272 1266 I.Fr.
289 1232 456 1275 Gronov„
481 1232 617 1265 Baiter.
638 1253 683 1256 —
710 1235 752 1265 32
780 1229 971 1275 ῥίξόθεμιν
992 1231 1108 1274 codd,
1134 1231 1324 1265 Lehmann
1344 1232 1511 1273 Quaestt.

181 1291 214 1323 p.
230 1283 286 1321 44,
314 1290 395 1312 cum
416 1290 520 1312 cruce
541 1278 702 1312 &Vesenb
718 1307 725 1320 ,
751 1278 845 1312 Boot
864 1278 955 1312 coni.
971 1276 1071 1322 ῥήξει
1090 1277 1208 1322 θέμις,
1235 1278 1388 1322 Tyrrell,
1415 1278 1511 1324 ῥἠξί-

181 1328 294 1369 θεμιν
313 1325 456 1368 Bosius,
481 1326 617 1366 Baiter,
644 1325 843 1359 Audi-esen.
878 1355 887 1371 Ἴ,
919 1323 1116 1359 P.442.13
1136 1326 1341 1371 [equidem]
1359 1325 1512 1360 Wesen-

181 1372 281 1417 berg,
308 1372 402 1406 Boot
428 1372 506 1406 soli.
556 1372 615 1406 Ad
639 1384 673 1416 p.
696 1376 749 1405 24.
765 1375 796 1406 8.
835 1393 879 1397 —-
920 1375 962 1405 18
988 1372 1064 1406 sirie
1089 1372 1231 1406 invidia
1255 1384 1298 1407 ‘ne
1324 1374 1410 1407 ante
1435 1374 1513 1408 sirie

182 1430 249 1453 om.
273 1421 350 1453 ΣΔ
376 1419 579 1463 (Lehmann
605 1418 680 1452 Att.
696 1431 729 1462 p.
746 1422 801 1461 90,
824 1421 892 1463 98),
919 1418 1056 1459 Baiter,
1084 1417 1122 1452 O.
1138 1418 1178 1452 E.
1195 1418 1361 1453 Schmidt
1379 1419 1511 1454 Philol.

183 1470 271 1500 1896
291 1470 414 1510 11715,
433 1477 507 1500 non
526 1467 601 1500 sine
615 1466 788 1509 periculo,
806 1477 851 1500 rte
869 1466 945 1500 sirie
964 1463 1106 1500 invidia
1126 1466 1264 1509 quidem
1280 1466 1372 1500 coni.
1383 1465 1509 1501 Orelli.

181 1534 226 1538 —
264 1517 307 1546 24
345 1524 452 1547 curae
488 1512 644 1555 Victor,
682 1512 798 1557 vulg,
836 1523 917 1547 uere
954 1512 1010 1554 M,
1049 1523 1128 1546 vero
1165 1523 1271 1546 curae
1307 1514 1393 1546 vett.
1415 1513 1511 1555 edd,

180 1559 351 1593 Wesenb.
377 1580 422 1584 —
449 1563 491 1593 29
507 1571 558 1602 sq.
578 1560 748 1603 quoniam
772 1580 817 1583 —
841 1559 956 1593 vineis
979 1558 1018 1592 in
1042 1559 1212 1602 parenth.
1239 1558 1410 1593 Wesenb.
1453 1560 1513 1593 Ad

179 1618 214 1650 p.
238 1610 361 1640 16.14.
411 1608 423 1650 ΙΙ
471 1606 516 1641 Ρ.
531 1605 620 1640 443.
636 1609 656 1640 5
683 1606 856 1641 laetitiam
881 1606 993 1640 taedii
1012 1605 1158 1649 plenam
1177 1605 1368 1639 Woelfflin
1387 1605 1509 1640 Herm.

182 1656 272 1687 1882
296 1665 331 1697 p.
355 1657 431 1687 173.
475 1652 517 1687 V.
539 1652 681 1696 Tyrrell
713 1663 767 1696 ep.
791 1656 873 1695 715,
906 1652 1095 1686 Lehmann
1122 1651 1411 1686 ‘Jahresbericht
1445 1652 1511 1686 des

180 1699 307 1744 philol.
331 1699 496 1734 Vereins’
532 1703 620 1734 1888
646 1712 679 1744 p.
703 1703 779 1732 290.
818 1720 863 1724 -
901 1702 944 1733 16
981 1699 1083 1733 redeo
1121 1710 1204 1741 scr,
1241 1699 1354 1741 refero
1392 1699 1509 1742 codd,

180 1747 317 1789 Baiter,
344 1746 441 1790 quod
462 1746 659 1780 defendere
680 1746 792 1779 audet
809 1745 998 1779 Lehmann
1013 1744 1177 1786 Quaestt.
1191 1757 1225 1789 p.
1243 1749 1302 1779 19:
1325 1745 1392 1779 ‘ita
1413 1746 1512 1779 enim

180 1793 343 1837 positum
378 1794 574 1837 reeipiendi
609 1793 760 1827 verbum
797 1793 896 1836 apud
932 1792 1092 1825 Ennium
1128 1791 1338 1832 invenitur’,
1375 1792 1512 1834 referor

183 1840 308 1883 Orelli,
334 1840 452 1882 Klotz,
479 1840 633 1884 Tyr-rell,
658 1851 710 1874 me
736 1839 847 1881 refero
867 1838 1051 1881 Wesenb„
1076 1839 1171 1872 Boot
1194 1838 1288 1871 illud
1310 1836 1511 1872 ‘Ciceronis

182 1887 273 1920 esse’
307 1889 504 1931 negantes,
536 1887 646 1920 immo
682 1897 727 1920 ne
753 1886 926 1920 Latinum
951 1885 1116 1928 quidem,
1152 1885 1250 1928 quod
1276 1884 1405 1927 sciam;
1445 1886 1511 1919 sed

183 1934 323 1977 dubito,
357 1945 403 1967 an
428 1945 501 1967 non
526 1933 646 1978 magis
678 1933 814 1966 dixerit
839 1931 962 1966 Cicero
989 1943 1041 1966 me
1065 1932 1178 1973 refero
1204 1931 1251 1971 ad
1276 1941 1352 1964 rem
1376 1942 1509 1976 propo·

182 1980 302 2023 sitam,
336 1981 438 2015 redeo
471 1980 522 2014 sic
547 1980 586 2013 in
611 1979 669 2013 his
695 1978 865 2023 epistulis
892 1978 1050 2022 amplius
1075 1977 1212 2011 viciens
1237 1977 1423 2012 invenitur
1447 1979 1510 2022 (ad

180 2027 273 2060 *illud
298 2039 331 2070 p.
348 2031 490 2069 131.29,
516 2030 636 2068 3331,
662 2026 749 2060 illuc
772 2025 863 2069 Nep.
885 2025 985 2058 XVII
1003 2028 1035 2058 4.
1052 2028 1147 2065 2eX.,
1174 2034 1281 2057 carm.
1299 2024 1343 2058 de
1362 2024 1421 2069 fig.
1438 2027 1510 2069 90),

180 2077 335 2107 revertor
355 2073 545 2117 aliquanto
565 2073 694 2108 rarius.
716 2093 761 2097 -—
787 2075 830 2105 19
850 2072 1044 2116 peramz’ce
1064 2069 1188 2104 ECOR
1209 2070 1412 2114 (Lehmann
1430 2071 1507 2106 Att.

180 2131 214 2163 p.
232 2123 286 2161 26,
301 2124 356 2161 42,
377 2124 432 2162 49,
449 2124 526 2163 155,
540 2121 632 2164 182),
657 2118 841 2161 Wesenb,
867 2119 976 2152 amice
995 2121 1037 2159 Δ,
1063 2117 1199 2159 Baiter,
1224 2117 1328 2160 Boot,
1353 2118 1507 2162 Tyrrell.

182 2186 226 2190 —
252 2169 296 2198 20
324 2167 402 2200 item
423 2167 505 2200 add.
519 2168 605 2211 post
622 2177 696 2201 non
714 2165 835 2199 Moser
853 2175 973 2209 progr.
988 2163 1073 2197 Ulm
1094 2167 1182 2197 1845
1202 2175 1236 2207 p.
1251 2167 1344 2207 9sq.,
1369 2164 1508 2208 Baiter,

180 2211 427 2256 Wesenberg,
464 2225 497 2257 p.
520 2216 656 2247 50618
694 2223 766 2246 non
803 2211 901 2245 item.
961 2209 1003 2244 V.
1037 2209 1207 2254 Seyfferti
1243 2210 1341 2245 Lael.
1373 2223 1407 2255 p.
1428 2215 1506 2253 122,

179 2258 306 2303 Nigid.
328 2259 446 2303 Figul.
481 2260 580 2303 apud
606 2259 697 2294 Gell.
718 2259 768 2292 XI
788 2262 840 2292 11.
857 2261 877 2291 3
892 2268 963 2300 ex,
1000 2256 1092 2290 Plin.
1114 2256 1231 2290 XVHI
1249 2261 1332 2301 3293
1377 2257 1421 2292 cf.
1445 2257 1507 2292 hic
