1665 2553
314 89 654 124 EPISTULARUM
680 89 744 123 AD
770 88 986 123 ATTICUM
1013 89 1063 123 IV
1089 93 1179 123 3-5.
1337 89 1420 131 109

689 242 794 285 IVa.

251 325 324 360 Ser.
351 326 391 359 in
417 324 564 360 Antiati
589 337 632 359 m.
660 325 750 369 Apr.
778 328 843 359 aut
868 325 963 359 Mai.
992 336 1025 359 a.
1054 327 1128 359 698
1155 327 1246 368 (56).

477 406 668 442 CICERO
692 406 885 441 ATTICO
911 406 1020 442 SAL.

159 479 352 522 Perbelle
394 479 560 534 feceris,
602 479 638 520 si
680 479 731 520 ad
767 493 846 520 nos
884 479 1060 520 veneris.
1125 478 1321 520 Offendes
1355 478 1420 519 116-
1448 490 1465 520 1

39 556 54 582 5
75 539 359 594 signationem
397 538 683 592 Tyrannionis
722 538 944 579 mirificam
983 538 1193 579 librorum
1229 552 1420 579 meorum

74 597 429 652 [bibliothecam],
461 611 643 651 quorum
674 597 878 650 reliquiae
909 597 1045 638 multo
1078 597 1275 638 meliores
1309 598 1421 651 sunt,

73 671 199 711 quam
231 659 438 710 putaram.
501 656 560 697 Et
591 655 719 697 velim
755 655 861 696 mihi
898 656 1045 697 mittas
1089 655 1138 696 de
1170 656 1256 696 tuis
1294 655 1421 696 libra-

72 716 192 756 riolis
231 715 336 756 duos
379 715 564 769 aliquos,
608 714 762 768 quibus
800 714 1013 767 Tyrannio
1052 717 1199 755 utatur
1238 714 1421 769 glutina-

73 774 253 829 toribus,
280 774 331 814 ad
351 776 488 814 cetera
508 773 784 828 administris,
809 773 947 827 iisque
967 774 1159 828 imperes,
1180 775 1228 814 ut
1248 775 1419 814 sumant

20 851 54 876 10
73 833 426 888 membranulam,
465 847 514 873 ex
547 847 629 886 qua
660 832 817 873 indices
849 832 973 887 fiant,
1011 846 1117 886 quos
1149 846 1224 873 vos
1259 830 1419 886 Graeci,

73 894 121 932 ut
153 892 315 946 opinor,
349 891 586 945 σιλλύβους
619 891 854 944 appellatis.
907 889 988 932 Sed
1018 891 1131 946 haec,
1165 891 1201 931 31
1232 890 1314 931 tibi
1340 890 1419 931 6111
1446 902 1466 932 2

74 950 352 992 commodum.
414 949 511 1003 Ipse
541 964 641 991 vero
674 950 822 1003 utique
858 950 924 990 fac
954 950 1118 1005 venias,
1155 950 1190 990 31
1222 952 1343 1003 potes
1374 949 1420 990 in

73 1009 141 1050 his
183 1009 288 1050 locis
329 1008 621 1050 adhaerescere
663 1011 704 1049 61
735 1008 888 1049 Piliam
927 1008 1141 1049 adducere.
1203 1007 1270 1049 Ita
1308 1007 1420 1048 enim
1486 1005 1493 1008 ’

74 1071 115 1109 613
148 1083 329 1122 aequum
370 1070 435 1109 est
474 1070 515 1108 et
557 1067 673 1121 cupit
705 1066 856 1108 Tullia.
919 1066 1084 1108 Medius
1123 1067 1248 1108 fidius
1286 1081 1339 1107 ne
1371 1069 1420 1107 tu

23 1144 55 1170 15
76 1127 215 1167 emisti
246 1127 394 1167 ludum
426 1125 700 1180 praeclarum.
764 1125 1031 1167 Gladiatores
1068 1125 1192 1166 audio
1230 1139 1420 1180 pugnare

74 1186 261 1226 mirifice.
332 1185 376 1227 81
416 1185 554 1226 106616
594 1184 819 1240 voluisses,
859 1184 1024 1225 duobus
1065 1184 1132 1225 his
1172 1183 1419 1225 muneribus

72 1244 308 1285 liberasses.
372 1242 454 1284 Sed
493 1243 595 1284 haec
631 1244 856 1297 posterius,
919 1243 983 1284 Tu
1025 1243 1090 1285 fac
1121 1243 1264 1284 venias
1297 1245 1338 1284 61
1370 1242 1419 1283 116

72 1303 272 1358 librariis,
305 1302 341 1344 si
373 1317 440 1343 me
473 1317 599 1357 amas,
630 1316 732 1355 119113
763 1303 1000 1357 diligenter.

718 1419 770 1461 V.

20 1508 55 1533 20
234 1499 307 1535 Sor.
335 1500 374 1533 in
400 1500 547 1534 Antiati
571 1512 614 1534 m.
642 1500 762 1544 April.
790 1505 854 1536 azot
881 1501 976 1535 Mai.
1004 1512 1037 1535 α.
1066 1502 1139 1535 698
1166 1502 1258 1544 (56).

497 1580 665 1616 CICERO
692 1581 865 1617 ATTICO
894 1582 991 1617 SAL.

163 1652 249 1695 Ain
279 1654 355 1694 tu?
387 1668 453 1694 me
487 1653 704 1695 existimas
733 1654 783 1694 ab
817 1654 905 1695 ullo
932 1654 1058 1695 malle
1084 1669 1177 1695 mea
1206 1654 1293 1709 legi
1324 1668 1417 1707 pro·
1444 1664 1461 1694 1

74 1713 250 1766 barique
282 1727 409 1766 quam
441 1727 464 1753 a
495 1713 565 1753 te‘?
629 1711 714 1754 Cur
746 1713 879 1766 igitur
911 1713 1107 1766 cuiquam
1143 1712 1240 1753 misi
1271 1712 1416 1766 prius?

76 1770 299 1826 Urguebar
332 1771 382 1812 ab
417 1785 477 1825 60,
509 1771 560 1811 611
586 1785 709 1824 quem
735 1771 846 1825 misi,
878 1774 919 1812 et
944 1785 1030 1811 non
1055 1770 1263 1811 habebam
1283 1785 1417 1811 exem-

24 1830 180 1883 25131ar.
231 1829 368 1878 Quid?
412 1829 558 1870 Etiam
585 1828 761 1884 (dudum
787 1829 898 1870 enim
918 1829 1192 1883 circumrodo,
1218 1829 1331 1882 quod
1352 1829 1418 1870 de-

78 1888 311 1929 vorandum
342 1887 424 1943 est)
452 1888 743 1941 subturpicula
773 1888 880 1928 mihi
904 1887 1125 1928 videbatur
1151 1901 1239 1928 6336
1263 1891 1418 1929 παλιν-

79 1947 199 2002 ῳδία.
256 1945 337 1987 8611
367 1947 535 1988 valeant
565 1949 692 2001 recta,
722 1961 831 2000 vera,
863 1946 1041 1987 honesta
1074 1946 1259 1987 consilia.
1316 1945 1417 1988 Non

79 2006 142 2044 est
174 2005 387 2061 credibile,
420 2020 525 2060 quae
557 2005 612 2046 sit
644 2005 818 2058 perfidia
849 2005 894 2045 in
926 2005 1022 2046 istis
1054 2004 1337 2058 principibus,
1368 2007 1417 2046 ut

79 2062 229 2103 volunt
267 2077 356 2104 esse
394 2066 435 2104 61
472 2067 521 2105 111
552 2066 707 2118 essent,
747 2064 782 2104 si
815 2064 1041 2118 quicquam
1071 2063 1276 2104 haberent
1307 2063 1416 2105 fidei.

26 2139 60 2164 30
81 2120 321 2176 86113616111,
359 2136 508 2163 11016111
540 2122 754 2177 inductus,
794 2123 985 2177 relictus,
1025 2122 1237 2176 proiectus
1269 2122 1320 2162 ab
1353 2121 1416 2163 iis.

79 2179 239 2220 Tamen
268 2180 349 2221 hoc
380 2195 493 2222 eram
526 2181 678 2235 animo,
709 2184 757 2221 ut
783 2195 877 2222 cum
903 2181 956 2221 iis
982 2181 1027 2221 in
1058 2195 1102 2220 re
1129 2180 1298 2234 publica
1323 2195 1417 2222 con-

80 2239 291 2279 sentirem.
351 2238 467 2280 Idem
498 2243 630 2294 erant,
662 2240 735 2293 qui
765 2240 944 2280 fuerant.
999 2238 1085 2280 Vix
1116 2238 1342 2292 aliquando
1374 2242 1416 2280 te

81 2300 249 2339 auctore
287 2297 459 2351 resipui.
520 2297 645 2339 Dices
678 2312 725 2339 ea
756 2300 798 2339 16
828 2297 1054 2353 monuisse,
1085 2297 1279 2352 suasisse,
1311 2312 1417 2352 quae
1443 2308 1463 2338 2
