1665 2553
622 92 661 128 P.
681 95 879 126 467-473.
1225 90 1424 126 CXXXVII

85 186 183 230 quod
214 185 426 230 Malaspina
456 185 552 219 vidit
582 185 621 218 in
654 185 732 219 cod.
764 184 990 219 Antoniano’
1026 184 1130 218 Boot.
1163 204 1209 210 —
1241 187 1261 218 5
1288 185 1425 219 litteras

86 233 169 267 add.
196 235 282 278 post
309 233 432 268 Cassio
457 232 525 274 ΜΞ,
550 232 688 275 Baiter,
714 231 899 274 Wesenb,
926 232 1029 265 Boot.
1069 231 1128 265 Ad
1152 243 1187 275 p.
1210 235 1287 265 171.
1304 235 1358 265 30.
1380 252 1425 257 —

87 284 105 314 7
125 281 230 325 quod
248 280 375 314 Baiter
395 290 438 314 ex
459 280 514 313 ed.
529 279 632 313 Rom.
647 279 804 313 fortasse
823 281 931 312 recte.
960 278 1002 313 V.
1019 278 1067 312 ad
1084 282 1249 323 p.10.24.
1265 299 1310 304 —
1331 282 1375 311 14
1394 282 1426 313 et

85 327 226 362 Balbus
257 331 290 362 et
319 328 342 372 †
362 327 511 361 Hirtius
543 338 609 360 scr.
641 326 874 360 intercidisse
910 325 1048 369 Oppius
1072 326 1194 368 ratus,
1228 329 1260 360 et
1284 325 1426 359 Balbus

86 378 118 409 et
142 374 292 409 Hirtius
322 374 345 419 †
365 374 507 418 quidem
538 384 573 408 se
604 378 769 408 acturum
799 373 875 417 (sic.
904 373 1023 415 codd.)
1048 372 1191 415 Baiter,
1228 376 1259 406 et
1283 372 1426 406 Balbus

86 425 118 455 et
141 421 302 463 Hirtius
327 422 389 465 qui
407 421 548 465 quidem
573 431 608 455 se
632 421 832 465 †acturum
858 419 1029 453 Wesenb.
1071 419 1173 460 ‘Quis
1199 430 1272 452 non
1299 429 1343 453 ex
1367 419 1425 462 iis,

87 478 181 511 quae
201 468 438 521 praecedunt,
460 467 630 501 assumit:
657 467 790 509 scribit,
810 478 923 510 quum
941 468 1067 500 tamen
1085 466 1116 500 is
1138 466 1202 509 qui
1223 477 1306 500 011111
1326 464 1425 499 Cice-

86 525 174 549 rone
199 515 239 548 in
261 514 469 548 Tusculano
497 516 591 556 erat,
624 525 698 548 non
724 513 771 547 ad
797 524 879 547 eum
905 513 1076 555 scribere,
1104 513 1170 548 sed
1196 524 1279 547 011111
1305 523 1346 546 00
1373 512 1425 547 10-

88 561 152 605 qui
190 561 398 596 debuerit?
445 562 555 604 Boot,
599 561 664 604 qui
705 560 784 604 ipse
822 572 906 594 scr.:
946 565 977 595 et
1007 542 1159 595 Balbus.
1193 560 1246 594 Et
1276 560 1427 594 Hirtius

88 609 229 652 quidem
259 620 295 643 se
327 609 380 643 ait
404 609 610 651 afuturam,
642 608 805 650 itemque
831 607 974 651 Tyrrell
999 618 1068 641 om.
1096 608 1159 650 ait,
1209 611 1241 642 et
1266 607 1427 649 Balbus5

88 656 142 690 ait
165 655 315 690 Hirtius
341 654 430 689 Ο.Ε.
459 655 627 689 Schmidt
656 654 834 688 Fleckeis.
873 654 992 688 annal.
1022 658 1113 689 1884
1137 666 1171 698 p.
1194 657 1271 688 343.
1299 675 1344 679 —-
1383 656 1426 687 15

87 703 214 736 etenim
238 723 283 727 —
308 706 359 736 est
383 704 487 735 extra
506 701 673 746 parenth.
689 701 826 744 Baiter,
852 701 1003 745 Tyrrell.
1042 701 1102 735 Ad
1118 713 1153 745 p.
1171 704 1289 735 16.14.
1311 721 1356 726 —
1383 704 1426 734 16

88 753 137 783 est
161 754 193 783 et
218 759 237 783 e
265 749 349 791 ‘vc.,
375 749 398 782 l.
419 760 452 783 3:
480 748 519 782 Z'
549 748 738 791 Wesenb.,
765 753 814 783 est
838 748 945 792 vulg,
972 748 1115 790 Baiter,
1141 748 1245 791 Boot,
1270 747 1426 791 Tyrrell,

89 800 120 830 et
149 795 197 829 M.
229 816 275 821 —
312 799 355 829 26
398 796 469 841 Qui
505 795 716 840 Malaspina
753 797 902 829 auctore
939 795 1031 829 miro
1071 805 1250 829 consensu
1287 794 1425 837 Baiter,

89 842 275 884 Wesenb.,
301 842 404 876 Boot.
431 863 478 868 —-
503 846 545 876 27
573 843 654 877 Itus
679 842 826 883 reditus,
851 842 971 877 vultus
995 843 1152 876 incessus
1174 842 1229 875 ‘ut
1249 841 1295 875 de
1314 843 1428 885 poeta

92 889 288 933 desumpta
305 889 440 923 exhib.'
458 889 610 933 Tyr-rell.
655 891 666 933 ΙΙ
709 889 755 924 Ρ.
770 888 860 923 471.
874 894 892 922 2
908 900 939 923 v,
956 888 994 922 Ο.
1010 888 1049 922 Ε.
1067 888 1235 922 Schmidt
1247 888 1424 922 Fleckeis.

92 936 213 970 annal.
237 939 327 969 1884
352 948 386 980 p.
402 939 486 978 343,
519 937 561 970 in
584 936 763 980 Arpinati
793 947 825 970 a.
841 936 873 969 cl.
901 935 1071 970 IVNon.
1102 936 1242 980 Quinct.
1271 935 1427 969 Schiche

93 982 340 1017 ‘Festschrift’
371 986 459 1016 1883
486 995 519 1026 p.
536 986 722 1016 241-245
755 984 938 1026 (17—21),
977 983 1018 1016 in
1054 983 1156 1016 Tusc.
1176 985 1237 1016 28.
1258 982 1343 1016 oder
1367 985 1426 1016 29.
1488 1003 1495 1006 -

90 1031 174 1064 Iun.
201 1030 319 1063 Ruete
346 1030 432 1063 diss.
460 1029 576 1063 Marb.
600 1033 689 1063 1883
710 1041 743 1074 p.
766 1032 797 1071 8,
823 1029 968 1073 Tyrrell
982 1040 1036 1073 ep.
1054 1032 1132 1071 738,
1151 1030 1192 1062 in
1216 1029 1316 1063 Tusc.
1340 1029 1427 1063 Kal.

90 1077 175 1111 Iun.
212 1076 355 1119 Baiter,
388 1076 560 1110 Wesenb.
606 1097 650 1102 —
694 1080 713 1110 5
730 1088 781 1119 sq.
824 1088 942 1120 quem
974 1077 1092 1111 adhuc
1123 1077 1264 1110 bonum
1295 1077 1429 1118 fuisse

91 1124 270 1158 sciebant
301 1144 345 1149 —-
376 1124 617 1167 consulebant
647 1122 714 1163 ΜΞ,
745 1123 888 1162 Baiter,
921 1123 984 1167 qui
1017 1123 1136 1157 adhuc
1167 1123 1279 1157 bonus
1303 1123 1430 1165 fuisset

93 1171 220 1214 (fuisse
237 1171 389 1205 sciebam
414 1191 458 1195 —
483 1171 574 1214 fore)
596 1181 672 1204 mea
691 1169 845 1223 Tyrrell,
869 1170 1008 1213 fuisset,
1027 1169 1301 1215 <confirmarem
1321 1174 1353 1204 et
1371 1181 1428 1203 εω-

93 1218 247 1261 citarem,
274 1218 338 1251 etsi
362 1218 480 1252 alieno
506 1229 527 1251 a
554 1228 665 1251 causa
691 1217 812 1251 animo
836 1216 975 1261 fuisse>
999 1217 1151 1251 sciebam
1171 1216 1262 1250 coni
1278 1216 1431 1261 Madvig

93 1264 183 1297 Adv.
192 1264 224 1297 H
242 1276 275 1308 p.
286 1267 364 1298 240
378 1285 424 1289 -
450 1264 657 1298 14Rurene
676 1263 848 1297 Wesenb.
854 1264 979 1306 Boot,
994 1263 1064 1307 Tyr
1061 1263 1150 1306 ·,rell
1170 1274 1214 1297 ne
1233 1274 1300 1297 om.
1312 1263 1429 1306 codd,

92 1311 228 1344 Baiter.
248 1311 307 1344 Ad
319 1314 482 1354 p.‘27.l9.
512 1313 523 1355 ΙΙ
554 1309 726 1345 P.472.3
741 1311 834 1344 nihil
847 1310 1150 1351 Wesenb.,Boot.
1171 1310 1230 1343 Ad
1241 1314 1430 1354 1117326.

94 1379 139 1382 -
165 1362 184 1392 6
211 1358 360 1401 epistola
386 1358 469 1391 add.
496 1360 581 1402 post
605 1358 679 1391 iam
702 1357 813 1401 vulg,
840 1357 986 1399 Baiter,
1013 1357 1198 1399 Wesenb,
1224 1356 1327 1391 Boot.
1373 1356 1432 1390 Ad

93 1416 128 1448 p.
150 1408 229 1438 171.
251 1408 304 1438 30.
361 1425 405 1429 -
462 1408 481 1437 9
508 1416 538 1438 V.
560 1404 678 1438 Ruete
702 1416 737 1449 p.
754 1408 791 1446 8,
824 1403 862 1438 O.
879 1404 918 1438 E.
947 1404 1114 1438 Schmidt
1145 1403 1325 1438 Fleckeis.
1348 1414 1430 1437 ann.

96 1454 186 1485 1884
210 1455 323 1495 11344
347 1452 421 1493 (28.
437 1451 523 1485 Mai
534 1452 679 1485 Abencls
704 1451 787 1486 oder
811 1454 869 1485 29.
883 1452 994 1495 frilh),
1019 1455 1167 1485 exeunte
1191 1462 1305 1485 mense
1325 1451 1433 1485 Maio

94 1497 236 1540 Baiter,
268 1499 361 1531 inter
392 1497 451 1531 VI
466 1497 512 1531 K.
534 1502 565 1532 et
582 1498 629 1531 K.
651 1499 735 1532 Iun.
756 1497 994 1542 Wesenberg.
1035 1518 1078 1523 —-
1118 1501 1161 1531 15
1193 1502 1268 1532 tum
1298 1509 1432 1542 yenus

93 1545 272 1579 scribendi
297 1544 353 1577 Fr.
375 1543 543 1578 Schmidt
566 1555 687 1589 progr.
708 1544 872 1578 Norimb.
896 1548 985 1578 1879
1005 1557 1039 1589 p.
1057 1548 1099 1578 37
1121 1544 1178 1588 (cf.
1195 1544 1252 1578 vel
1266 1548 1344 1578 474.
1362 1546 1433 1588 17),

95 1602 174 1625 cum
192 1595 268 1626 tum
286 1601 350 1625 scr.
363 1590 411 1633 M,
433 1602 516 1625 011111
535 1602 640 1625 011100
659 1591 803 1635 Tyrrell
823 1602 877 1635 ep.
889 1595 967 1633 739,
987 1596 1062 1625 tum
1080 1591 1281 1626 scribendi*
1295 1591 1432 1633 Baiter,

95 1642 170 1672 tum
190 1665 197 1671 .
215 1666 221 1672 .
238 1666 244 1671 .
264 1638 442 1672 scribendi
460 1638 554 1672 Boot
574 1638 665 1672 coni.
681 1643 756 1673 tum
774 1636 881 1677 τόνος
898 1638 1086 1681 scribendi,
1108 1638 1173 1671 sed
1191 1638 1325 1671 Mnem.
1343 1641 1431 1671 1892

95 1696 130 1728 p.
154 1688 220 1718 125
251 1684 383 1718 laudat
412 1696 523 1729 yenus
553 1685 746 1727 scribendi,
778 1689 853 1719 tum
879 1696 968 1718 cura
991 1685 1095 1719 scrib.
1121 1686 1220 1726 vett,
1246 1683 1432 1726 WVesenb,

97 1742 209 1766 causa
234 1730 308 1764 alii.
332 1752 373 1756 —-
401 1736 444 1765 26
465 1731 579 1766 ΖΠανΐ.
601 1742 670 1765 om.
692 1731 827 1773 Baiter,
849 1731 1020 1765 Wesenb.
1059 1733 1070 1775 ΙΙ
1112 1731 1158 1766 P.
1174 1730 1264 1765 473.
1281 1735 1300 1764 2
1315 1731 1434 1774 possis

99 1788 166 1811 om.
193 1777 384 1820 Wesenb.,
412 1778 522 1821 Boot,
547 1778 710 1812 retinent
734 1778 876 1820 Baiter,
903 1777 1046 1822 Tyrrell
1072 1788 1127 1822 ep.
1151 1781 1215 1812 741
1244 1777 1344 1819 fals,
1372 1777 1432 1810 de-

96 1824 185 1858 bere
209 1835 278 1859 esse
298 1826 449 1868 poteris
473 1826 573 1858 recte
597 1825 700 1859 Boot.
740 1825 798 1858 Ad
822 1837 857 1868 p.
880 1828 933 1858 24.
950 1828 980 1858 8.
1008 1845 1053 1849 —
1080 1828 1099 1858 5
1126 1825 1165 1858 id
1185 1824 1327 1868 quidem
1346 1824 1435 1858 mihi·

98 1882 183 1905 non
207 1872 396 1905 videbatur
414 1871 512 1913 Pius,
533 1871 669 1913 Baiter,
690 1892 735 1896 -—
752 1872 852 1905 haud
871 1872 1058 1905 videbatur
1077 1870 1203 1912 Orelli,
1224 1891 1269 1895 —-
1288 1870 1323 1888 *ξς
1337 1870 1433 1904 vide-

101 1918 206 1952 batur
235 1917 408 1952 Wesenb.
443 1918 534 1952 coni.
571 1919 634 1952 vix
663 1919 739 1960 fore
772 1920 836 1951 aut
865 1919 942 1960 fore
975 1919 1053 1959 vix,
1085 1938 1131 1942 —-
1158 1919 1221 1952 vim
1246 1917 1434 1952 videbatur

99 1964 218 2006 Klotz,
244 1964 403 2008 TyrreU,
429 1965 469 1999 id
494 1965 634 2008 quidem
660 1965 748 1999 mihi
770 1965 954 1999 videbatur
978 1965 1073 1998 Boot
1098 1966 1109 2007 ζ
1113 1963 1171 1997 0111
1199 1964 1298 2007 ‘post
1322 1965 1433 1998 mitte-

99 2015 225 2045 rentur
250 2011 401 2054 aliquod
424 2011 576 2045 verbum
601 2010 658 2045 vel
683 2011 923 2055 participium
946 2011 1078 2045 similis
1098 2010 1239 2044 formae
1259 2010 1435 2044 omissum

100 2057 255 2101 videtur,
280 2058 382 2091 velut
406 2058 505 2101 quod
530 2058 739 2102 Madvigius
765 2058 806 2092 A.
836 2057 870 2091 C.
892 2057 942 2091 ΠῙ
959 2070 993 2102 p.
1017 2061 1080 2091 191
1110 2056 1282 2090 coniecit:
1322 2068 1434 2091 emen-

101 2104 232 2139 titum'.
288 2103 392 2145 Quod
424 2105 545 2139 addit:
583 2104 658 2138 ‘Sic
690 2105 837 2138 demum
866 2105 905 2138 id
931 2105 1072 2148 quidem
1097 2114 1135 2137 se
1160 2103 1257 2137 tueri
1281 2104 1434 2148 potest’,

101 2161 175 2184 non
199 2150 406 2195 intellego),
438 2152 526 2185 mihi
556 2152 701 2186 mentiri
724 2152 912 2186 videbatur
937 2151 992 2184 Fr.
1021 2150 1190 2184 Schmidt
1213 2160 1333 2194 progr.
1360 2150 1435 2184 No-

101 2197 206 2230 rimb.
235 2200 323 2230 1879
349 2209 383 2240 p.
406 2201 448 2231 37
474 2198 638 2241 probab,
664 2199 714 2232 ‘mi
738 2199 869 2232 mirum
893 2197 1082 2232 videbatur
1105 2197 1143 2230 P.
1167 2196 1293 2240 Meyer
1311 2208 1437 2241 progr.

102 2243 291 2287 Bayreuth
317 2246 406 2277 1887
432 2256 466 2287 p.
487 2248 574 2288 9sq.
608 2265 654 2269 —
686 2248 705 2278 6
736 2245 910 2288 villaeque
941 2243 1131 2285 Wesenb.,
1163 2243 1325 2287 Tyr-rell,
1354 2255 1437 2277 cum

104 2301 209 2324 cruce
239 2290 333 2324 Boot
363 2289 461 2324 laud.
494 2290 617 2325 Klotzi
649 2290 800 2325 coniect.
832 2291 1059 2335 viyiliaeque,
1092 2290 1191 2334 quod
1215 2290 1315 2324 idem
1341 2301 1436 2324 com-
