1665 2553
653 70 691 106 P.
713 73 909 105 299—303.
1252 68 1451 102 LXXXVII

114 168 134 198 3
161 164 354 198 avaritiam
378 166 579 197 causam?
624 162 675 198 Cf.
697 162 791 197 Phil.
811 175 846 207 p.
861 166 940 197 488.
956 166 1011 197 27.
1037 183 1082 187 -
1112 165 1154 195 23
1175 166 1249 196 tum
1268 161 1452 203 Wesenb.,

113 211 208 245 Boot
232 210 335 243 haud
361 209 436 244 scio
463 220 511 243 an
535 211 645 244 recte.
691 209 749 243 Ad
773 209 859 244 fam.
879 221 914 254 p.
937 213 991 244 58.
1013 213 1044 244 5.
1065 230 1110 234 -
1130 213 1173 242 25
1199 209 1279 252 fieri
1303 209 1453 252 nequit

114 257 158 292 H.
180 257 222 292 A.
242 257 346 290 Koch
367 256 556 291 ‘Zeitschr
578 256 602 291 f.
625 257 657 291 d.
681 255 812 292 G.-W.’
838 260 927 290 1860
946 268 981 301 p.
1004 259 1082 299 883,
1096 255 1301 300 Lahmeyer
1320 254 1451 289 Philol.

115 304 198 338 XXI
222 316 256 348 p.
273 307 339 338 291
355 316 401 347 n.,
427 303 564 346 Baiter,
591 303 734 347 Tyrrell
761 314 815 348 ep.
837 307 916 347 392,
942 314 1016 337 non
1040 303 1137 338 debet
1163 304 1228 336 aut
1251 313 1326 336 non
1339 306 1454 346 potest

116 350 209 386 coni.
231 351 335 394 Boot,
361 362 425 384 nec
449 351 632 385 honestum
658 355 706 385 est
730 361 792 385 nee
816 354 932 385 tutum
957 350 1147 384 Lehmann
1173 360 1227 394 ep.
1243 349 1306 384 sel.
1328 349 1377 382 ΙΙΙ
1396 352 1451 391 20,

112 409 214 443 posse
233 408 321 443 neyo
341 397 381 432 O.
395 397 436 432 E.
452 396 620 431 Schmidt
638 409 728 432 mus.
750 397 865 432 Rhen.
889 401 977 431 1897
997 409 1032 441 p.
1056 401 1132 432 164.
1161 418 1205 421 —
1232 400 1275 430 28
1291 397 1454 440 pellitur

114 444 305 487 Wesenb.;
331 455 418 478 nam
443 444 611 487 sequitur
637 448 677 477 31
705 444 738 478 si
761 445 928 479 trahitur,
974 443 1015 478 V.
1038 444 1239 486 Lehmann,
1267 453 1378 487 supra
1404 442 1452 476 ad

115 504 151 536 p.
173 496 227 527 87.
250 495 303 526 33.
331 513 376 516 —
402 495 445 524 31
473 491 540 526 Sin
564 491 743 534 Lambin.,
769 490 929 535 Tyrrell,
956 491 1055 534 quod
1079 491 1117 524 in
1143 490 1198 524 M¹
1225 491 1281 524 est
1305 491 1338 524 si
1362 501 1453 524 cum

116 539 275 573 trahitur
301 539 498 582 sumptum,
527 538 645 579 credo,
674 548 692 571 e
717 548 823 571 versu
850 537 1037 582 superiore
1063 537 1125 579 (ad
1149 549 1184 582 p.
1206 540 1261 572 24.
1277 538 1331 582 8),
1357 537 1390 571 si
1414 537 1454 570 id

116 585 226 628 Boot,
258 585 290 620 si
320 589 445 620 eontra
480 584 519 619 O.
540 584 579 619 Ε.
603 584 770 618 Schmidt
794 596 884 619 mus.
905 584 1020 619 Rhen.
1043 588 1131 618 1897
1158 596 1193 628 p.
1216 584 1293 618 164.
1333 583 1374 618 V.
1396 582 1454 616 vel

116 632 306 666 Lehmann
339 643 393 676 ep.
421 631 484 666 sel.
511 632 561 664 ΠΙ
588 636 641 666 19.
670 636 699 666 2,
744 635 755 673 ΙΙ
796 631 842 666 P.
864 631 952 666 303.
975 635 1063 675 4sq.
1094 631 1214 669 Tanta
1245 630 1329 673 ZL2,
1360 629 1453 663 Leh-

116 689 245 722 mann,
282 679 374 713 coni.
408 678 511 721 Boot,
550 678 648 721 quod
685 677 824 714 ‘Cicero
865 678 1074 723 scripsisset
1106 678 1247 720 tacere',
1284 679 1321 711 et
1355 676 1454 720 quod

120 726 337 771 ‘indiynitas
368 736 479 769 saepe
514 725 613 769 apud
647 725 806 768 Livium,
840 736 1023 768 nusquam
1058 725 1158 769 apud
1191 724 1355 758 TuHium
1387 734 1453 767 pro

118 773 243 806 dolore
264 774 301 807 et
318 771 577 816 indignatione
595 772 773 816 ponitur'.
811 771 941 805 Utram
961 783 1110 806 causam
1128 771 1302 805 leviorem
1322 770 1453 813 dicam,

119 819 259 854 dubito.
309 819 379 852 Illa
410 820 557 852 tantum
583 818 698 861 valet,
736 821 916 862 quantum
941 819 972 852 si
1004 819 1086 862 quis
1113 818 1214 852 dicat
1243 829 1315 852 non
1346 827 1454 862 posse

119 866 193 900 dici
221 866 478 910 ‘schweigsam
503 865 609 908 sein’,
636 865 769 899 debere
797 865 1046 909 ‘schweigen’.
1095 866 1305 910 Indiynitas
1330 866 1455 898 autem

118 917 242 948 nostra
273 923 346 946 non
379 914 434 946 est
464 912 690 956 indignatio,
729 912 794 946 sed
824 924 889 947 nos
921 912 959 945 in
994 914 1100 946 tanta
1136 911 1379 956 indignitate,
1418 912 1456 945 et

118 960 321 1005 indi-quitus
351 964 400 994 est
430 960 541 993 tacita
571 958 687 992 multo
718 959 839 992 minus
864 959 1043 993 inusitate
1069 959 1204 992 dicitur
1229 969 1341 1001 quam
1372 970 1402 992 v.
1424 969 1452 992 c.

118 1007 270 1041 victoria
295 1006 511 1050 adipiscitur
534 1006 645 1040 Marc.
662 1010 692 1040 5.
710 1010 751 1039 12
771 1018 806 1049 p.
821 1017 880 1048 m.,
906 1007 1031 1050 reliyio
1056 1006 1181 1040 retinet
1206 1004 1308 1039 Verr.
1328 1004 1378 1038 IV
1398 1008 1452 1039 21.

119 1057 163 1087 46
179 1064 254 1095 ex,
288 1053 425 1087 reditus
458 1053 553 1086 videt
586 1052 658 1087 Pis.
689 1056 743 1087 22.
766 1056 807 1085 51
852 1054 888 1086 et
921 1052 1040 1086 multa
1075 1052 1221 1086 similia.
1266 1051 1308 1086 V.
1342 1051 1455 1085 etiam
1495 1070 1502 1073 -

119 1099 316 1134 Rothstein
355 1099 668 1133 ‘Wochenschrift
698 1099 722 1133 f.
749 1098 862 1134 klass.
883 1099 1104 1143 Philologie'
1135 1102 1234 1132 1892.
1264 1102 1364 1132 1164.
1409 1119 1453 1123 -

122 1151 163 1180 12
179 1158 256 1190 sqq.
284 1146 452 1181 Scribunt
483 1167 527 1171 ——
553 1147 707 1180 venerim
737 1146 775 1179 in
806 1145 975 1190 parenth.
1009 1146 1090 1191 edd.
1116 1156 1182 1190 per
1214 1156 1252 1179 se
1276 1155 1344 1178 nec
1369 1144 1452 1179 fals.

119 1204 187 1227 nec
217 1203 397 1227 necessar.
431 1193 492 1237 (ad
516 1204 550 1236 p.
578 1194 714 1237 1614),
747 1193 812 1226 sed
836 1192 894 1226 vel
923 1194 1119 1237 propterea
1150 1203 1223 1226 non
1252 1191 1453 1236 plausibil.,

121 1240 236 1284 quod,
274 1240 338 1283 qui
373 1239 424 1273 sic
459 1240 639 1281 scribunt.
673 1239 974 1283 interrogationis
1011 1239 1158 1283 signum
1189 1240 1254 1272 aut
1290 1240 1375 1283 post
1411 1239 1453 1272 Zi-

120 1291 196 1322 eeat
226 1287 420 1329 omittunt,
452 1286 516 1319 ubi
549 1286 797 1329 desideratur,
828 1297 920 1321 recc.
949 1286 1107 1320 editores
1140 1296 1282 1329 omnes,
1317 1287 1382 1319 aut
1412 1286 1454 1318 ut

119 1333 291 1368 Wesenb.
314 1335 350 1367 et
379 1333 570 1366 Lehmann
601 1335 686 1377 post
719 1334 871 1368 venerim
890 1335 1049 1377 ponunt,
1083 1344 1154 1376 quo
1183 1343 1255 1366 non
1280 1332 1451 1376 pertinet.

121 1401 164 1405 —
209 1384 253 1414 25
291 1380 523 1425 [classibus]
560 1379 719 1423 Manut,
751 1380 888 1423 Baiter,
925 1379 1097 1414 Wesenb.
1153 1400 1197 1404 ——
1256 1383 1298 1412 26
1337 1380 1455 1413 maius

120 1427 232 1461 scelus
267 1431 332 1461 aut
362 1431 503 1461 tantum
536 1426 712 1470 denique?
749 1427 836 1470 quid
861 1426 1029 1471 turpius?
1061 1426 1236 1470 Malasp.,
1269 1425 1453 1468 Wesenb.‚

120 1474 310 1507 Lehmann
336 1475 372 1507 et
392 1475 476 1517 (non
495 1473 661 1517 probab.)
681 1473 846 1508 tantum?
872 1474 1022 1517 denique
1041 1473 1195 1517 Tyrrell,
1221 1473 1315 1516 quod
1338 1473 1456 1507 malus

121 1521 269 1564 (⁶maius
294 1519 351 1553 vel
376 1520 523 1554 malum'
551 1530 678 1563 margo
706 1520 756 1564 M>
782 1521 913 1554 scilieet
937 1524 1078 1555 tantum
1102 1519 1211 1562 MZO,
1236 1520 1290 1553 vel
1314 1523 1455 1554 tantum

121 1567 272 1610 denique
295 1566 438 1608 Baiter,
465 1567 559 1611 quod
583 1567 717 1600 malum
741 1568 873 1602 scilieet
902 1566 1068 1602 tantum?
1093 1567 1243 1610 denique
1268 1567 1356 1610 quid
1380 1570 1454 1601 tur-

117 1613 230 1658 pius?
260 1614 370 1655 Boot,
412 1613 514 1657 Quod
547 1614 682 1647 malum
716 1614 795 1648 lieet
828 1614 959 1658 fingere
994 1618 1152 1656 tantum,
1186 1613 1337 1656 denique
1368 1613 1455 1657 quid

121 1661 266 1704 turpius
297 1659 336 1694 O.
358 1660 397 1694 E.
420 1659 587 1693 Schmidt
616 1671 707 1694 mus.
733 1660 848 1694 Rhen.
878 1664 966 1694 1897
992 1672 1027 1704 p.
1057 1664 1133 1694 165.
1160 1681 1204 1684 -
1237 1663 1279 1692 27
1313 1671 1362 1693 an
1393 1660 1456 1703 qui

121 1708 145 1751 †
162 1707 264 1741 valde
301 1707 358 1740 hie
394 1707 434 1740 in
471 1707 625 1741 absentis
655 1706 799 1749 Baiter,
836 1707 946 1749 Boot,
984 1707 1085 1740 ‘dum
1121 1706 1253 1740 melius
1293 1705 1454 1748 affertur,

121 1755 235 1796 tenet,
267 1753 365 1796 quod
397 1752 486 1787 olim
515 1753 722 1797 proposuit:
755 1754 818 1787 An
848 1754 911 1797 qui
934 1755 1028 1787 iram
1052 1754 1160 1787 huius
1185 1754 1335 1787 amentis
1360 1753 1456 1786 solus

121 1800 208 1843 tuli,
241 1801 352 1834 scelus
386 1800 576 1842 eiusdem’,
602 1799 754 1844 Madvig
779 1800 940 1835 Adv.111
963 1812 998 1844 p.
1023 1804 1088 1833 185
1113 1800 1193 1841 An,
1229 1799 1354 1833 cuius
1380 1799 1454 1832 ad-

121 1848 190 1881 huc
213 1847 255 1881 in
279 1847 434 1881 absentis
457 1847 554 1881 solus
572 1847 641 1880 tuli
665 1847 787 1889 scelus,
812 1847 977 1889 eiusdem,
1003 1848 1066 1880 An
1084 1847 1177 1880 iram
1201 1846 1310 1879 huius
1334 1846 1375 1878 in
1394 1846 1454 1879 ab·

121 1898 232 1928 sentes
250 1894 346 1928 solus
364 1894 444 1935 tuli,
468 1893 579 1927 scelus
598 1893 794 1936 Hofmann,
819 1893 1019 1935 Lehmann,
1051 1893 1250 1927 Annibalis
1267 1892 1457 1927 delirantis

123 1944 227 1984 atque
257 1941 408 1974 amentis
436 1941 532 1974 solus
562 1940 631 1974 tuli
660 1940 772 1974 scelus
797 1939 836 1974 O.
857 1940 897 1975 E.
925 1939 1092 1973 Schmidt
1115 1950 1206 1972 mus.
1227 1938 1342 1973 Rhen.
1365 1942 1454 1972 1897

122 1998 157 2030 p.
180 1989 256 2021 165.
282 2007 327 2011 -
353 1990 397 2020 33
422 1987 597 2032 [turpiter
614 1987 752 2031 faeere]
770 1986 907 2029 Baiter,
928 1997 996 2021 om.
1019 1986 1074 2020 ed.
1094 1985 1196 2019 Rom.
1223 2006 1267 2009 —
1288 1988 1332 2018 34
1354 1985 1456 2019 ‘Non

123 2053 168 2057 —
193 2033 454 2067 transierimus'
482 2033 667 2076 Wesenb.,
692 2034 715 2078 †
734 2034 983 2067 transierimus
1013 2033 1107 2065 Boot
1140 2031 1241 2065 add:
1272 2031 1361 2065 ‘Aut
1387 2032 1453 2065 ali-

123 2079 214 2122 quid
233 2079 371 2113 excidit
389 2079 504 2113 velut:
527 2079 601 2114 Cur
619 2091 699 2125 erqo
718 2090 792 2114 non
810 2080 917 2114 simul
936 2090 1015 2113 cum
1034 2078 1202 2121 Pompeio
1221 2089 1318 2112 mare
1337 2083 1453 2113 trans-

122 2126 286 2167 ierimus,
316 2137 430 2171 royas,
463 2126 520 2160 vei
551 2127 649 2169 quod
677 2126 816 2160 Kochio
842 2126 865 2160 1.
893 2126 936 2160 c'
960 2128 1063 2169 (mus.
1089 2124 1204 2159 Rhen.
1225 2124 1304 2169 ΧΠ)
1329 2137 1364 2169 p.
1386 2128 1454 2159 277

123 2172 162 2205 in
186 2173 347 2205 mentem
371 2172 486 2206 venit:
514 2173 625 2216 (Nam
650 2174 682 2208 si
713 2174 792 2217 quis
816 2172 1093 2216 reprehenderit,
1118 2172 1224 2215 quod)
1250 2182 1324 2205 non
1347 2172 1455 2206 simul

123 2230 201 2252 cum
237 2219 280 2253 P.
312 2230 407 2253 mare
446 2220 712 2254 transierimus:
748 2220 892 2253 omnino
927 2229 1000 2252 non
1036 2219 1235 2262 potuimus,
1272 2219 1338 2252 aut
1372 2229 1452 2251 cum

123 2264 362 2309 Nipperdeio'
397 2264 541 2309 (Opusc.
562 2267 691 2310 p.457)
720 2267 771 2299 ‘et
794 2265 915 2300 Hofm.
949 2264 1182 2298 scribendum
1214 2264 1453 2307 transiimus’,
