1665 2553
327 92 666 127 EPISTULARUM
691 92 755 126 AD
782 91 996 127 ATTICUM
1022 92 1055 126 X
1081 96 1182 127 1—4.
1348 93 1434 134 295

94 192 222 245 esset,
264 203 347 243 quo
388 189 434 230 in
475 191 589 229 statu
627 188 774 229 urbem
807 188 1068 243 reliquisset,
1108 187 1154 228 in
1184 188 1277 242 ipsa
1308 187 1434 229 Italia

98 263 218 303 quem
260 249 409 301 cuique
446 247 611 302 regioni
653 250 725 288 aut
761 247 934 301 negotio
979 246 1268 301 praefecisset,
1313 247 1433 300 ecqui

27 349 29 358 ,
98 310 234 348 essent
267 307 319 347 ad
349 305 599 359 Pompeium
643 308 684 346 et
716 306 768 346 ad
807 305 1000 347 consules
1043 319 1093 346 ex
1136 308 1306 346 senatus
1339 320 1434 346 con-

27 385 29 430 1
98 367 207 407 sulto
240 365 290 406 de
326 379 428 419 pace
464 365 614 420 legati,
654 379 747 405 cum
786 364 918 418 igitur
955 364 1057 404 haec
1095 364 1200 404 scire
1238 378 1434 418 cuperem,

27 435 29 446 ’
60 425 234 466 5dedita
276 439 403 478 opera
442 423 520 464 has
561 423 614 463 ad
653 426 694 464 te
732 423 897 464 litteras
935 423 1042 464 misi.
1104 421 1270 463 Feceris
1301 423 1434 477 igitur

97 483 310 524 commode
341 482 531 536 mihique
563 485 753 536 gratum,
790 481 827 522 si
863 496 930 522 me
961 482 1010 522 de
1041 481 1108 522 his
1140 481 1285 535 rebus,
1324 484 1366 522 et
1399 482 1435 522 si

97 542 197 595 quid
229 542 309 583 erit
340 541 466 596 aliud,
499 540 611 594 quod
643 541 749 581 scire
782 554 887 594 opus
921 540 989 595 sit,
1019 539 1168 580 feceris
1200 540 1434 581 certiorem.

94 600 190 655 Ego
221 601 267 641 in
298 599 464 640 Arcano
499 599 706 653 opperior,
734 599 832 639 dum
864 599 946 639 ista
979 612 1200 654 cognosco.

705 715 768 757 HI
779 732 812 757 3.

42 806 75 830 10
315 798 389 833 Ser.
417 799 457 832 in
482 799 629 832 Arcano
661 797 743 831 VII
762 798 818 831 Id.
846 798 936 841 Apr.
964 809 996 831 a.
1026 800 1097 832 705
1124 800 1214 841 (49).

497 879 685 914 CICERO
710 879 902 914 ATTICO
927 880 1035 914 SAL.

182 952 232 995 A.
266 953 301 994 d.
334 965 399 993 VII
438 951 535 993 Idus
578 952 753 992 alteram
795 952 876 992 tibi
917 951 1063 993 eodem
1100 952 1166 992 die
1203 951 1311 992 hanc
1352 951 1434 1004 epi-

97 1012 253 1053 stulam
280 1011 434 1052 dictavi
467 1014 508 1051 et
534 1011 668 1064 pridie
695 1010 888 1051 dederam
914 1025 1007 1050 mea
1032 1025 1160 1051 manu
1186 1010 1434 1064 longiorem.

95 1071 248 1111 Visum
279 1073 321 1110 te
354 1070 471 1110 aiunt
504 1070 549 1109 in
580 1069 707 1123 regia,
739 1083 814 1109 nec
846 1069 1120 1124 reprehendo,
1153 1069 1308 1122 quippe
1340 1083 1436 1109 cum

43 1146 75 1170 15
95 1130 185 1184 ipse
216 1129 343 1169 istam
374 1127 743 1182 reprehensionem
767 1142 855 1168 non
884 1128 1077 1182 fugerim.
1130 1127 1210 1168 Sed
1237 1130 1434 1180 exspecto

95 1191 190 1229 tuas
228 1187 394 1229 litteras
431 1201 567 1240 neque
604 1186 689 1226 iam
726 1201 825 1227 sane
862 1186 1002 1239 video,
1044 1186 1145 1240 quid
1185 1188 1434 1239 exspectem,

97 1247 168 1287 sed
199 1249 358 1300 tamen,
397 1245 564 1286 etiamsi
594 1245 704 1285 nihil
736 1245 836 1300 erit,
874 1245 918 1285 id
954 1245 1095 1298 ipsum
1128 1244 1180 1285 ad
1211 1259 1277 1285 me
1308 1244 1435 1285 velim

96 1304 266 1346 scribas.

185 1361 339 1403 Caesar
377 1362 483 1403 mihi
514 1362 700 1417 ignoscit
732 1376 806 1415 per
838 1361 1022 1415 litteras,
1055 1361 1167 1415 quod
1197 1375 1285 1402 non
1315 1376 1435 1402 venen
1463 1391 1480 1400 .›

44 1439 78 1464 20
97 1422 196 1476 rim,
241 1435 412 1474 seseque
456 1421 501 1461 in
545 1421 749 1474 optimam
792 1423 955 1474 partem
1005 1420 1047 1460 id
1092 1420 1277 1474 accipere
1323 1420 1434 1461 dicit.

97 1479 237 1522 Facile
262 1480 414 1534 patior,
446 1479 558 1533 quod
585 1479 744 1533 scribit,
775 1493 915 1519 secum
941 1479 1149 1519 Titinium
1175 1481 1216 1519 et
1243 1478 1436 1519 Servium

100 1540 272 1592 questos
300 1552 400 1590 esse,
433 1538 531 1591 quia
562 1552 647 1578 non
673 1538 783 1578 idem
811 1537 892 1577 sibi
918 1538 1031 1590 quod
1061 1537 1167 1577 mihi
1191 1537 1434 1577 remisisset.

99 1596 306 1638 Homines
344 1596 560 1636 ridiculos!
606 1596 695 1649 qui,
737 1610 830 1636 cum
867 1595 979 1636 filios
1017 1596 1234 1636 misissent
1273 1595 1324 1636 ad
1362 1594 1434 1636 Cn.

99 1655 348 1709 Pompeium
393 1654 797 1707 circumsedendum,
845 1654 927 1706 ipsi
969 1654 1015 1694 in
1058 1656 1251 1694 senatum
1294 1653 1436 1693 venire

46 1731 79 1757 25
101 1714 349 1754 dubitarint.
413 1711 495 1754 Sed
535 1715 677 1753 tamen
715 1712 953 1765 exemplum
990 1712 1088 1752 misi
1127 1711 1179 1752 ad
1215 1714 1257 1752 te
1289 1710 1436 1753 Caesa-

95 1772 154 1814 ris
186 1772 434 1813 litterariun.

727 1862 800 1904 IV.

286 1933 361 1969 Ser.
387 1935 425 1968 *in
455 1934 616 1968 Cumano
641 1933 771 1967 XVII
790 1932 839 1966 K.
868 1932 962 1966 Mai.
991 1943 1023 1966 a.
1052 1934 1124 1966 705
1151 1934 1242 1975 (49).

520 2001 689 2037 CICERO
715 2001 888 2037 ATTICO
915 2001 1012 2036 SAL.

45 2081 79 2106 30
188 2063 348 2104 Multas
381 2078 404 2104 a
434 2067 477 2105 te
509 2064 648 2116 accepi
674 2062 878 2116 epistulas
910 2062 1055 2103 eodem
1081 2060 1146 2102 die
1172 2075 1317 2102 omnes
1344 2061 1435 2102 dili-

100 2125 247 2176 genter
279 2122 469 2175 scriptas,
501 2136 592 2162 eam
624 2136 735 2175 vero,
768 2135 874 2174 quae
905 2119 1134 2161 voluminis
1165 2119 1302 2160 instar
1334 2123 1435 2174 erat,

101 2194 224 2234 saepe
255 2179 486 2234 legendam,
518 2180 644 2221 sicuti
672 2180 790 2220 facio.
840 2179 892 2220 In
918 2193 1000 2231 qua
1023 2192 1110 2218 non
1138 2177 1297 2218 frustra
1322 2178 1436 2219 labo-

99 2253 188 2279 rem
220 2238 456 2292 suscepisti,
486 2238 592 2278 miln'
618 2238 786 2291 quidem
811 2239 1056 2291 pergratum
1087 2236 1236 2277 fecisti.
1288 2235 1436 2291 Quare,

100 2299 147 2337 ut
185 2296 245 2352 id,
284 2297 421 2350 quoad
458 2296 618 2351 licebit,
661 2296 705 2336 id
742 2298 805 2336 est
844 2295 981 2349 quoad
1019 2295 1141 2349 scies,
1178 2295 1252 2336 ubi
1291 2295 1437 2350 simus,
