1665 2553
94 810 125 833 10

94 1148 126 1173 15

97 1733 129 1758 25

99 2106 132 2130 30

148 98 197 132 M.
218 97 358 133 TULLI
378 96 626 132 CICERONIS
647 96 791 130 EPIST.
812 95 877 129 AD
898 94 1113 129 ATTICUM
1138 94 1223 129 XIV
1250 99 1351 130 1—3.
1401 94 1487 134 435

145 193 350 247 proxime,
382 207 477 233 cum
510 190 622 232 Sesti
654 193 809 246 rogatu
842 189 953 244 apud
984 205 1080 231 eum
1117 189 1291 230 fuissem
1324 203 1487 242 exspec-

145 255 363 305 taremque
407 250 574 304 sedens,
613 250 751 303 quoad
795 263 983 301 vocarer,
1021 248 1176 288 dixisse
1222 262 1333 288 eum:
1376 247 1486 302 ‘Ego

145 310 352 363 dubitem,
392 310 496 363 quin
528 322 693 349 summo
735 308 780 348 in
817 308 913 349 odio
952 307 1050 361 sim,
1090 321 1219 360 quom
1251 306 1307 346 M.
1341 305 1485 347 Cicero

145 369 286 411 sedeat
317 382 394 409 nec
421 383 497 409 suo
525 367 746 408 commodo
778 381 844 407 me
871 366 1093 407 convenire
1118 364 1285 419 possit?
1340 364 1488 419 Atqui,

146 428 180 469 si
214 427 438 481 quisquam
470 429 534 467 est
571 425 726 481 facilis,
761 425 832 466 hie
870 427 943 466 est.
1006 424 1165 464 Tamen
1201 438 1288 464 non
1326 423 1486 475 dubito,

146 487 250 540 quin
281 501 346 527 me
372 485 481 526 male
508 484 671 525 oderit.'
727 483 841 524 Haec
867 486 909 524 et
941 483 1030 524 eius
1062 482 1177 524 modi
1202 482 1348 523 multa.
1406 480 1487 522 Sed

146 545 196 586 ad
228 544 506 598 propositum.
564 542 772 596 Quicquid
803 543 883 583 erit
902 556 988 582 non
1018 541 1142 582 modo
1169 554 1383 595 magnum,
1415 540 1487 581 sed

146 603 273 644 etiam
304 618 495 657 parvum,
527 602 697 642 scribes.
759 600 970 654 Equidem
1000 599 1109 641 nihil
1140 600 1431 640 intermittam.

792 716 844 759 Π.

294 800 367 835 Ser.
394 801 435 834 in
460 800 666 834 suburbano
695 799 796 833 Mati
828 798 885 832 VI
905 798 961 831 Id.
982 797 1072 840 Apr.
1093 808 1126 831 a.
1149 799 1220 831 710
1248 798 1337 840 (44).

568 867 736 903 CICERO
764 866 937 901 ATTICO
966 866 1062 901 SAL.

234 953 350 994 Duas
383 968 406 993 a
438 955 479 993 te
512 952 651 1006 accepi
690 951 893 1006 epistulas
931 950 1032 990 heri.
1089 949 1157 990 Ex
1197 950 1338 1003 priore
1370 949 1484 990 thea-
1512 958 1528 988 1

146 1016 260 1053 trum
290 1011 606 1065 Publiliumque
643 1011 840 1065 cognovi,
878 1009 989 1050 bona
1028 1009 1148 1063 signa
1181 1007 1484 1049 consentientis
1518 1035 1525 1037 -

146 1070 443 1112 multitudinis.
493 1069 671 1110 Plausus
698 1083 796 1110 vero
823 1067 868 1108 L.
895 1066 1040 1108 Cassio
1075 1067 1197 1107 datus
1223 1067 1351 1107 etiam
1382 1066 1486 1106 face-

146 1133 216 1170 tus
248 1129 353 1170 mihi
380 1128 548 1182 quidem
578 1128 694 1168 visus
717 1130 791 1168 est.
847 1126 996 1167 Altera
1022 1125 1204 1178 epistula
1235 1125 1284 1165 de
1310 1124 1483 1165 Madaro
1511 1134 1530 1164 2

147 1189 320 1241 scripta,
365 1187 475 1240 apud
516 1201 640 1240 quem
685 1185 850 1226 nullum
893 1185 922 1237 ’ἶ-
960 1185 1216 1238 φαλεὲκωμα,
1259 1185 1308 1223 ut
1347 1186 1483 1236 putas.

145 1246 357 1288 Processit
389 1245 512 1300 enim,
544 1245 617 1285 sed
646 1244 797 1285 minus.
848 1242 1020 1283 Diutius
1053 1256 1245 1283 sermone
1277 1241 1366 1282 eius
1393 1256 1486 1282 sum

147 1307 347 1346 retentus.
404 1303 524 1352 Quod
562 1306 702 1344 autem
740 1302 792 1343 ad
829 1304 871 1342 te
910 1302 1159 1355 scripseram
1197 1300 1372 1341 obscure
1402 1301 1486 1340 for·
1512 1310 1530 1339 3

147 1367 272 1419 tasse,
302 1363 344 1403 id
377 1363 466 1403 eius
497 1362 611 1403 modi
645 1364 719 1402 est.
775 1360 931 1401 Aiebat
964 1358 1184 1401 Caesarem
1216 1373 1367 1412 secum,
1401 1373 1483 1412 quo

95 1441 110 1465 ε
148 1425 338 1475 tempore
372 1421 483 1462 Sesti
520 1423 675 1475 rogatu
706 1419 801 1460 veni
835 1419 885 1460 ad
918 1433 1030 1473 eum,
1068 1433 1162 1459 cum
1200 1420 1486 1471 exspectarem

149 1481 314 1535 sedens,
347 1479 516 1519 dixisse:
567 1478 677 1534 ‘Ego
713 1492 826 1518 nunc
856 1480 945 1518 tam
977 1477 1056 1517 sim
1088 1476 1262 1529 stultus,
1294 1478 1342 1516 ut
1373 1475 1486 1516 hunc

148 1540 290 1593 ipsum
314 1537 480 1578 facilem
498 1537 714 1577 hominem
733 1538 878 1589 putem
898 1535 1002 1576 mihi
1030 1549 1118 1575 esse
1138 1534 1330 1589 amicum,
1357 1548 1485 1587 quom

149 1601 237 1639 tam
268 1597 339 1637 diu
372 1596 518 1636 sedens
550 1610 690 1636 meum
728 1594 994 1634 commodum
1028 1593 1285 1646 exspectet?
1340 1591 1484 1632 Habes

149 1657 281 1711 igitur
314 1655 582 1709 φαλάκρωμα
613 1652 952 1694 inimicissimum
985 1651 1075 1705 otii,
1105 1651 1147 1691 id
1180 1653 1243 1691 est
1274 1650 1407 1690 Bruti.

235 1713 286 1755 In
323 1713 608 1753 Tusculanum
644 1711 788 1764 hodie,
825 1710 987 1750 Lanuvi
1020 1724 1129 1764 cras,
1171 1708 1266 1749 inde
1303 1708 1485 1749 Asturae
1512 1719 1533 1747 4

150 1772 400 1827 cogitabam.
456 1770 589 1811 Piliae
621 1772 817 1823 paratum
849 1771 913 1809 est
944 1768 1198 1821 hospitium,
1234 1766 1305 1807 sed
1336 1766 1487 1807 vellem

149 1831 348 1872 Atticam.
393 1828 553 1870 Verum
567 1828 646 1869 tibi
665 1828 851 1882 ignosco.
897 1825 1084 1875 Quarum
1104 1826 1274 1878 utrique
1295 1825 1486 1865 salutem.

779 1942 853 1984 III.

375 2026 448 2061 Ser.
476 2026 516 2059 in
546 2025 749 2059 Tusculano
782 2024 816 2057 V
837 2024 894 2057 Id.
914 2023 1004 2066 Apr.
1026 2034 1058 2056 α.
1082 2024 1152 2056 710
1174 2024 1262 2065 (44).

573 2093 741 2129 CICERO
768 2092 939 2127 ATTICO
968 2091 1063 2126 SAL.

241 2179 510 2233 Tranquillae
549 2181 646 2218 tuae
697 2176 863 2230 quidem
912 2176 1090 2216 litterae.
1160 2173 1280 2222 Quod
1321 2174 1486 2215 utinam
1514 2185 1532 2215 1

153 2238 328 2279 diutius!
352 2252 451 2277 nam
477 2236 634 2276 Matius
660 2249 785 2289 posse
809 2234 1002 2288 negabat.
1053 2232 1162 2273 Ecce
1188 2235 1328 2272 autem
1354 2235 1485 2273 struc-

153 2300 267 2338 tores
285 2295 421 2336 nostri
436 2295 488 2335 ad
501 2295 761 2335 frumentum
781 2292 972 2347 profecti,
992 2305 1086 2332 cum
1106 2291 1251 2331 inanes
1266 2291 1487 2346 redissent,

1206 2359 1275 2392 28ᾖ
