1665 2553
305 97 646 133 EPISTULARUM
670 98 736 133 AD
761 98 977 134 ATTICUM
1002 98 1087 132 ΧΠΙ
1112 102 1237 133 7-10.
1359 99 1444 140 399

104 193 228 234 Bruti
261 192 558 235 Caelianorum
595 193 723 235 velim
759 194 866 236 mihi
903 194 1049 235 mittas
1082 196 1124 235 et
1156 208 1180 234 a
1210 193 1445 236 Philoxeno

105 255 353 295 Παναιτίου
383 251 484 308 περὶ
514 255 736 308 προνοίας.
787 253 844 295 Te
875 252 1023 294 Idibus
1048 252 1200 294 videbo
1227 267 1322 294 cum
1348 253 1445 294 tuis.

737 369 808 411 IX.

281 449 356 485 Ser.
377 450 418 484 in
446 450 653 485 Tusculano
680 449 784 484 XIV
806 450 854 484 K.
879 450 1002 496 Quint.
1024 462 1058 485 a.
1080 452 1153 485 709
1179 452 1269 494 (45).

69 540 84 565 5
506 532 698 567 CICERO
723 532 916 568 ATTICO
942 532 1052 568 SAL.

193 603 473 646 Commodum
506 605 756 646 discesseras
787 604 893 660 heri,
935 620 1029 646 cum
1061 605 1287 646 Trebatius
1318 605 1447 660 venit,
1475 615 1492 645 1

104 663 230 718 paulo
272 666 370 717 post
408 662 600 718 Curtius,
638 663 707 704 hic
748 664 959 705 salutandi
997 678 1139 719 causa,
1181 664 1253 705 sed
1288 664 1447 705 mansit

104 723 322 763 invitatus.
373 722 621 763 Trebatium
646 723 867 764 nobiscum
891 722 1108 764 habemus.
1158 722 1298 764 Hodie
1324 737 1447 764 mane

103 780 337 822 Dolabella.
388 780 551 822 Multus
585 796 722 822 sermo
750 781 799 822 ad
825 781 1009 822 multum
1036 782 1155 822 diem.
1205 780 1328 822 Nihil
1352 796 1447 835 pos-

52 857 85 882 10
106 854 200 881 sum
233 840 369 881 dicere
401 839 715 895 ἑκτενέστερον,
745 840 855 881 nihil
880 842 1287 895 φιλοστοργότερον.
1337 839 1447 881 Ven-

104 901 198 940 tum
229 901 293 940 est
324 901 469 940 tamen
500 899 552 939 ad
583 898 798 947 Quintum.
861 899 998 940 Multa
1030 900 1187 953 ἄφατα,
1221 899 1446 953 ἀδιήγητα,

107 957 178 999 sed
215 972 347 998 unum
386 958 476 999 eius
506 957 641 1012 modi,
679 958 791 1012 quod
822 957 907 998 nisi
938 958 1145 999 exercitus
1179 958 1323 1014 sciret,
1359 972 1447 999 non

104 1016 231 1057 modo
265 1016 412 1057 Tironi
438 1016 609 1071 dictare,
641 1017 711 1057 sed
737 1031 789 1057 ne
815 1016 906 1070 ipse
932 1017 1101 1071 quidem
1127 1016 1323 1058 auderem
1349 1017 1446 1058 scri·
1502 1034 1508 1037 ·

105 1075 214 1116 bere.
277 1073 359 1116 Sed
389 1075 605 1117 hactenus

53 1151 86 1175 15
195 1133 425 1188 Εὐκαίρως
457 1134 509 1174 ad
539 1148 606 1175 me
637 1134 773 1189 venit,
809 1148 904 1175 cum
934 1133 1134 1175 haberem
1164 1133 1447 1190 Dolabellam,

106 1191 368 1246 TorquatUS,
408 1192 797 1246 humanissimeque
828 1192 1070 1247 Dolabella,
1108 1193 1263 1247 quibus
1303 1193 1444 1233 verbis

106 1265 246 1291 secum
291 1251 487 1306 egissem,
533 1251 741 1305 exposuit.
810 1249 1087 1292 Commodum
1128 1251 1239 1292 enim
1277 1265 1445 1306 egeram

106 1309 449 1364 diligentissime3
482 1324 588 1364 quae
614 1310 836 1364 diligentia
862 1313 984 1365 grata
1010 1313 1074 1350 est
1099 1310 1190 1351 visa
1215 1310 1444 1364 Torquato.

105 1367 145 1409 A
181 1371 223 1409 te
255 1371 469 1423 exspecto,
511 1369 548 1409 si
579 1368 681 1423 quid
713 1369 762 1410 de
794 1368 941 1410 Bruto.
1003 1368 1268 1422 Quamquam
1299 1368 1444 1410 Nicias
1471 1377 1491 1406 2

52 1444 86 1469 20
106 1426 343 1467 confectum
383 1427 580 1482 putabat,
616 1427 688 1468 sed
729 1427 959 1468 divortium
988 1441 1076 1468 non
1106 1427 1291 1481 probari.
1353 1427 1444 1476 Quo

106 1485 234 1526 etiam
265 1485 401 1540 magis
433 1486 581 1527 laboro
611 1486 724 1527 idem
754 1486 867 1540 quod
897 1489 956 1527 tu.
1020 1485 1065 1527 Si
1104 1486 1206 1539 quid
1237 1489 1301 1528 est
1333 1487 1445 1527 enim

107 1543 367 1598 offensionis,
396 1543 498 1585 haec
529 1558 595 1585 res
626 1544 782 1585 mederi
813 1547 966 1598 potest.

194 1601 302 1643 Mihi
333 1601 545 1656 Arpinum
578 1603 760 1643 eundum
792 1605 866 1643 est.
916 1602 1027 1643 Nam
1060 1605 1102 1643 et
1129 1617 1234 1656 opus
1261 1605 1325 1644 est
1351 1617 1446 1645 con-

107 1660 228 1701 stitui
272 1675 296 1701 a
338 1661 462 1702 nobis
507 1661 581 1701 illa
617 1661 849 1715 praediola,
893 1664 933 1701 et
971 1675 1135 1715 vereor,
1177 1676 1230 1702 ne
1268 1662 1445 1703 exeundi

53 1738 86 1762 25
107 1722 296 1773 potestas
321 1733 409 1760 non
436 1720 503 1775 sit,
530 1734 624 1760 cum
651 1718 803 1760 Caesar
829 1719 1008 1773 venerit3
1041 1720 1090 1760 de
1117 1719 1235 1760 cuius
1262 1720 1445 1762 adventu

108 1792 199 1819 eam
231 1778 472 1832 opinionem
497 1777 721 1819 Dolabella
750 1777 892 1833 habet,
924 1793 1050 1831 quam
1080 1780 1129 1818 tu
1161 1778 1445 1820 coniecturam

106 1836 288 1877 faciebas
333 1851 383 1877 ex
419 1837 576 1878 litteris
614 1836 847 1877 Messallae.
909 1835 1017 1877 Cum
1053 1836 1156 1876 illuc
1194 1851 1347 1878 venero
1384 1838 1445 1878 in-

105 1895 405 1951 tellexeroque,
438 1895 540 1949 quid
569 1895 736 1950 nogotii
769 1895 838 1951 sit,
868 1897 973 1950 tum,
1004 1894 1055 1936 ad
1087 1909 1193 1948 quos
1225 1895 1312 1936 dies
1341 1896 1446 1937 redi-

105 1956 228 1994 turus
260 1953 352 2009 sim,
385 1954 566 1995 scribam
598 1954 649 1995 ad
679 1956 732 1995 te.

53 2065 88 2089 30
749 2046 799 2088 X.

108 2114 182 2149 Ser.
203 2115 243 2149 in
272 2116 476 2151 Tusculano
501 2117 596 2150 inter
621 2127 653 2149 α.
675 2115 708 2150 d.
731 2115 844 2149 XIII
858 2119 890 2150 et
908 2115 976 2149 XI
996 2115 1044 2149 K.
1069 2114 1191 2160 Quint.
1213 2126 1246 2149 a.
1262 2117 1334 2150 '709
1354 2118 1444 2159 (45).

509 2184 699 2220 CICERO
724 2185 916 2220 ATTICO
941 2185 1049 2220 SAL.

196 2244 372 2286 Minime
408 2246 540 2286 miror
576 2248 619 2286 te
661 2248 702 2286 et
734 2246 920 2300 graviter
952 2245 1059 2285 ferre
1091 2244 1141 2286 de
1171 2244 1371 2287 Marcello
1405 2249 1446 2288 et
1473 2256 1489 2285 1

107 2303 231 2357 plura
267 2304 403 2345 vereri
440 2304 616 2357 periculi
655 2317 817 2358 genera.
880 2303 981 2352 Quis
1013 2303 1125 2344 enim
1154 2303 1235 2345 hoc
1265 2305 1446 2360 timeret,
