1665 2553
349 131 686 166 EPISTULARUM
710 131 774 165 AD
801 130 1016 166 ATTICUM
1039 131 1124 164 XVI
1149 135 1179 174 7,
1206 135 1237 165 8.
1365 131 1450 172 505

120 227 280 268 melius.
324 225 391 268 Ita
422 227 545 281 plane
578 226 704 268 velim
736 229 777 268 et
809 227 845 268 ei
876 226 987 266 dicas
1019 225 1246 279 plurimam
1273 225 1451 266 salutem

120 288 161 326 et
206 286 480 326 suavissimae
516 285 696 327 Atticae.
757 284 872 326 Haec
911 285 1060 338 scripsi
1088 284 1315 339 navigans,
1357 298 1452 324 cum

110 358 240 397 prope
270 343 578 398 Pompeianum
609 343 857 399 accederem,
888 355 988 383 X1111
1018 342 1111 384 Kal.

727 459 843 501 VIII.

85 547 100 572 5
314 540 387 575 Ser.
408 541 449 575 in
475 541 674 575 Puteolano
699 541 764 574 IV
783 541 879 575 Non.
902 540 993 574 Noc.
1014 552 1047 574 a.
1070 542 1140 574 710
1167 542 1255 583 (44).

519 621 708 657 CICERO
731 621 922 656 ATTICO
947 621 1053 656 SAL.

208 691 314 735 Cum
340 694 479 748 sciam,
512 708 594 747 quo
621 694 687 734 die
711 696 914 734 venturus
941 694 1033 747 sim,
1063 693 1226 747 faciam,
1257 695 1304 733 ut
1331 693 1447 734 scias.

118 751 423 805 Impedimenta
454 753 734 805 exspectanda
765 755 876 806 sunt,
908 766 1013 805 quae
1039 752 1235 806 Anagnia
1263 751 1451 806 veniunt,

119 813 161 851 et
203 810 362 851 familia
405 824 529 864 aegra
572 814 647 852 est.
713 810 806 851 Kal.
845 810 1008 863 vesperi
1050 810 1219 851 litterae
1255 810 1361 850 mihi
1399 810 1450 850 ab

67 886 100 910 10
120 868 361 910 Octaviano.
422 869 578 923 Magna
608 869 794 910 molitur.
854 868 1103 923 Veteranos‚
1141 869 1213 922 qui
1245 871 1344 909 sunt
1377 866 1451 909 Ca-

120 927 235 967 silini
266 931 308 968 et
340 926 537 982 Calatiae,
575 928 772 981 perduxit
803 927 854 967 ad
886 942 1005 967 suam
1038 927 1300 967 sententiam.
1363 925 1452 967 Nec

119 986 286 1039 mirum,
317 986 552 1040 quingenos
585 986 776 1026 denarios
803 986 885 1026 dat.
936 984 1109 1040 Cogitat
1134 986 1317 1039 reliquas
1344 985 1452 1026 colo·
1516 1030 1524 1033 Α

118 1044 211 1084 nias
244 1044 371 1084 obire.
431 1044 560 1085 Plane
590 1044 670 1085 hoc
703 1047 877 1099 spectat,
906 1047 954 1084 ut
986 1058 1029 1084 se
1060 1044 1162 1085 duce
1192 1044 1352 1085 bellum
1384 1057 1452 1098 ge-

119 1105 239 1142 ratur
279 1116 374 1143 cum
403 1101 603 1143 Antonio.
665 1101 813 1156 Itaque
852 1102 973 1143 video
1011 1102 1154 1155 paucis
1193 1102 1340 1143 diebus
1371 1116 1450 1142 nos

67 1177 100 1202 15
120 1161 165 1201 in
196 1161 321 1201 armis
353 1161 454 1201 fore.
517 1160 649 1210 Quem
680 1164 820 1201 autem
853 1161 1104 1214 sequamur?
1148 1160 1255 1201 Vide
1285 1175 1452 1215 nomen,

119 1219 213 1259 vide
245 1221 435 1260 aetatem.
490 1218 633 1273 Atque
664 1234 687 1259 a
718 1234 784 1259 me
816 1220 1017 1274 postulat,
1047 1219 1231 1273 primum
1263 1222 1311 1259 ut
1343 1219 1451 1259 clam

120 1277 400 1331 conloquatur
436 1292 600 1318 mecum
638 1277 705 1318 vel
737 1276 904 1330 Capuae
940 1278 1007 1318 vel
1042 1292 1128 1318 non
1164 1278 1289 1332 longe
1322 1293 1345 1318 a
1377 1276 1451 1318 Ca-

119 1350 213 1389 pua.
261 1335 426 1376 Puerile
457 1335 537 1376 hoc
569 1336 748 1390 quidem,
780 1337 815 1377 si
847 1336 891 1376 id
916 1338 1039 1390 putat
1065 1336 1172 1376 clam
1196 1336 1288 1376 fieri
1314 1350 1450 1389 posse.

119 1393 256 1435 Docui
298 1409 372 1447 per
408 1394 573 1435 litteras
611 1394 654 1435 id
690 1409 766 1435 nec
804 1409 908 1448 opus
948 1409 1038 1436 esse
1074 1409 1150 1435 nec
1186 1395 1277 1435 fieri
1315 1409 1449 1448 posse.

68 1469 101 1492 20
120 1451 240 1493 Misit
279 1452 331 1492 ad
366 1467 432 1492 me
470 1451 691 1493 Caecinam
729 1453 934 1506 quendam
972 1452 1298 1494 Volaterranum
1333 1453 1451 1493 fami-
1477 1467 1485 1478 ²

119 1510 267 1550 liarem
292 1525 431 1564 suum3
463 1511 535 1564 qui
559 1510 663 1551 haec
686 1511 874 1566 pertulit,
904 1511 1140 1552 Antonium
1167 1526 1261 1551 cum
1286 1511 1451 1565 legione

121 1567 381 1609 Alaudarum
414 1569 464 1609 ad
494 1569 641 1609 urbem
672 1583 858 1623 pergere,
888 1570 1085 1623 pecunias
1111 1569 1352 1622 municipiis
1378 1570 1452 1609 im-

121 1641 284 1681 perare,
340 1627 548 1681 legionem
605 1627 682 1667 sub
739 1628 871 1681 signis
928 1627 1085 1668 ducere.
1159 1626 1453 1683 Consultabat,

121 1688 266 1725 utrum
301 1684 481 1725 Romam
519 1699 613 1725 cum
646 1696 716 1727 CIL)
750 1696 820 1726 CIO
854 1696 925 1727 CK)
963 1688 1257 1726 veteranorum
1289 1686 1452 1738 profici-

68 1759 101 1784 25
123 1746 307 1784 sceretur
350 1757 404 1784 an
441 1742 627 1797 Capuam
664 1746 826 1784 teneret
864 1746 906 1783 et
942 1743 1177 1784 Antonium
1214 1744 1452 1785 venientem

122 1801 358 1842 excluderet
396 1816 450 1842 an
479 1802 560 1842 iret
592 1802 643 1842 ad
673 1805 758 1842 tres
790 1801 976 1856 legiones
1006 1801 1307 1857 Macedonicas,
1346 1816 1451 1855 quae

122 1859 203 1899 iter
252 1861 478 1901 secundum
520 1875 635 1901 mare
680 1859 888 1913 Superum
929 1860 1106 1914 faciunt3
1162 1874 1266 1913 quas
1311 1863 1452 1913 sperat

123 1931 220 1958 suas
258 1932 357 1959 esse.
419 1919 506 1959 Eae
545 1919 807 1973 congiarium
844 1919 896 1959 ab
933 1918 1122 1959 Antonio
1163 1918 1349 1972 accipere
1379 1933 1452 1959 no-

122 1975 309 2030 luerunt,
346 1979 394 2017 ut
423 1976 493 2017 hic
525 1977 694 2030 quidem
724 1980 881 2031 narrat,
920 1979 960 2017 et
991 1977 1029 2017 ei
1060 1976 1295 2017 convicium
1326 1991 1453 2031 grave

71 2049 103 2074 30
123 2034 310 2075 fecerunt
348 2035 745 2089 contionantemquc
782 2035 1054 2088 reliquerunt.
1116 2034 1224 2083 Quid
1256 2035 1451 2088 quaeris?

123 2091 268 2132 ducem
306 2107 348 2132 se
385 2093 609 2146 profitetur
644 2107 721 2134 nec
759 2108 837 2133 nos
876 2093 958 2133 sibi
995 2095 1118 2146 putat
1155 2093 1300 2133 deesse
1332 2107 1452 2146 opor-

123 2152 222 2190 tere.
288 2150 498 2203 Equidem
537 2151 668 2204 suasi,
704 2154 752 2192 ut
789 2151 969 2192 Romam
1006 2153 1209 2205 pergeret.
1274 2150 1452 2191 Videtur

124 2208 236 2248 enim
267 2208 372 2248 mihi
403 2211 444 2249 et
475 2209 735 2262 plebeculam
766 2209 972 2250 urbanam
999 2212 1052 2263 et,
1083 2209 1118 2250 si
1144 2209 1269 2249 fidem
1295 2209 1451 2263 fecerit,

125 2266 252 2306 etiam
283 2266 417 2307 bonos
449 2267 563 2307 viros
591 2281 731 2308 secum
756 2267 991 2308 habiturus.
1042 2266 1075 2307 Ο
1101 2266 1246 2320 Brute,
1276 2267 1350 2308 ubi
1379 2269 1451 2309 es?

21 2353 22 2357 ,
71 2340 104 2364 35
125 2326 326 2377 quantam
369 2325 594 2379 εὐκαιρίαν
637 2325 816 2366 amittis!
865 2324 965 2365 Non
1003 2325 1195 2379 equidem
1231 2325 1313 2366 hoc
1350 2326 1451 2367 divi-
