1665 2553
49 432 65 457 5

32 725 66 750 10

34 1017 68 1042 15

35 1311 69 1335 20

37 1601 70 1627 25

41 1962 75 1986 30

285 85 623 120 EPISTULARUM
647 86 712 120 AD
737 87 952 122 ATTICUM
977 88 1045 122 VH
1072 92 1218 123 11—13.
1331 88 1416 130 207

82 179 183 222 Non
212 179 424 221 deterreor
455 180 654 235 periculO‚
693 181 765 222 sed
795 182 1012 236 dirumpor
1043 182 1197 225 dolore.
1259 183 1418 224 Tamne

82 239 200 280 nullo
239 239 415 280 consilio
454 242 527 280 aut
564 242 651 281 tam
690 243 836 281 contra
867 255 1008 282 meum
1041 243 1264 283 consilium
1296 245 1419 297 gesta

85 312 174 338 esse
207 297 363 338 omnia!
406 297 477 338 An
509 302 678 339 cuncter
710 302 751 340 et
782 299 1036 354 tergiverser
1067 303 1109 341 et
1140 301 1193 341 iis
1219 315 1286 341 me
1312 301 1419 356 dem,

85 356 159 410 qui
188 358 346 411 tenent,
379 356 451 409 qui
482 357 733 410 potiuntur?
783 357 1018 412 “Αἰδεόμαι
1051 360 1221 414 Τρῶας’
1252 374 1328 400 nec
1353 374 1417 400 so-

83 415 172 455 lum
204 415 319 469 civis,
350 415 422 455 sed
447 415 575 456 etiam
601 416 723 456 amici
749 416 888 457 officio
914 431 1104 472 revocor3
1137 418 1217 458 etsi
1241 418 1416 472 frangor

86 487 208 526 saepe
250 473 538 514 misericordia
580 488 818 528 puerorum.
885 474 945 516 Ut
985 476 1118 530 igitur
1158 477 1217 517 ita
1254 479 1415 530 pertur-

85 531 204 585 bato,
242 532 322 572 etsi
359 534 401 572 te
433 532 575 573 eadem
609 533 851 587 sollicitant,
890 534 1024 576 scribe
1056 535 1228 590 aliquid,
1260 538 1300 576 et
1332 550 1417 576 ma-

84 590 214 644 xime,
251 590 288 631 si
323 589 548 644 Pompeius
582 590 707 632 Italia
744 592 870 647 cedit,
914 593 1014 647 quid
1050 593 1176 634 nobis
1208 594 1417 648 agendum

85 652 218 702 putes.
286 648 352 689 Μ’.
385 649 554 702 quidem
585 649 767 704 Lepidus
811 649 936 707 (nam
973 651 1131 692 fuimus
1169 651 1277 709 una)
1322 666 1418 693 eum

85 707 212 747 finem
250 707 418 760 statuit,
455 706 499 748 L.
532 707 772 762 Torquatus
809 710 996 750 eundem.
1057 710 1127 751 Me
1157 725 1252 751 cum
1282 710 1419 751 multa

85 769 178 806 tum
222 766 349 806 etiam
388 765 558 806 lictores
603 767 848 820 impediunt.
915 767 1038 809 Nihil
1079 769 1167 810 vidi
1205 784 1418 824 umquam,

87 824 200 878 quod
241 824 380 864 minus
424 825 624 878 explicari
662 828 814 879 posset.
881 826 1031 880 Itaque
1068 842 1092 868 a
1129 830 1171 868 te
1205 828 1418 868 nihildum

87 883 191 923 certi
224 883 411 937 exquiro,
443 883 514 923 sed
545 883 646 937 quid
676 884 877 925 videatur.
927 884 1121 939 Denique
1152 886 1289 939 ipsam
1317 886 1418 928 ἀπο-

88 943 188 995 ρίαν
226 944 343 982 tuam
381 942 502 995 cupio
543 956 803 996 cognoscere.
865 942 1099 984 Labienum
1140 945 1192 985 ab
1229 945 1304 985 illo
1337 945 1418 985 dis-

89 1000 262 1040 cessisse
299 1013 430 1053 prope
467 1000 638 1041 modum
676 1004 852 1042 constat.
917 1001 961 1042 Si
999 1003 1061 1042 ita
1097 1003 1256 1044 factum
1295 1006 1419 1057 esset,
1488 1005 1495 1008 ’

87 1061 136 1098 ut
166 1058 237 1098 ille
261 1057 442 1099 Romam
473 1059 644 1099 veniens
670 1060 946 1114 magistratus
973 1063 1014 1101 et
1040 1064 1233 1102 senatum
1258 1061 1420 1102 Romae

89 1116 337 1171 offenderet,
367 1131 520 1172 magno
559 1118 655 1158 usui
693 1132 841 1159 causae
872 1121 1043 1160 nostrae
1075 1119 1236 1160 fuisset.
1292 1119 1419 1160 Dam-

87 1189 211 1215 nasse
267 1175 377 1216 enim
425 1175 592 1216 sceleris
636 1175 850 1217 hominem
895 1177 1075 1218 amicum
1121 1178 1182 1219 rei
1224 1178 1421 1232 publicae

88 1247 213 1274 causa
242 1233 467 1288 videretur,
499 1234 611 1288 quod
641 1249 753 1276 nunc
778 1249 946 1289 quoque
971 1236 1150 1291 videtur,
1182 1237 1254 1277 sed
1279 1237 1420 1278 minus

88 1292 268 1345 prodest.
319 1291 418 1332 Non
449 1292 562 1333 enim
586 1292 727 1347 habet,
759 1294 825 1334 cui
849 1294 998 1348 prosit,
1031 1309 1209 1349 eumque
1234 1296 1421 1336 arbitror

88 1351 319 1403 paenitere,
353 1351 437 1391 nisi
472 1351 583 1392 forte
621 1351 664 1392 id
702 1352 842 1405 ipsum
874 1356 938 1393 est
968 1353 1142 1408 falsum,
1179 1354 1422 1395 discessisse

89 1408 221 1449 illum.
282 1407 373 1449 Nos
406 1409 574 1462 quidem
604 1424 680 1463 pro
713 1413 826 1451 certo
858 1410 1128 1452 habebamus.

177 1466 235 1507 Et
265 1466 409 1520 velim,
448 1481 719 1522 quamquam,
756 1472 804 1509 ut
837 1470 1000 1525 scribis,
1031 1470 1271 1511 domesticis
1302 1472 1345 1511 te
1376 1470 1421 1510 fi-

89 1525 215 1565 nibus
270 1527 406 1578 tenes‚
458 1526 640 1566 formam
688 1527 793 1568 mihi
842 1528 961 1569 urbis
1011 1543 1214 1583 exponas,
1263 1529 1422 1582 ecquod

89 1583 264 1637 Pompei
302 1583 571 1638 desiderium,
608 1599 760 1638 ecquae
793 1584 984 1627 Caesaris
1022 1587 1179 1627 invidia
1209 1590 1424 1641 appareat,

92 1642 220 1682 etiam
251 1641 352 1695 quid
384 1656 551 1682 censeas
584 1642 633 1682 de
664 1643 861 1684 Terentia
893 1647 934 1684 et
965 1644 1122 1698 Tullia,
1158 1645 1320 1686 Romae
1352 1659 1422 1686 eas

92 1714 182 1741 esse
214 1715 267 1741 an
297 1714 460 1740 mecum
491 1715 545 1740 an
575 1700 717 1754 aliquo
749 1704 844 1742 tuto
876 1702 980 1743 loco.
1030 1702 1144 1743 Haec
1177 1705 1218 1743 ct
1251 1703 1287 1744 si
1320 1703 1422 1756 quid

92 1758 206 1800 aliud
237 1758 288 1799 ad
319 1772 386 1798 me
417 1758 575 1799 scribas
607 1759 733 1800 velim
764 1760 831 1800 vel
862 1761 1005 1814 potius
1040 1761 1263 1814 scriptites.

700 1873 814 1915 XIII.

328 1955 401 1989 Ser.
423 1955 634 1989 Illenturnis
658 1955 722 1988 IX
746 1955 794 1989 K.
816 1954 921 1989 Febr.
944 1966 975 1989 a.
999 1957 1069 1990 705
1096 1958 1185 1998 (49).

514 2035 680 2070 CICERO
708 2035 879 2071 ATTICO
908 2036 1002 2071 SAL.

183 2106 246 2147 De
282 2106 569 2148 Vennonianis
612 2108 738 2149 rebus
782 2108 862 2149 tibi
907 2108 1122 2149 assentior.
1190 2107 1423 2149 Labienum
1450 2120 1470 2151 1

96 2166 216 2219 ἥρωα
258 2165 405 2206 iudico.
476 2165 654 2206 Facinus
695 2166 779 2206 iam
823 2166 893 2207 diu
935 2167 1099 2207 nullum
1143 2166 1263 2208 civile
1307 2182 1424 2220 prae-

97 2224 268 2277 clarius,
306 2224 396 2278 qui,
431 2227 480 2264 ut
511 2224 623 2264 aliud
654 2224 774 2279 nihil,
803 2225 884 2265 hoc
914 2228 1055 2265 tamen
1085 2225 1277 2280 profecit,
1308 2225 1423 2266 dedit

45 2298 78 2324 35
97 2282 161 2323 illi
199 2282 395 2322 dolorem.
459 2281 539 2323 Sed
579 2283 707 2324 etiam
745 2283 796 2323 ad
834 2297 1040 2324 summam
1076 2283 1313 2337 profectum
1351 2284 1425 2324 ali-
