1665 2553
159 2251 181 2281 5

213 106 269 147 lO
634 107 682 142 M.
710 107 849 141 TULLI
875 105 1122 141 CICERONIS

211 203 325 257 sunt,
357 216 403 242 ea
430 216 596 256 quaero.
646 201 851 243 Lentulus
877 216 1004 242 naves
1031 216 1127 242 suas
1156 201 1389 255 pollicetur.
1437 200 1541 243 Peto

210 259 286 301 abs
313 262 368 315 te,
398 263 446 300 ut
475 260 578 302 haec
609 261 832 315 diligenter
865 274 993 300 cures.
1046 259 1240 314 Thyillus
1272 263 1314 301 te
1345 262 1468 314 rogat
1500 262 1541 301 et

210 332 289 373 ego
323 319 412 359 eius
443 322 597 374 rogatu
628 319 923 373 Εὐμολπιδῶν
953 319 1121 373 πάτρια.

849 434 897 475 Χ.

407 514 481 549 Ser.
508 515 549 549 in
576 515 781 550 Tusculano
807 518 889 548 ante
918 514 1067 559 Quintil.
1095 526 1127 548 a.
1156 517 1230 549 687
1256 517 1347 558 (67).
1579 528 1595 553 5

580 628 585 631 ,
633 595 800 630 CICERO
827 594 999 629 ATTICO
1028 595 1123 630 SAL.

299 665 406 708 Cum
449 681 582 708 essem
621 667 667 707 in
704 667 941 708 Tusculano
983 665 1083 723 (erit
1120 667 1200 708 hoc
1236 667 1317 708 tibi
1352 683 1429 722 pro
1466 668 1541 709 illo

209 729 301 767 tuo:
336 724 458 766 ‘Cum
491 740 624 766 essem
649 725 696 766 in
726 724 976 781 Ceramico')
1008 740 1154 767 verum
1185 728 1327 767 tamen
1357 740 1451 767 cum
1480 726 1542 768 ibi

209 799 358 839 essem,
388 783 524 824 Roma
555 798 658 838 puer
691 799 714 824 a
742 798 885 825 sorore
911 787 985 825 tua-
1010 784 1163 825 missus
1189 784 1414 838 epistulam
1437 785 1543 826 mihi

209 842 284 883 abs
326 846 366 883 te
405 842 587 883 adlatam
630 842 743 883 dedit
782 843 1078 896 nuntiavitque
1122 857 1170 884 eo
1213 843 1305 896 ipso
1343 843 1408 884 die
1445 846 1542 897 post
1562 861 1595 886 10

208 901 426 942 meridiem
456 901 616 941 iturum
647 915 759 955 eum,
798 901 871 955 qui
908 901 958 941 ad
994 904 1036 942 te
1073 901 1415 954 proficisceretur.
1476 902 1541 944 Eo

207 960 367 1000 factum
400 962 474 1014 est,
505 962 552 1000 ut
584 959 788 1013 epistulae
819 962 916 1000 tuae
948 960 1218 1000 rescriberem
1250 960 1422 1015 aliquid,
1452 960 1542 1002 bre-

208 1018 340 1058 vitate
373 1018 575 1071 temporis
607 1021 696 1058 tam
726 1032 858 1071 pauca
889 1031 1060 1072 cogerer
1090 1018 1280 1059 scribere.

297 1075 488 1116 Primum
525 1076 605 1117 tibi
642 1076 691 1116 de
727 1078 872 1117 nostro
912 1076 1043 1117 amico
1075 1076 1277 1130 placando
1310 1078 1383 1117 aut
1415 1077 1541 1117 etiam

209 1135 334 1188 plane
365 1134 624 1175 restituendo
657 1134 868 1188 polliceor.
920 1133 1039 1182 Quod
1068 1148 1144 1189 ego
1171 1134 1249 1175 etsi
1274 1149 1366 1175 mea
1392 1138 1541 1188 sponte
1562 1152 1594 1178 15

210 1195 307 1233 ante
345 1193 567 1247 faciebam,
608 1207 655 1233 eo
693 1207 803 1233 nunc
840 1195 981 1233 tamen
1016 1195 1056 1233 et
1088 1206 1210 1247 agam
1241 1193 1469 1234 studiosius
1501 1196 1542 1234 et

209 1251 459 1292 contendam
497 1251 549 1291 ab
587 1251 661 1291 illo
694 1251 1000 1306 vehementius,
1040 1251 1152 1304 quod
1182 1254 1346 1292 tantam
1377 1266 1427 1292 ex
1458 1251 1542 1305 epi-

209 1309 321 1350 stula
347 1310 610 1350 voluntatem
636 1310 724 1350 eius
749 1309 810 1350 rei
835 1312 951 1350 tuam
983 1310 1216 1363 perspicere
1247 1310 1399 1350 videor.
1448 1309 1542 1351 Hoc

208 1370 251 1408 te
287 1368 532 1422 intellegere
570 1368 685 1422 volo,
727 1368 988 1422 pergraviter
1030 1368 1150 1408 illum
1194 1382 1281 1409 esse
1319 1368 1541 1423 offensum3

209 1426 293 1481 sed,
325 1426 423 1480 quia
436 1403 614 1467 ἰ,1111116111
639 1426 759 1467 video
787 1440 956 1480 gravem
983 1426 1151 1467 subesse
1177 1440 1356 1481 causam,
1385 1440 1539 1481 magno
1561 1444 1594 1469 20
1626 1469 1630 1474 ,

211 1499 335 1538 opere
371 1485 533 1526 confido
570 1485 691 1525 illum
728 1485 816 1557 fore
853 1485 897 1525 in
936 1485 1074 1525 officio
1114 1487 1155 1525 et
1190 1485 1235 1525 in
1270 1487 1414 1526 nostra
1450 1487 1542 1539 pot-

209 1545 352 1584 estate.

298 1600 428 1656 Signa
458 1604 603 1642 nostra
632 1604 673 1642 et
704 1601 1007 1657 Hermeraclas,
1038 1604 1085 1642 ut
1117 1601 1277 1657 scribis,
1309 1616 1403 1642 cum
1435 1615 1542 1642 60111-

208 1659 449 1700 111οᾶ13311116
485 1660 663 1715 poteris,
704 1660 830 1701 velim
872 1660 1082 1715 imponas,
1125 1662 1167 1700 et
1206 1660 1242 1700 si
1279 1659 1391 1713 quod
1428 1659 1542 1700 aliud

209 1720 373 1760 οἰκεῖον
398 1718 485 1759 61113
504 1719 599 1773 1061,
625 1733 748 1772 quem
766 1732 853 1759 non
870 1718 1054 1773 ignoras,
1078 1718 1272 1772 reperies,
1297 1720 1339 1758 et
1361 1717 1541 1759 maxime
1561 1735 1594 1760 25

210 1791 316 1830 quae
350 1777 430 1817 tibi
460 1777 694 1830 palaestrae
726 1777 1016 1831 gymnasiique
1041 1776 1294 1817 videbuntur
1323 1775 1542 1817 633611111-

209 1835 321 1875 enim
346 1835 406 1876 ibi
433 1836 579 1876 sedens
604 1835 706 1876 haec
732 1836 783 1876 ad
807 1838 850 1876 te
877 1835 1122 1890 scribebam,
1146 1837 1194 1875 ut
1219 1848 1284 1874 me
1309 1833 1463 1875 106113
1451 1848 1541 1900 ipse

209 1894 460 1935 admoneret.
539 1893 760 1935 Praeterea
808 1896 934 1947 typos
982 1893 1064 1934 tibi
1111 1892 1286 1946 mando,
1342 1906 1448 1946 quos
1496 1892 1543 1933 in

208 1952 387 1993 tectorio
427 1952 570 1993 atrioli
606 1952 767 2006 possim
800 1952 1028 2007 includere,
1068 1953 1109 1991 et
1140 1927 1324 2004 putealia
1355 1950 1542 2005 sigillata

209 2009 302 2050 duo.
375 2010 684 2051 Bibliothecam
728 2012 845 2050 tuam
887 2024 985 2050 cave
1029 2009 1224 2062 cuiquam
1273 2008 1542 2064 despondeas,
1561 2025 1594 2051 30

209 2069 400 2120 quamvis
439 2083 574 2109 acrem
611 2070 842 2109 amatorem
879 2067 1106 2120 inveneris3
1143 2081 1241 2107 nam
1279 2080 1356 2121 ego
1396 2081 1540 2108 omnes

208 2140 322 2166 meas
359 2127 633 2168 vindemiolas
671 2140 718 2167 eo
755 2140 941 2181 reservo,
984 2128 1032 2166 ut
1069 2124 1173 2165 fflud
1212 2124 1447 2166 subsidium
1483 2138 1541 2166 se-

206 2184 370 2224 nectuti
400 2199 552 2237 parem.

294 2240 358 2281 De
389 2242 519 2283 fratre
551 2243 712 2284 confido
744 2242 805 2284 ita
837 2255 938 2296 esse,
969 2243 1017 2282 ut
1049 2255 1215 2295 semper
1246 2241 1363 2282 volui
1396 2243 1437 2281 et
1463 2240 1541 2281 ela-

206 2299 363 2340 boravi.
438 2300 574 2341 Multa
618 2301 738 2355 signa
783 2302 882 2341 sunt
925 2299 1012 2340 eius
1055 2299 1135 2354 rei,
1177 2313 1264 2340 non
1305 2299 1540 2355 minimum,
1560 2314 1594 2342 35
1664 2335 1665 2340 ,
