1665 2553
145 509 163 539 1

149 2150 168 2179 3

186 108 274 149 284
617 107 665 141 M.
688 107 829 142 TULLI
855 105 1108 141 CICERONIS

809 259 922 301 XIV.

389 342 462 378 Ser.
484 343 525 377 in
551 342 752 376 Formiano
784 340 889 375 VIII
909 340 956 375 K.
978 340 1068 384 Apr.
1091 352 1123 375 a.
1147 343 1218 376 705
1247 342 1336 384 (49).

616 422 785 458 CICERO
811 421 985 456 ATTICO
1014 422 1112 456 SAL.

279 497 480 538 Miseram
518 495 569 536 ad
606 498 648 536 te
686 507 786 535 V1111
817 494 867 535 K.
896 494 1135 548 exemplum
1174 493 1381 548 epistulae
1412 493 1534 534 Balbi

192 556 243 597 ad
303 570 370 597 me
414 558 455 596 et
494 553 686 596 Caesaris
730 554 781 594 ad
826 568 933 595 eum.
1001 553 1110 594 Ecce
1154 553 1235 593 tibi
1282 552 1428 593 eodem
1471 552 1537 593 die
1575 569 1596 595 5

193 613 338 669 Capua
380 615 547 655 litteras
580 612 732 666 accepi
776 612 827 653 ab
873 611 918 660 Q.
955 611 1086 652 Pedio
1133 610 1355 653 Caesarem
1401 611 1451 652 ad
1496 625 1538 652 se

190 674 327 728 pridie
358 672 458 713 Idus
488 672 666 713 Martias
698 671 865 712 misisse
896 670 978 711 hoc
1010 670 1223 724 exemplo:

283 731 570 785 ePompeius
609 745 658 771 se
697 730 881 784 oppido
920 732 1069 770 tenet.
1131 729 1233 770 Nos
1272 729 1329 769 ad
1360 731 1537 782 portas

194 794 363 832 castra
410 790 663 831 habemus.
737 788 986 829 Conamur
1041 802 1165 841 opus
1214 801 1446 841 magnum
1491 789 1539 828 et

193 850 465 890 multorum
513 849 703 889 dierum
748 849 958 901 propter
1003 846 1331 887 altitudinem
1374 845 1538 886 maris.
1559 863 1598 888 ιο-

195 907 287 949 Sed
336 911 502 949 tamen
550 907 686 948 nihil
737 909 830 961 est,
879 905 1010 959 quod
1059 905 1230 958 potius
1281 904 1538 946 faciamus.

193 967 267 1008 Ab
318 970 535 1020 utroque
584 968 763 1019 portus
807 979 961 1005 cornu
1003 963 1160 1004 moles
1204 963 1435 1017 iacimus,
1484 965 1539 1003 ut

195 1029 279 1067 aut
311 1026 458 1066 illum
499 1039 642 1079 quam
679 1024 897 1077 primum
935 1023 1174 1077 traicere,
1219 1022 1350 1076 quod
1386 1021 1540 1062 habet

194 1083 439 1125 Brundisi
478 1084 760 1137 copiarum,
800 1095 1040 1136 cogamus
1079 1082 1163 1121 aut
1196 1081 1337 1121 exitu
1367 1079 1540 1134 prohi-

195 1143 430 1184 beamus.9
1561 1155 1600 1181 15*

284 1201 370 1243 Ubi
415 1204 478 1242 est
522 1201 596 1241 illa
634 1215 733 1254 pax,
778 1199 828 1240 de
869 1213 952 1252 qua
989 1198 1148 1238 Balbus
1188 1197 1415 1251 scripserat
1456 1199 1540 1237 tor-

196 1261 314 1314 queri
353 1261 426 1301 se?
475 1259 641 1313 Ecquid
680 1258 887 1310 acerbius,
930 1256 1080 1310 ecquid
1111 1255 1348 1296 crudelius?
1397 1254 1540 1308 Atque

196 1334 292 1360 eum
328 1319 448 1372 loqui
481 1318 653 1372 quidam
686 1317 956 1364 αὐθεντικῶς
987 1314 1188 1355 narrabat
1219 1313 1292 1355 Cn.
1320 1313 1541 1367 Carbonis,

195 1378 251 1418 M.
287 1377 411 1418 Bruti
457 1391 499 1417 se
542 1391 699 1430 poenas
743 1375 939 1429 persequi
978 1373 1250 1426 omniumque
1291 1387 1454 1427 eorum,
1497 1372 1542 1412 in

197 1451 303 1490 quos
337 1435 456 1477 Sulla
494 1435 672 1476 crudelis
704 1434 785 1474 hoc
818 1433 931 1474 socio
965 1432 1134 1485 fuisset3
1172 1431 1281 1472 nihil
1313 1429 1540 1472 Curionem
1561 1448 1601 1473 20

197 1509 240 1535 se
272 1495 375 1535 duce
406 1494 553 1547 facere,
586 1493 699 1547 quod
729 1507 816 1533 non
846 1492 916 1532 hio
949 1490 1067 1532 Sulla
1099 1490 1201 1531 duce
1227 1489 1413 1544 fecisset3
1445 1489 1541 1541 †ad

197 1553 485 1607 ambitionem,
527 1553 682 1606 quibus
715 1551 853 1592 exsilii
885 1564 1021 1604 poena
1052 1549 1341 1602 superioribus
1373 1547 1541 1602 legibus

195 1626 282 1653 non
324 1612 493 1665 fuisset,
538 1611 589 1652 ab
634 1611 708 1651 illo
751 1609 913 1664 patriae
944 1608 1184 1662 proditores
1218 1607 1266 1648 de
1299 1607 1448 1647 exsilio
1480 1620 1541 1646 re—

197 1671 344 1712 ductos
378 1685 486 1724 esse3
530 1670 649 1724 queri
681 1669 731 1710 de
762 1668 921 1709 Milone
953 1681 1027 1721 per
1059 1667 1145 1707 vim
1178 1665 1372 1720 expulso3
1412 1664 1541 1705 nemi-

194 1744 291 1770 nem
322 1732 465 1770 tamen
492 1743 534 1769 se
559 1728 831 1781 violat-urum,
860 1726 945 1767 nisi
971 1725 1044 1779 qui
1071 1739 1186 1766 arma
1213 1726 1369 1765 contra.
1426 1722 1541 1763 Haec
1562 1739 1594 1765 25

195 1788 378 1829 Baebius
413 1788 584 1841 quidam
616 1802 639 1827 a
672 1785 855 1828 Curione
881 1796 931 1825 111
957 1783 1016 1825 Id.
1043 1783 1270 1837 profectus,
1301 1782 1429 1823 homo
1454 1795 1542 1822 non

195 1847 354 1901 infans,
401 1846 472 1886 sed
510 1846 582 1900 qui
619 1845 727 1886 nulli
763 1858 851 1885 non
890 1843 1012 1884 dicat.
1073 1841 1203 1882 Plane
1236 1840 1395 1894 nescio,
1441 1840 1542 1894 quid

196 1919 328 1960 agam.
384 1904 498 1945 Illim
532 1904 726 1958 equidem
760 1902 951 1943 Gnaeum
982 1901 1220 1955 profectum
1251 1902 1368 1952 puto.
1423 1897 1542 1947 Quie-

197 1964 297 2017 quid
330 1967 411 2016 est,
450 1963 580 2003 biduo
614 1963 803 2003 sciemus.
866 1960 905 2001 A
936 1963 978 2000 te
1010 1959 1120 1999 nihil
1149 1973 1202 1999 ne
1232 1957 1418 1998 Anteros
1452 1957 1542 2011 qui-

196 2023 289 2063 dem
314 2022 572 2075 litterarum3
604 2035 679 2061 nec
705 2020 870 2061 mirum.
922 2018 1030 2066 Quid
1057 2017 1168 2057 enim
1194 2018 1270 2069 est,
1304 2016 1417 2070 quod
1443 2015 1541 2056 scri-
1561 2032 1596 2058 30

194 2081 372 2121 bamus?
422 2080 517 2135 Ego
549 2082 692 2120 tamen
721 2078 887 2119 nullum
918 2077 1029 2117 diem
1060 2074 1365 2129 praetermitto.

286 2138 454 2192 Scripta
491 2138 673 2192 epistula
709 2137 878 2177 litterae
916 2135 1024 2176 mihi
1057 2136 1154 2174 ante
1185 2133 1322 2174 lucem
1355 2148 1378 2174 a
1409 2131 1544 2186 Lepta

198 2196 338 2250 Capua
381 2197 569 2237 redditae
615 2198 714 2237 sunt
754 2194 859 2236 Idib.
896 2193 1020 2235 Mart.
1056 2191 1307 2245 Pompeium
1347 2206 1370 2232 a
1409 2190 1544 2231 Brun-

196 2255 302 2295 disio
342 2256 650 2308 conscendisse,
691 2256 733 2295 at
767 2252 990 2295 Caesarem
1031 2266 1064 2291 a.
1093 2251 1128 2291 d.
1156 2262 1221 2290 VII
1252 2249 1346 2291 Kal.
1373 2249 1543 2303 Apriles

196 2311 364 2366 Capuae
396 2314 497 2354 fore.
1564 2323 1601 2349 35
