<?xml version="1.0" encoding="UTF-8"?>
<!DOCTYPE html PUBLIC "-//W3C//DTD XHTML 1.0 Transitional//EN"
    "http://www.w3.org/TR/xhtml1/DTD/xhtml1-transitional.dtd">
<html xmlns="http://www.w3.org/1999/xhtml" xml:lang="en" lang="en">
 <head>
  <title>
</title>
<meta http-equiv="Content-Type" content="text/html;charset=utf-8" />
  <meta name='ocr-system' content='tesseract 3.04.00' />
  <meta name='ocr-capabilities' content='ocr_page ocr_carea ocr_par ocr_line ocrx_word'/>
</head>
<body>
  <div class='ocr_page' id='page_1' title='image "./p2scriptaquaemanse03ciceuoft_0186.png"; bbox 0 0 1665 2553; ppageno 0'>
   <div class='ocr_carea' id='block_1_1' title="bbox 241 69 1152 110">
    <p class='ocr_par' dir='ltr' id='par_1_1' title="bbox 241 69 1152 110">
     <span class='ocr_line' id='line_1_1' title="bbox 241 69 1152 110; baseline 0 -6"><span class='ocrx_word' id='word_1_1' title='bbox 241 70 297 110; x_wconf 79' lang='lat'>14</span> <span class='ocrx_word' id='word_1_2' title='bbox 667 70 715 106; x_wconf 90' lang='lat' dir='ltr'>M.</span> <span class='ocrx_word' id='word_1_3' title='bbox 742 69 881 105; x_wconf 86' lang='lat' dir='ltr'>TULLI</span> <span class='ocrx_word' id='word_1_4' title='bbox 906 69 1152 105; x_wconf 85' lang='lat' dir='ltr'>CICERONIS</span> 
     </span>
    </p>
   </div>
   <div class='ocr_carea' id='block_1_2' title="bbox 238 164 1665 2324">
    <p class='ocr_par' dir='ltr' id='par_1_2' title="bbox 239 164 1625 674">
     <span class='ocr_line' id='line_1_2' title="bbox 241 164 1572 220; baseline 0 -14"><span class='ocrx_word' id='word_1_5' title='bbox 241 165 315 220; x_wconf 86' lang='lat' dir='ltr'>qui</span> <span class='ocrx_word' id='word_1_6' title='bbox 345 164 571 218; x_wconf 72' lang='lat' dir='ltr'>epistulam</span> <span class='ocrx_word' id='word_1_7' title='bbox 602 165 728 219; x_wconf 88' lang='lat' dir='ltr'>paulo</span> <span class='ocrx_word' id='word_1_8' title='bbox 767 165 1002 220; x_wconf 88' lang='lat' dir='ltr'>graviorem</span> <span class='ocrx_word' id='word_1_9' title='bbox 1037 165 1145 206; x_wconf 84' lang='lat' dir='ltr'>ferre</span> <span class='ocrx_word' id='word_1_10' title='bbox 1175 165 1329 220; x_wconf 83' lang='lat' dir='ltr'>possit,</span> <span class='ocrx_word' id='word_1_11' title='bbox 1364 165 1449 206; x_wconf 86' lang='lat' dir='ltr'>nisi</span> <span class='ocrx_word' id='word_1_12' title='bbox 1480 180 1572 207; x_wconf 90' lang='lat' dir='ltr'>eam</span> 
     </span>
     <span class='ocr_line' id='line_1_3' title="bbox 239 222 1572 279; baseline 0.001 -15"><span class='ocrx_word' id='word_1_13' title='bbox 239 223 489 278; x_wconf 71' lang='lat' dir='ltr'>pellectione</span> <span class='ocrx_word' id='word_1_14' title='bbox 517 223 741 265; x_wconf 85' lang='lat' dir='ltr'>relevarit‘?</span> <span class='ocrx_word' id='word_1_15' title='bbox 780 222 951 264; x_wconf 90' lang='lat' dir='ltr'>Accedit</span> <span class='ocrx_word' id='word_1_16' title='bbox 983 237 1044 279; x_wconf 78' lang='lat' dir='ltr'>eo,</span> <span class='ocrx_word' id='word_1_17' title='bbox 1076 224 1188 278; x_wconf 89' lang='lat' dir='ltr'>quod</span> <span class='ocrx_word' id='word_1_18' title='bbox 1218 223 1324 264; x_wconf 89' lang='lat' dir='ltr'>mihi</span> <span class='ocrx_word' id='word_1_19' title='bbox 1353 238 1441 264; x_wconf 88' lang='lat' dir='ltr'>non</span> <span class='ocrx_word' id='word_1_20' title='bbox 1452 223 1493 278; x_wconf 83' lang='lat'>†‚</span> <span class='ocrx_word' id='word_1_21' title='bbox 1523 226 1572 265; x_wconf 88' lang='lat' dir='ltr'>ut</span> 
     </span>
     <span class='ocr_line' id='line_1_4' title="bbox 240 282 1572 337; baseline -0.001 -14"><span class='ocrx_word' id='word_1_22' title='bbox 240 282 419 336; x_wconf 89' lang='lat' dir='ltr'>quisque</span> <span class='ocrx_word' id='word_1_23' title='bbox 462 283 508 322; x_wconf 89' lang='lat' dir='ltr'>in</span> <span class='ocrx_word' id='word_1_24' title='bbox 538 282 718 336; x_wconf 84' lang='lat' dir='ltr'>Epirum</span> <span class='ocrx_word' id='word_1_25' title='bbox 754 282 1045 336; x_wconf 87' lang='lat' dir='ltr'>proficiscitur.</span> <span class='ocrx_word' id='word_1_26' title='bbox 1106 282 1200 337; x_wconf 89' lang='lat' dir='ltr'>Ego</span> <span class='ocrx_word' id='word_1_27' title='bbox 1239 283 1351 323; x_wconf 84' lang='lat' dir='ltr'>enim</span> <span class='ocrx_word' id='word_1_28' title='bbox 1386 285 1428 323; x_wconf 90' lang='lat' dir='ltr'>te</span> <span class='ocrx_word' id='word_1_29' title='bbox 1465 282 1572 323; x_wconf 86' lang='lat' dir='ltr'>arbi-</span> 
     </span>
     <span class='ocr_line' id='line_1_5' title="bbox 239 340 1572 394; baseline 0.001 -13"><span class='ocrx_word' id='word_1_30' title='bbox 239 343 331 381; x_wconf 88' lang='lat' dir='ltr'>tror</span> <span class='ocrx_word' id='word_1_31' title='bbox 363 341 493 382; x_wconf 89' lang='lat' dir='ltr'>caesis</span> <span class='ocrx_word' id='word_1_32' title='bbox 519 341 630 394; x_wconf 89' lang='lat' dir='ltr'>apud</span> <span class='ocrx_word' id='word_1_33' title='bbox 649 340 917 382; x_wconf 76' lang='lat' dir='ltr'>Amaltheam</span> <span class='ocrx_word' id='word_1_34' title='bbox 948 342 1065 381; x_wconf 88' lang='lat' dir='ltr'>tuam</span> <span class='ocrx_word' id='word_1_35' title='bbox 1089 340 1273 381; x_wconf 81' lang='lat' dir='ltr'>victimis</span> <span class='ocrx_word' id='word_1_36' title='bbox 1305 340 1451 382; x_wconf 88' lang='lat' dir='ltr'>statim</span> <span class='ocrx_word' id='word_1_37' title='bbox 1482 355 1572 382; x_wconf 90' lang='lat' dir='ltr'>esse</span> 
     </span>
     <span class='ocr_line' id='line_1_6' title="bbox 240 399 1625 454; baseline 0.001 -14"><span class='ocrx_word' id='word_1_38' title='bbox 240 399 292 440; x_wconf 88' lang='lat' dir='ltr'>ad</span> <span class='ocrx_word' id='word_1_39' title='bbox 325 399 547 453; x_wconf 79' lang='lat' dir='ltr'>Sicyonem</span> <span class='ocrx_word' id='word_1_40' title='bbox 574 399 902 454; x_wconf 85' lang='lat' dir='ltr'>oppugnandum</span> <span class='ocrx_word' id='word_1_41' title='bbox 933 399 1169 452; x_wconf 86' lang='lat' dir='ltr'>profectum</span> <span class='ocrx_word' id='word_1_42' title='bbox 1198 413 1333 453; x_wconf 87' lang='lat' dir='ltr'>neque</span> <span class='ocrx_word' id='word_1_43' title='bbox 1365 401 1507 440; x_wconf 89' lang='lat' dir='ltr'>tamen</span> <span class='ocrx_word' id='word_1_44' title='bbox 1529 399 1574 440; x_wconf 86' lang='lat' dir='ltr'>id</span> <span class='ocrx_word' id='word_1_45' title='bbox 1609 416 1625 442; x_wconf 91' lang='lat'><strong>5</strong></span> 
     </span>
     <span class='ocr_line' id='line_1_7' title="bbox 240 456 1572 512; baseline 0 -14"><span class='ocrx_word' id='word_1_46' title='bbox 240 457 382 511; x_wconf 89' lang='lat' dir='ltr'>ipsum</span> <span class='ocrx_word' id='word_1_47' title='bbox 413 461 575 499; x_wconf 88' lang='lat' dir='ltr'>certum</span> <span class='ocrx_word' id='word_1_48' title='bbox 604 458 752 512; x_wconf 77' lang='lat' dir='ltr'>habeo,</span> <span class='ocrx_word' id='word_1_49' title='bbox 784 457 950 511; x_wconf 80' lang='lat' dir='ltr'>quando</span> <span class='ocrx_word' id='word_1_50' title='bbox 977 457 1029 498; x_wconf 89' lang='lat' dir='ltr'>ad</span> <span class='ocrx_word' id='word_1_51' title='bbox 1047 456 1278 498; x_wconf 82' lang='lat' dir='ltr'>Antonium</span> <span class='ocrx_word' id='word_1_52' title='bbox 1306 458 1572 511; x_wconf 85' lang='lat' dir='ltr'>proficiscare</span> 
     </span>
     <span class='ocr_line' id='line_1_8' title="bbox 241 515 1572 570; baseline 0.001 -14"><span class='ocrx_word' id='word_1_53' title='bbox 241 519 314 556; x_wconf 87' lang='lat' dir='ltr'>aut</span> <span class='ocrx_word' id='word_1_54' title='bbox 341 516 442 570; x_wconf 89' lang='lat' dir='ltr'>quid</span> <span class='ocrx_word' id='word_1_55' title='bbox 472 516 517 557; x_wconf 87' lang='lat' dir='ltr'>in</span> <span class='ocrx_word' id='word_1_56' title='bbox 541 516 673 570; x_wconf 86' lang='lat' dir='ltr'>Epiro</span> <span class='ocrx_word' id='word_1_57' title='bbox 699 516 902 570; x_wconf 89' lang='lat' dir='ltr'>temporis</span> <span class='ocrx_word' id='word_1_58' title='bbox 934 530 1077 570; x_wconf 88' lang='lat' dir='ltr'>ponas.</span> <span class='ocrx_word' id='word_1_59' title='bbox 1127 516 1193 557; x_wconf 89' lang='lat' dir='ltr'>Ita</span> <span class='ocrx_word' id='word_1_60' title='bbox 1223 530 1358 570; x_wconf 87' lang='lat' dir='ltr'>neque</span> <span class='ocrx_word' id='word_1_61' title='bbox 1378 515 1572 557; x_wconf 82' lang='lat' dir='ltr'>Achaicis</span> 
     </span>
     <span class='ocr_line' id='line_1_9' title="bbox 239 574 1573 628; baseline 0.001 -14"><span class='ocrx_word' id='word_1_62' title='bbox 239 574 486 615; x_wconf 90' lang='lat' dir='ltr'>hominibus</span> <span class='ocrx_word' id='word_1_63' title='bbox 524 589 660 628; x_wconf 86' lang='lat' dir='ltr'>neque</span> <span class='ocrx_word' id='word_1_64' title='bbox 699 574 930 628; x_wconf 73' lang='lat' dir='ltr'>Epiroticis</span> <span class='ocrx_word' id='word_1_65' title='bbox 971 574 1097 628; x_wconf 89' lang='lat' dir='ltr'>paulo</span> <span class='ocrx_word' id='word_1_66' title='bbox 1142 574 1361 616; x_wconf 85' lang='lat' dir='ltr'>liberiores</span> <span class='ocrx_word' id='word_1_67' title='bbox 1407 575 1573 616; x_wconf 75' lang='lat' dir='ltr'>litteras</span> 
     </span>
     <span class='ocr_line' id='line_1_10' title="bbox 242 629 679 674; baseline 0.002 -1"><span class='ocrx_word' id='word_1_68' title='bbox 242 633 505 674; x_wconf 85' lang='lat' dir='ltr'>committere</span> <span class='ocrx_word' id='word_1_69' title='bbox 537 629 679 674; x_wconf 89' lang='lat' dir='ltr'>audeo.</span> 
     </span>
    </p>

    <p class='ocr_par' dir='ltr' id='par_1_3' title="bbox 238 690 1665 2324">
     <span class='ocr_line' id='line_1_11' title="bbox 333 690 1627 746; baseline 0.001 -14"><span class='ocrx_word' id='word_1_70' title='bbox 333 690 441 732; x_wconf 88' lang='lat' dir='ltr'>Sunt</span> <span class='ocrx_word' id='word_1_71' title='bbox 473 694 614 732; x_wconf 88' lang='lat' dir='ltr'>autem</span> <span class='ocrx_word' id='word_1_72' title='bbox 645 694 743 745; x_wconf 87' lang='lat' dir='ltr'>post</span> <span class='ocrx_word' id='word_1_73' title='bbox 774 691 1004 732; x_wconf 86' lang='lat' dir='ltr'>discessum</span> <span class='ocrx_word' id='word_1_74' title='bbox 1030 706 1053 732; x_wconf 91' lang='lat' dir='ltr'>a</span> <span class='ocrx_word' id='word_1_75' title='bbox 1078 705 1143 732; x_wconf 90' lang='lat' dir='ltr'>me</span> <span class='ocrx_word' id='word_1_76' title='bbox 1174 693 1297 732; x_wconf 89' lang='lat' dir='ltr'>tuum</span> <span class='ocrx_word' id='word_1_77' title='bbox 1326 706 1394 733; x_wconf 89' lang='lat' dir='ltr'>res</span> <span class='ocrx_word' id='word_1_78' title='bbox 1423 691 1573 746; x_wconf 84' lang='lat' dir='ltr'>dignae</span> <span class='ocrx_word' id='word_1_79' title='bbox 1592 709 1627 734; x_wconf 89' lang='lat'>10</span> 
     </span>
     <span class='ocr_line' id='line_1_12' title="bbox 241 749 1573 805; baseline 0 -15"><span class='ocrx_word' id='word_1_80' title='bbox 241 749 397 790; x_wconf 86' lang='lat' dir='ltr'>litteris</span> <span class='ocrx_word' id='word_1_81' title='bbox 428 751 599 805; x_wconf 80' lang='lat' dir='ltr'>nostris⁷</span> <span class='ocrx_word' id='word_1_82' title='bbox 630 750 702 791; x_wconf 90' lang='lat' dir='ltr'>sed</span> <span class='ocrx_word' id='word_1_83' title='bbox 732 764 818 791; x_wconf 90' lang='lat' dir='ltr'>non</span> <span class='ocrx_word' id='word_1_84' title='bbox 849 750 1172 791; x_wconf 85' lang='lat' dir='ltr'>committendae</span> <span class='ocrx_word' id='word_1_85' title='bbox 1203 749 1293 790; x_wconf 92' lang='lat' dir='ltr'>eius</span> <span class='ocrx_word' id='word_1_86' title='bbox 1323 749 1438 790; x_wconf 92' lang='lat' dir='ltr'>modi</span> <span class='ocrx_word' id='word_1_87' title='bbox 1467 750 1573 804; x_wconf 91' lang='lat' dir='ltr'>peri-</span> 
     </span>
     <span class='ocr_line' id='line_1_13' title="bbox 242 808 1573 863; baseline 0 -14"><span class='ocrx_word' id='word_1_88' title='bbox 242 808 353 863; x_wconf 84' lang='lat' dir='ltr'>culo,</span> <span class='ocrx_word' id='word_1_89' title='bbox 390 811 439 849; x_wconf 90' lang='lat' dir='ltr'>ut</span> <span class='ocrx_word' id='word_1_90' title='bbox 471 811 544 849; x_wconf 86' lang='lat' dir='ltr'>aut</span> <span class='ocrx_word' id='word_1_91' title='bbox 575 809 746 849; x_wconf 85' lang='lat' dir='ltr'>interire</span> <span class='ocrx_word' id='word_1_92' title='bbox 779 811 852 849; x_wconf 88' lang='lat' dir='ltr'>aut</span> <span class='ocrx_word' id='word_1_93' title='bbox 884 808 1037 862; x_wconf 88' lang='lat' dir='ltr'>aperiri</span> <span class='ocrx_word' id='word_1_94' title='bbox 1068 811 1141 849; x_wconf 85' lang='lat' dir='ltr'>aut</span> <span class='ocrx_word' id='word_1_95' title='bbox 1171 808 1366 862; x_wconf 88' lang='lat' dir='ltr'>intercipi</span> <span class='ocrx_word' id='word_1_96' title='bbox 1396 809 1573 862; x_wconf 86' lang='lat' dir='ltr'>possint.</span> 
     </span>
     <span class='ocr_line' id='line_1_14' title="bbox 240 865 1574 922; baseline 0 -15"><span class='ocrx_word' id='word_1_97' title='bbox 240 865 431 908; x_wconf 89' lang='lat' dir='ltr'>Primum</span> <span class='ocrx_word' id='word_1_98' title='bbox 470 867 604 922; x_wconf 85' lang='lat' dir='ltr'>igitur</span> <span class='ocrx_word' id='word_1_99' title='bbox 647 867 752 908; x_wconf 85' lang='lat' dir='ltr'>scito</span> <span class='ocrx_word' id='word_1_100' title='bbox 793 867 977 921; x_wconf 90' lang='lat' dir='ltr'>primum</span> <span class='ocrx_word' id='word_1_101' title='bbox 1016 881 1081 907; x_wconf 90' lang='lat' dir='ltr'>me</span> <span class='ocrx_word' id='word_1_102' title='bbox 1120 880 1206 908; x_wconf 92' lang='lat' dir='ltr'>non</span> <span class='ocrx_word' id='word_1_103' title='bbox 1247 881 1338 908; x_wconf 89' lang='lat' dir='ltr'>esse</span> <span class='ocrx_word' id='word_1_104' title='bbox 1376 869 1574 921; x_wconf 89' lang='lat' dir='ltr'>rogatum</span> 
     </span>
     <span class='ocr_line' id='line_1_15' title="bbox 243 925 1573 980; baseline 0.001 -15"><span class='ocrx_word' id='word_1_105' title='bbox 243 925 495 966; x_wconf 84' lang='lat' dir='ltr'>sententiam</span> <span class='ocrx_word' id='word_1_106' title='bbox 544 926 915 980; x_wconf 86' lang='lat' dir='ltr'>praepositumque</span> <span class='ocrx_word' id='word_1_107' title='bbox 959 939 1048 966; x_wconf 87' lang='lat' dir='ltr'>esse</span> <span class='ocrx_word' id='word_1_108' title='bbox 1090 925 1214 966; x_wconf 85' lang='lat' dir='ltr'>nobis</span> <span class='ocrx_word' id='word_1_109' title='bbox 1264 925 1573 979; x_wconf 86' lang='lat' dir='ltr'>pacificatorem</span> 
     </span>
     <span class='ocr_line' id='line_1_16' title="bbox 241 982 1626 1040; baseline 0.001 -16"><span class='ocrx_word' id='word_1_110' title='bbox 241 982 546 1040; x_wconf 75' lang='lat' dir='ltr'>Allobrogum,</span> <span class='ocrx_word' id='word_1_111' title='bbox 585 984 710 1038; x_wconf 88' lang='lat' dir='ltr'>idque</span> <span class='ocrx_word' id='word_1_112' title='bbox 755 985 1095 1025; x_wconf 84' lang='lat' dir='ltr'>admurmurante</span> <span class='ocrx_word' id='word_1_113' title='bbox 1138 986 1284 1025; x_wconf 90' lang='lat' dir='ltr'>senatu</span> <span class='ocrx_word' id='word_1_114' title='bbox 1328 998 1464 1038; x_wconf 87' lang='lat' dir='ltr'>neque</span> <span class='ocrx_word' id='word_1_115' title='bbox 1506 999 1572 1025; x_wconf 89' lang='lat' dir='ltr'>me</span> <span class='ocrx_word' id='word_1_116' title='bbox 1592 1001 1626 1028; x_wconf 85' lang='lat'>15</span> 
     </span>
     <span class='ocr_line' id='line_1_17' title="bbox 241 1041 1572 1084; baseline 0.001 -2"><span class='ocrx_word' id='word_1_117' title='bbox 241 1042 376 1083; x_wconf 79' lang='lat' dir='ltr'>invito</span> <span class='ocrx_word' id='word_1_118' title='bbox 398 1057 488 1083; x_wconf 85' lang='lat' dir='ltr'>esse</span> <span class='ocrx_word' id='word_1_119' title='bbox 507 1043 676 1084; x_wconf 87' lang='lat' dir='ltr'>factum.</span> <span class='ocrx_word' id='word_1_120' title='bbox 728 1041 831 1083; x_wconf 89' lang='lat' dir='ltr'>Sum</span> <span class='ocrx_word' id='word_1_121' title='bbox 850 1042 961 1083; x_wconf 89' lang='lat' dir='ltr'>enim</span> <span class='ocrx_word' id='word_1_122' title='bbox 986 1045 1028 1083; x_wconf 91' lang='lat' dir='ltr'>et</span> <span class='ocrx_word' id='word_1_123' title='bbox 1048 1042 1100 1082; x_wconf 90' lang='lat' dir='ltr'>ab</span> <span class='ocrx_word' id='word_1_124' title='bbox 1122 1042 1382 1083; x_wconf 86' lang='lat' dir='ltr'>observando</span> <span class='ocrx_word' id='word_1_125' title='bbox 1402 1042 1572 1083; x_wconf 90' lang='lat' dir='ltr'>homine</span> 
     </span>
     <span class='ocr_line' id='line_1_18' title="bbox 240 1100 1572 1155; baseline 0 -14"><span class='ocrx_word' id='word_1_126' title='bbox 240 1115 436 1154; x_wconf 80' lang='lat' dir='ltr'>perverso</span> <span class='ocrx_word' id='word_1_127' title='bbox 468 1101 575 1141; x_wconf 90' lang='lat' dir='ltr'>liber</span> <span class='ocrx_word' id='word_1_128' title='bbox 607 1104 648 1142; x_wconf 90' lang='lat' dir='ltr'>et</span> <span class='ocrx_word' id='word_1_129' title='bbox 681 1101 732 1141; x_wconf 88' lang='lat' dir='ltr'>ad</span> <span class='ocrx_word' id='word_1_130' title='bbox 764 1101 1014 1155; x_wconf 85' lang='lat' dir='ltr'>dignitatem</span> <span class='ocrx_word' id='word_1_131' title='bbox 1044 1100 1090 1140; x_wconf 85' lang='lat' dir='ltr'>in</span> <span class='ocrx_word' id='word_1_132' title='bbox 1119 1115 1163 1141; x_wconf 90' lang='lat' dir='ltr'>re</span> <span class='ocrx_word' id='word_1_133' title='bbox 1195 1101 1363 1154; x_wconf 87' lang='lat' dir='ltr'>publica</span> <span class='ocrx_word' id='word_1_134' title='bbox 1393 1100 1572 1141; x_wconf 90' lang='lat' dir='ltr'>retinen-</span> 
     </span>
     <span class='ocr_line' id='line_1_19' title="bbox 242 1158 1571 1213; baseline 0.001 -14"><span class='ocrx_word' id='word_1_135' title='bbox 242 1159 336 1199; x_wconf 89' lang='lat' dir='ltr'>dam</span> <span class='ocrx_word' id='word_1_136' title='bbox 368 1162 514 1200; x_wconf 85' lang='lat' dir='ltr'>contra</span> <span class='ocrx_word' id='word_1_137' title='bbox 544 1159 660 1200; x_wconf 88' lang='lat' dir='ltr'>illius</span> <span class='ocrx_word' id='word_1_138' title='bbox 691 1159 954 1200; x_wconf 85' lang='lat' dir='ltr'>voluntatem</span> <span class='ocrx_word' id='word_1_139' title='bbox 987 1158 1164 1213; x_wconf 77' lang='lat' dir='ltr'>solutus,</span> <span class='ocrx_word' id='word_1_140' title='bbox 1195 1162 1236 1199; x_wconf 92' lang='lat' dir='ltr'>et</span> <span class='ocrx_word' id='word_1_141' title='bbox 1267 1159 1338 1199; x_wconf 90' lang='lat' dir='ltr'>ille</span> <span class='ocrx_word' id='word_1_142' title='bbox 1367 1159 1571 1200; x_wconf 89' lang='lat' dir='ltr'>secundus</span> 
     </span>
     <span class='ocr_line' id='line_1_20' title="bbox 240 1217 1572 1271; baseline 0 -13"><span class='ocrx_word' id='word_1_143' title='bbox 240 1217 286 1257; x_wconf 88' lang='lat' dir='ltr'>in</span> <span class='ocrx_word' id='word_1_144' title='bbox 317 1217 488 1258; x_wconf 89' lang='lat' dir='ltr'>dicendo</span> <span class='ocrx_word' id='word_1_145' title='bbox 521 1217 638 1258; x_wconf 90' lang='lat' dir='ltr'>locus</span> <span class='ocrx_word' id='word_1_146' title='bbox 669 1217 798 1258; x_wconf 89' lang='lat' dir='ltr'>habet</span> <span class='ocrx_word' id='word_1_147' title='bbox 823 1217 1117 1258; x_wconf 85' lang='lat' dir='ltr'>auctoritatem</span> <span class='ocrx_word' id='word_1_148' title='bbox 1142 1232 1272 1271; x_wconf 88' lang='lat' dir='ltr'>paene</span> <span class='ocrx_word' id='word_1_149' title='bbox 1304 1218 1503 1271; x_wconf 87' lang='lat' dir='ltr'>principis</span> <span class='ocrx_word' id='word_1_150' title='bbox 1530 1221 1572 1259; x_wconf 90' lang='lat' dir='ltr'>et</span> 
     </span>
     <span class='ocr_line' id='line_1_21' title="bbox 240 1275 1626 1320; baseline 0.001 -4"><span class='ocrx_word' id='word_1_151' title='bbox 240 1276 504 1317; x_wconf 85' lang='lat' dir='ltr'>voluntatem</span> <span class='ocrx_word' id='word_1_152' title='bbox 551 1290 637 1317; x_wconf 90' lang='lat' dir='ltr'>non</span> <span class='ocrx_word' id='word_1_153' title='bbox 678 1276 805 1317; x_wconf 89' lang='lat' dir='ltr'>nimis</span> <span class='ocrx_word' id='word_1_154' title='bbox 849 1275 1084 1316; x_wconf 86' lang='lat' dir='ltr'>devinctam</span> <span class='ocrx_word' id='word_1_155' title='bbox 1131 1275 1332 1317; x_wconf 91' lang='lat' dir='ltr'>beneficio</span> <span class='ocrx_word' id='word_1_156' title='bbox 1376 1276 1570 1317; x_wconf 85' lang='lat' dir='ltr'>consulis.</span> <span class='ocrx_word' id='word_1_157' title='bbox 1590 1294 1626 1320; x_wconf 83' lang='lat'>20</span> 
     </span>
     <span class='ocr_line' id='line_1_22' title="bbox 242 1333 1571 1390; baseline 0.001 -15"><span class='ocrx_word' id='word_1_158' title='bbox 242 1334 410 1375; x_wconf 85' lang='lat' dir='ltr'>Tertius</span> <span class='ocrx_word' id='word_1_159' title='bbox 455 1337 518 1375; x_wconf 85' lang='lat' dir='ltr'>est</span> <span class='ocrx_word' id='word_1_160' title='bbox 559 1333 754 1390; x_wconf 75' lang='lat' dir='ltr'>Catulus,</span> <span class='ocrx_word' id='word_1_161' title='bbox 798 1336 991 1390; x_wconf 75' lang='lat' dir='ltr'>quartus,</span> <span class='ocrx_word' id='word_1_162' title='bbox 1035 1334 1071 1374; x_wconf 91' lang='lat' dir='ltr'>si</span> <span class='ocrx_word' id='word_1_163' title='bbox 1114 1334 1241 1375; x_wconf 88' lang='lat' dir='ltr'>etiam</span> <span class='ocrx_word' id='word_1_164' title='bbox 1276 1334 1357 1376; x_wconf 83' lang='lat' dir='ltr'>hoc</span> <span class='ocrx_word' id='word_1_165' title='bbox 1394 1335 1571 1389; x_wconf 81' lang='lat' dir='ltr'>quaeris,</span> 
     </span>
     <span class='ocr_line' id='line_1_23' title="bbox 239 1391 1570 1447; baseline 0.001 -14"><span class='ocrx_word' id='word_1_166' title='bbox 239 1392 505 1433; x_wconf 88' lang='lat' dir='ltr'>Hortensius.</span> <span class='ocrx_word' id='word_1_167' title='bbox 557 1391 715 1434; x_wconf 89' lang='lat' dir='ltr'>Consul</span> <span class='ocrx_word' id='word_1_168' title='bbox 746 1395 888 1434; x_wconf 88' lang='lat' dir='ltr'>autem</span> <span class='ocrx_word' id='word_1_169' title='bbox 920 1393 1010 1446; x_wconf 88' lang='lat' dir='ltr'>ipse</span> <span class='ocrx_word' id='word_1_170' title='bbox 1040 1407 1170 1446; x_wconf 88' lang='lat' dir='ltr'>parvo</span> <span class='ocrx_word' id='word_1_171' title='bbox 1197 1392 1336 1434; x_wconf 80' lang='lat' dir='ltr'>am‘mo</span> <span class='ocrx_word' id='word_1_172' title='bbox 1369 1396 1410 1433; x_wconf 87' lang='lat' dir='ltr'>et</span> <span class='ocrx_word' id='word_1_173' title='bbox 1440 1407 1570 1447; x_wconf 87' lang='lat' dir='ltr'>pravo</span> 
     </span>
     <span class='ocr_line' id='line_1_24' title="bbox 240 1451 1628 1506; baseline 0 -14"><span class='ocrx_word' id='word_1_174' title='bbox 240 1454 384 1492; x_wconf 88' lang='lat' dir='ltr'>tamen</span> <span class='ocrx_word' id='word_1_175' title='bbox 415 1451 635 1492; x_wconf 85' lang='lat' dir='ltr'>cavillator</span> <span class='ocrx_word' id='word_1_176' title='bbox 666 1465 816 1506; x_wconf 82' lang='lat' dir='ltr'>genere</span> <span class='ocrx_word' id='word_1_177' title='bbox 847 1451 921 1492; x_wconf 89' lang='lat' dir='ltr'>illo</span> <span class='ocrx_word' id='word_1_178' title='bbox 954 1465 1142 1506; x_wconf 83' lang='lat' dir='ltr'>moroso,</span> <span class='ocrx_word' id='word_1_179' title='bbox 1180 1451 1292 1505; x_wconf 86' lang='lat' dir='ltr'>quod</span> <span class='ocrx_word' id='word_1_180' title='bbox 1323 1451 1451 1492; x_wconf 89' lang='lat' dir='ltr'>etiam</span> <span class='ocrx_word' id='word_1_181' title='bbox 1482 1452 1571 1492; x_wconf 87' lang='lat' dir='ltr'>sine</span> <span class='ocrx_word' id='word_1_182' title='bbox 1624 1479 1628 1483; x_wconf 91' lang='lat'><em>-</em></span> 
     </span>
     <span class='ocr_line' id='line_1_25' title="bbox 241 1509 1570 1565; baseline 0 -15"><span class='ocrx_word' id='word_1_183' title='bbox 241 1509 460 1551; x_wconf 86' lang='lat' dir='ltr'>dicacitate</span> <span class='ocrx_word' id='word_1_184' title='bbox 490 1509 669 1565; x_wconf 59' lang='lat' dir='ltr'>ridetur,</span> <span class='ocrx_word' id='word_1_185' title='bbox 704 1510 809 1551; x_wconf 84' lang='lat' dir='ltr'>facie</span> <span class='ocrx_word' id='word_1_186' title='bbox 840 1510 975 1564; x_wconf 87' lang='lat' dir='ltr'>magis</span> <span class='ocrx_word' id='word_1_187' title='bbox 1009 1524 1135 1563; x_wconf 87' lang='lat' dir='ltr'>quam</span> <span class='ocrx_word' id='word_1_188' title='bbox 1166 1509 1327 1550; x_wconf 84' lang='lat' dir='ltr'>facetiis</span> <span class='ocrx_word' id='word_1_189' title='bbox 1358 1509 1570 1564; x_wconf 87' lang='lat' dir='ltr'>ridiculus,</span> 
     </span>
     <span class='ocr_line' id='line_1_26' title="bbox 239 1568 1665 1622; baseline 0.001 -14"><span class='ocrx_word' id='word_1_190' title='bbox 239 1568 349 1608; x_wconf 87' lang='lat' dir='ltr'>nihil</span> <span class='ocrx_word' id='word_1_191' title='bbox 381 1582 508 1622; x_wconf 90' lang='lat' dir='ltr'>agens</span> <span class='ocrx_word' id='word_1_192' title='bbox 540 1582 633 1609; x_wconf 90' lang='lat' dir='ltr'>cum</span> <span class='ocrx_word' id='word_1_193' title='bbox 664 1583 708 1609; x_wconf 92' lang='lat' dir='ltr'>re</span> <span class='ocrx_word' id='word_1_194' title='bbox 739 1568 919 1622; x_wconf 86' lang='lat' dir='ltr'>publica,</span> <span class='ocrx_word' id='word_1_195' title='bbox 952 1568 1163 1609; x_wconf 91' lang='lat' dir='ltr'>seiunctus</span> <span class='ocrx_word' id='word_1_196' title='bbox 1197 1568 1247 1609; x_wconf 89' lang='lat' dir='ltr'>ab</span> <span class='ocrx_word' id='word_1_197' title='bbox 1282 1568 1569 1622; x_wconf 69' lang='lat' dir='ltr'>optimatibus,</span> <span class='ocrx_word' id='word_1_198' title='bbox 1589 1586 1622 1611; x_wconf 84' lang='lat'>25</span> <span class='ocrx_word' id='word_1_199' title='bbox 1662 1591 1665 1614; x_wconf 69' lang='lat'>1</span> 
     </span>
     <span class='ocr_line' id='line_1_27' title="bbox 240 1626 1570 1681; baseline 0 -14"><span class='ocrx_word' id='word_1_200' title='bbox 240 1642 264 1667; x_wconf 87' lang='lat' dir='ltr'>a</span> <span class='ocrx_word' id='word_1_201' title='bbox 296 1641 378 1680; x_wconf 87' lang='lat' dir='ltr'>quo</span> <span class='ocrx_word' id='word_1_202' title='bbox 410 1627 518 1667; x_wconf 88' lang='grc'><strong>1111111</strong></span> <span class='ocrx_word' id='word_1_203' title='bbox 551 1641 690 1680; x_wconf 90' lang='lat' dir='ltr'>speres</span> <span class='ocrx_word' id='word_1_204' title='bbox 722 1627 824 1668; x_wconf 90' lang='lat' dir='ltr'>boni</span> <span class='ocrx_word' id='word_1_205' title='bbox 861 1627 922 1667; x_wconf 87' lang='lat' dir='ltr'>rei</span> <span class='ocrx_word' id='word_1_206' title='bbox 960 1626 1170 1681; x_wconf 87' lang='lat' dir='ltr'>publicae,</span> <span class='ocrx_word' id='word_1_207' title='bbox 1215 1626 1312 1680; x_wconf 84' lang='lat' dir='ltr'>quia</span> <span class='ocrx_word' id='word_1_208' title='bbox 1351 1640 1437 1667; x_wconf 91' lang='lat' dir='ltr'>non</span> <span class='ocrx_word' id='word_1_209' title='bbox 1467 1627 1570 1681; x_wconf 76' lang='lat' dir='ltr'>vult,</span> 
     </span>
     <span class='ocr_line' id='line_1_28' title="bbox 238 1684 1570 1741; baseline -0.001 -15"><span class='ocrx_word' id='word_1_210' title='bbox 238 1685 348 1726; x_wconf 90' lang='lat' dir='ltr'>nihil</span> <span class='ocrx_word' id='word_1_211' title='bbox 374 1700 515 1739; x_wconf 88' lang='lat' dir='ltr'>speres</span> <span class='ocrx_word' id='word_1_212' title='bbox 541 1686 653 1741; x_wconf 77' lang='lat' dir='ltr'>mali,</span> <span class='ocrx_word' id='word_1_213' title='bbox 685 1686 783 1739; x_wconf 88' lang='lat' dir='ltr'>quia</span> <span class='ocrx_word' id='word_1_214' title='bbox 813 1699 900 1726; x_wconf 90' lang='lat' dir='ltr'>non</span> <span class='ocrx_word' id='word_1_215' title='bbox 930 1685 1063 1726; x_wconf 87' lang='lat' dir='ltr'>audet.</span> <span class='ocrx_word' id='word_1_216' title='bbox 1113 1685 1220 1726; x_wconf 89' lang='lat' dir='ltr'>Eius</span> <span class='ocrx_word' id='word_1_217' title='bbox 1246 1686 1385 1725; x_wconf 91' lang='lat' dir='ltr'>autem</span> <span class='ocrx_word' id='word_1_218' title='bbox 1410 1684 1570 1739; x_wconf 86' lang='lat' dir='ltr'>collega</span> 
     </span>
     <span class='ocr_line' id='line_1_29' title="bbox 240 1743 1570 1797; baseline -0.002 -12"><span class='ocrx_word' id='word_1_219' title='bbox 240 1746 282 1784; x_wconf 94' lang='lat' dir='ltr'>et</span> <span class='ocrx_word' id='word_1_220' title='bbox 322 1744 367 1785; x_wconf 87' lang='lat' dir='ltr'>in</span> <span class='ocrx_word' id='word_1_221' title='bbox 406 1758 472 1785; x_wconf 90' lang='lat' dir='ltr'>me</span> <span class='ocrx_word' id='word_1_222' title='bbox 512 1744 845 1797; x_wconf 88' lang='lat' dir='ltr'>perhonorificus</span> <span class='ocrx_word' id='word_1_223' title='bbox 886 1746 927 1784; x_wconf 94' lang='lat' dir='ltr'>et</span> <span class='ocrx_word' id='word_1_224' title='bbox 966 1744 1151 1797; x_wconf 84' lang='lat' dir='ltr'>partium</span> <span class='ocrx_word' id='word_1_225' title='bbox 1183 1743 1396 1784; x_wconf 88' lang='lat' dir='ltr'>studiosus</span> <span class='ocrx_word' id='word_1_226' title='bbox 1429 1757 1475 1783; x_wconf 85' lang='lat' dir='ltr'>ac</span> <span class='ocrx_word' id='word_1_227' title='bbox 1506 1743 1570 1784; x_wconf 93' lang='lat' dir='ltr'>de-</span> 
     </span>
     <span class='ocr_line' id='line_1_30' title="bbox 239 1801 1569 1851; baseline -0.002 -8"><span class='ocrx_word' id='word_1_228' title='bbox 239 1802 382 1843; x_wconf 85' lang='lat' dir='ltr'>fensor</span> <span class='ocrx_word' id='word_1_229' title='bbox 420 1803 636 1844; x_wconf 88' lang='lat' dir='ltr'>bonarum.</span> <span class='ocrx_word' id='word_1_230' title='bbox 699 1801 779 1851; x_wconf 83' lang='lat' dir='ltr'>Qui</span> <span class='ocrx_word' id='word_1_231' title='bbox 809 1817 920 1843; x_wconf 90' lang='lat' dir='ltr'>nunc</span> <span class='ocrx_word' id='word_1_232' title='bbox 956 1802 1103 1843; x_wconf 83' lang='lat' dir='ltr'>leviter</span> <span class='ocrx_word' id='word_1_233' title='bbox 1140 1802 1250 1843; x_wconf 86' lang='lat' dir='ltr'>inter</span> <span class='ocrx_word' id='word_1_234' title='bbox 1280 1815 1323 1842; x_wconf 90' lang='lat' dir='ltr'>se</span> <span class='ocrx_word' id='word_1_235' title='bbox 1355 1801 1569 1842; x_wconf 89' lang='lat' dir='ltr'>dissident.</span> 
     </span>
     <span class='ocr_line' id='line_1_31' title="bbox 241 1859 1665 1916; baseline 0.001 -15"><span class='ocrx_word' id='word_1_236' title='bbox 241 1859 322 1902; x_wconf 90' lang='lat' dir='ltr'>Sed</span> <span class='ocrx_word' id='word_1_237' title='bbox 353 1875 509 1915; x_wconf 80' lang='lat' dir='ltr'>vereor,</span> <span class='ocrx_word' id='word_1_238' title='bbox 539 1875 592 1902; x_wconf 90' lang='lat' dir='ltr'>ne</span> <span class='ocrx_word' id='word_1_239' title='bbox 622 1861 714 1916; x_wconf 81' lang='lat' dir='ltr'>hoc,</span> <span class='ocrx_word' id='word_1_240' title='bbox 746 1861 858 1914; x_wconf 91' lang='lat' dir='ltr'>quod</span> <span class='ocrx_word' id='word_1_241' title='bbox 889 1860 1091 1902; x_wconf 89' lang='lat' dir='ltr'>infectum</span> <span class='ocrx_word' id='word_1_242' title='bbox 1117 1863 1191 1915; x_wconf 71' lang='lat' dir='ltr'>est,</span> <span class='ocrx_word' id='word_1_243' title='bbox 1223 1861 1364 1913; x_wconf 85' lang='lat' dir='ltr'>serpat</span> <span class='ocrx_word' id='word_1_244' title='bbox 1388 1859 1567 1914; x_wconf 88' lang='lat' dir='ltr'>longius.</span> <span class='ocrx_word' id='word_1_245' title='bbox 1589 1877 1623 1903; x_wconf 74' lang='lat' dir='ltr'>so</span> <span class='ocrx_word' id='word_1_246' title='bbox 1656 1882 1665 1908; x_wconf 72' lang='grc' dir='ltr'>ι</span> 
     </span>
     <span class='ocr_line' id='line_1_32' title="bbox 240 1917 1568 1973; baseline -0.002 -13"><span class='ocrx_word' id='word_1_247' title='bbox 240 1918 373 1961; x_wconf 82' lang='lat' dir='ltr'>Credo</span> <span class='ocrx_word' id='word_1_248' title='bbox 401 1920 513 1960; x_wconf 91' lang='lat' dir='ltr'>enim</span> <span class='ocrx_word' id='word_1_249' title='bbox 538 1922 581 1960; x_wconf 89' lang='lat' dir='ltr'>te</span> <span class='ocrx_word' id='word_1_250' title='bbox 607 1920 782 1973; x_wconf 84' lang='lat' dir='ltr'>audisse,</span> <span class='ocrx_word' id='word_1_251' title='bbox 815 1934 909 1960; x_wconf 88' lang='lat' dir='ltr'>cum</span> <span class='ocrx_word' id='word_1_252' title='bbox 935 1919 1045 1973; x_wconf 90' lang='lat' dir='ltr'>apud</span> <span class='ocrx_word' id='word_1_253' title='bbox 1065 1917 1284 1960; x_wconf 86' lang='lat' dir='ltr'>Caesarem</span> <span class='ocrx_word' id='word_1_254' title='bbox 1309 1932 1385 1971; x_wconf 91' lang='lat' dir='ltr'>pro</span> <span class='ocrx_word' id='word_1_255' title='bbox 1411 1918 1568 1972; x_wconf 90' lang='lat' dir='ltr'>populo</span> 
     </span>
     <span class='ocr_line' id='line_1_33' title="bbox 238 1976 1570 2032; baseline -0.001 -14"><span class='ocrx_word' id='word_1_256' title='bbox 238 1978 374 2032; x_wconf 72' lang='lat' dir='ltr'>fieret,</span> <span class='ocrx_word' id='word_1_257' title='bbox 407 1978 571 2019; x_wconf 85' lang='lat' dir='ltr'>venisse</span> <span class='ocrx_word' id='word_1_258' title='bbox 603 1992 650 2019; x_wconf 90' lang='lat' dir='ltr'>eo</span> <span class='ocrx_word' id='word_1_259' title='bbox 681 1977 879 2018; x_wconf 88' lang='lat' dir='ltr'>muliebri</span> <span class='ocrx_word' id='word_1_260' title='bbox 910 1977 1067 2018; x_wconf 87' lang='lat' dir='ltr'>vestitu</span> <span class='ocrx_word' id='word_1_261' title='bbox 1099 1977 1253 2030; x_wconf 81' lang='lat' dir='ltr'>virum,</span> <span class='ocrx_word' id='word_1_262' title='bbox 1291 1976 1415 2030; x_wconf 87' lang='lat' dir='ltr'>idque</span> <span class='ocrx_word' id='word_1_263' title='bbox 1448 1977 1570 2017; x_wconf 88' lang='lat' dir='ltr'>sacri-</span> 
     </span>
     <span class='ocr_line' id='line_1_34' title="bbox 238 2033 1567 2091; baseline 0 -16"><span class='ocrx_word' id='word_1_264' title='bbox 238 2036 380 2077; x_wconf 87' lang='lat' dir='ltr'>ficium</span> <span class='ocrx_word' id='word_1_265' title='bbox 424 2051 519 2078; x_wconf 93' lang='lat' dir='ltr'>cum</span> <span class='ocrx_word' id='word_1_266' title='bbox 561 2035 745 2091; x_wconf 73' lang='lat' dir='ltr'>virgines</span> <span class='ocrx_word' id='word_1_267' title='bbox 789 2036 1118 2091; x_wconf 79' lang='lat' dir='ltr'>instaurassent‚</span> <span class='ocrx_word' id='word_1_268' title='bbox 1159 2034 1416 2076; x_wconf 84' lang='lat' dir='ltr'>mentionem</span> <span class='ocrx_word' id='word_1_269' title='bbox 1460 2050 1483 2075; x_wconf 89' lang='lat' dir='ltr'>a</span> <span class='ocrx_word' id='word_1_270' title='bbox 1523 2033 1567 2083; x_wconf 84' lang='lat' dir='ltr'>Q.</span> 
     </span>
     <span class='ocr_line' id='line_1_35' title="bbox 240 2092 1568 2150; baseline 0 -17"><span class='ocrx_word' id='word_1_271' title='bbox 240 2092 464 2136; x_wconf 88' lang='lat' dir='ltr'>Cornificio</span> <span class='ocrx_word' id='word_1_272' title='bbox 505 2095 552 2135; x_wconf 92' lang='lat' dir='ltr'>in</span> <span class='ocrx_word' id='word_1_273' title='bbox 592 2097 739 2136; x_wconf 87' lang='lat' dir='ltr'>senatu</span> <span class='ocrx_word' id='word_1_274' title='bbox 778 2094 933 2135; x_wconf 83' lang='lat' dir='ltr'>factam</span> <span class='ocrx_word' id='word_1_275' title='bbox 966 2093 1025 2150; x_wconf 86' lang='lat' dir='ltr'>(is</span> <span class='ocrx_word' id='word_1_276' title='bbox 1066 2093 1147 2134; x_wconf 83' lang='lat' dir='ltr'>fuit</span> <span class='ocrx_word' id='word_1_277' title='bbox 1181 2093 1392 2149; x_wconf 80' lang='lat' dir='ltr'>princeps,</span> <span class='ocrx_word' id='word_1_278' title='bbox 1429 2107 1482 2134; x_wconf 89' lang='lat' dir='ltr'>ne</span> <span class='ocrx_word' id='word_1_279' title='bbox 1521 2095 1568 2133; x_wconf 90' lang='lat' dir='ltr'>tu</span> 
     </span>
     <span class='ocr_line' id='line_1_36' title="bbox 238 2150 1659 2208; baseline 0.002 -17"><span class='ocrx_word' id='word_1_280' title='bbox 238 2151 348 2192; x_wconf 83' lang='lat' dir='ltr'>forte</span> <span class='ocrx_word' id='word_1_281' title='bbox 382 2153 564 2207; x_wconf 84' lang='lat' dir='ltr'>aliquem</span> <span class='ocrx_word' id='word_1_282' title='bbox 594 2155 789 2195; x_wconf 89' lang='lat' dir='ltr'>nostrum</span> <span class='ocrx_word' id='word_1_283' title='bbox 821 2150 981 2208; x_wconf 80' lang='lat' dir='ltr'>putes);</span> <span class='ocrx_word' id='word_1_284' title='bbox 1018 2154 1166 2206; x_wconf 83' lang='lat' dir='ltr'>postea</span> <span class='ocrx_word' id='word_1_285' title='bbox 1196 2166 1284 2193; x_wconf 91' lang='lat' dir='ltr'>rem</span> <span class='ocrx_word' id='word_1_286' title='bbox 1316 2167 1366 2193; x_wconf 87' lang='lat' dir='ltr'>ex</span> <span class='ocrx_word' id='word_1_287' title='bbox 1398 2153 1568 2193; x_wconf 86' lang='lat' dir='ltr'>senatus</span> <span class='ocrx_word' id='word_1_288' title='bbox 1587 2167 1620 2194; x_wconf 84' lang='lat'>35</span> <span class='ocrx_word' id='word_1_289' title='bbox 1650 2174 1659 2201; x_wconf 60' lang='grc' dir='ltr'><strong>ς</strong></span> 
     </span>
     <span class='ocr_line' id='line_1_37' title="bbox 239 2209 1568 2267; baseline 0 -17"><span class='ocrx_word' id='word_1_290' title='bbox 239 2211 430 2251; x_wconf 91' lang='lat' dir='ltr'>consulto</span> <span class='ocrx_word' id='word_1_291' title='bbox 464 2212 514 2252; x_wconf 91' lang='lat' dir='ltr'>ad</span> <span class='ocrx_word' id='word_1_292' title='bbox 545 2225 723 2267; x_wconf 90' lang='lat' dir='ltr'>augures</span> <span class='ocrx_word' id='word_1_293' title='bbox 750 2214 874 2265; x_wconf 88' lang='lat' dir='ltr'>atque</span> <span class='ocrx_word' id='word_1_294' title='bbox 906 2211 957 2252; x_wconf 90' lang='lat' dir='ltr'>ad</span> <span class='ocrx_word' id='word_1_295' title='bbox 988 2210 1206 2264; x_wconf 88' lang='lat' dir='ltr'>pontifices</span> <span class='ocrx_word' id='word_1_296' title='bbox 1239 2211 1414 2252; x_wconf 87' lang='lat' dir='ltr'>relatam</span> <span class='ocrx_word' id='word_1_297' title='bbox 1443 2209 1568 2263; x_wconf 87' lang='lat' dir='ltr'>idque</span> 
     </span>
     <span class='ocr_line' id='line_1_38' title="bbox 238 2267 1566 2324; baseline 0.001 -16"><span class='ocrx_word' id='word_1_298' title='bbox 238 2268 290 2308; x_wconf 91' lang='lat' dir='ltr'>ab</span> <span class='ocrx_word' id='word_1_299' title='bbox 323 2268 375 2309; x_wconf 85' lang='lat' dir='ltr'>iis</span> <span class='ocrx_word' id='word_1_300' title='bbox 406 2270 523 2310; x_wconf 85' lang='lat' dir='ltr'>nefas</span> <span class='ocrx_word' id='word_1_301' title='bbox 556 2285 645 2312; x_wconf 90' lang='lat' dir='ltr'>esse</span> <span class='ocrx_word' id='word_1_302' title='bbox 672 2271 899 2324; x_wconf 80' lang='lat' dir='ltr'>decretum3</span> <span class='ocrx_word' id='word_1_303' title='bbox 931 2269 1076 2310; x_wconf 85' lang='lat' dir='ltr'>deinde</span> <span class='ocrx_word' id='word_1_304' title='bbox 1103 2283 1152 2309; x_wconf 81' lang='lat' dir='ltr'>ex</span> <span class='ocrx_word' id='word_1_305' title='bbox 1179 2271 1348 2310; x_wconf 89' lang='lat' dir='ltr'>senatus</span> <span class='ocrx_word' id='word_1_306' title='bbox 1374 2267 1566 2309; x_wconf 87' lang='lat' dir='ltr'>consulto</span> 
     </span>
    </p>
   </div>
  </div>
 </body>
</html>
