1665 2553
200 112 289 153 234
685 111 733 145 M.
761 110 902 145 TULLI
927 110 1175 145 CICERONIS

200 208 294 249 cule
326 207 557 248 auctoritas
589 206 859 247 vehementer
890 208 1050 260 movet3
1083 206 1218 246 adfert
1245 205 1357 246 enim
1384 208 1424 246 et
1449 205 1544 247 reli-

202 267 277 320 qui
303 266 506 320 temporis
532 265 805 318 recuperandi
831 264 1041 305 rationem
1063 267 1104 305 et
1127 264 1361 318 praesentis
1385 264 1542 305 tuendi.

203 324 297 380 Sed,
331 325 503 366 obsecro
530 326 584 377 te,
617 323 717 377 quid
741 323 822 364 hoc
847 323 1042 363 miserius
1071 338 1197 376 quam
1223 323 1402 364 alterum
1427 323 1543 376 plau-

203 398 275 424 sus
313 383 359 424 in
394 383 638 423 foedissima
669 396 794 422 causa
826 396 1041 435 quaerere,
1080 381 1260 422 alterum
1293 381 1543 422 offensiones

203 443 249 483 in
293 441 481 495 optima?
532 441 712 481 alterum
757 440 993 481 existimari
1033 442 1370 481 conservatorem
1406 440 1544 480 inimi·
1583 456 1597 481 5

202 515 368 553 corum,
400 500 580 540 alterum
612 499 869 539 desertorem
902 499 1158 539 amicorum?
1207 498 1266 539 Et
1297 498 1546 554 mehercule,

204 559 399 613 quamvis
437 572 623 599 amemus
657 556 847 598 Gnaeum
884 559 1097 611 nostrum,
1137 560 1185 598 ut
1223 560 1264 598 et
1295 557 1472 598 facimus
1505 559 1546 598 et

203 618 420 671 debemus,
450 620 594 657 tamen
624 616 716 669 hoe,
749 615 861 669 quod
893 616 1052 656 talibus
1083 615 1186 657 viris
1218 630 1306 656 non
1338 616 1548 670 subvenit,

204 676 377 717 laudare
401 690 488 716 non
513 689 697 729 possum.
748 674 872 729 Nam,
898 674 985 715 sive
1011 674 1169 729 timuit,
1195 674 1296 728 quid
1321 674 1546 728 ignavius?

206 735 313 790 sive,
350 736 397 774 ut
429 734 600 787 quidam
637 735 812 788 putant,
852 733 1069 773 meliorem
1103 747 1223 773 suam
1255 747 1423 773 causam
1454 732 1546 773 illo-
1567 749 1599 773 10

204 808 301 834 rum
326 792 448 833 caede
473 793 562 832 fore
587 792 766 846 putavit,
793 791 895 845 quid
920 791 1150 832 iniustius?
1191 791 1272 832 Sed
1296 790 1398 832 haec
1425 791 1547 831 omit-

205 854 364 906 tamus,
396 865 598 905 augemus
632 850 742 891 enim
774 850 961 891 dolorem
992 850 1270 891 retractando.

295 922 342 950 VI
373 909 465 950 Kal.
493 909 657 962 vesperi
688 908 848 949 Balbus
885 909 1024 949 minor
1056 908 1107 949 ad
1138 923 1204 949 me
1235 908 1352 949 venit
1384 908 1548 949 occulta

206 969 274 1009 via
306 982 476 1009 currens
505 968 556 1008 ad
580 967 809 1008 Lentulum
836 967 1052 1008 consulem
1076 967 1209 1008 missu
1235 965 1426 1008 Caesaris
1453 981 1548 1007 cum

204 1027 376 1081 litteris,
396 1041 490 1067 cum
514 1026 738 1080 mandatis,
764 1041 859 1066 cum
884 1025 1163 1079 promissione
1188 1025 1440 1079 provinciae,
1465 1024 1548 1065 Ro·
1568 1040 1601 1066 15

205 1101 318 1126 mam
356 1088 403 1126 ut
443 1085 598 1125 redeat.
661 1083 768 1132 Quoi
807 1084 1049 1137 persuaderi
1080 1099 1203 1137 posse
1234 1099 1322 1125 non
1353 1084 1546 1137 arbitror,

205 1144 290 1184 nisi
322 1144 401 1184 erit
428 1146 670 1184 conventus.
721 1142 838 1183 Idem
864 1143 1003 1183 aiebat
1027 1142 1137 1182 nihil
1162 1143 1288 1182 malle
1314 1140 1548 1195 Caesarem,

207 1217 334 1255 quam
364 1204 413 1241 ut
444 1201 692 1254 Pompeium
724 1201 1023 1254 adsequeretur
1055 1200 1116 1255 (id
1148 1199 1289 1256 credo)
1322 1203 1362 1240 et
1394 1200 1548 1241 rediret

206 1261 252 1301 in
289 1260 481 1315 gratiam.
543 1259 592 1300 Id
628 1273 714 1299 non
756 1259 877 1299 credo
917 1262 958 1299 et
989 1261 1151 1312 metuo,
1190 1273 1243 1298 ne
1276 1259 1412 1299 omnis
1443 1258 1546 1299 haec

207 1318 430 1359 clementia
475 1318 525 1358 ad
567 1316 769 1358 Cinneam
814 1317 929 1357 illam
974 1317 1265 1357 crudelitatem
1309 1317 1545 1370 colligatur.
1566 1333 1601 1357 ρο

206 1376 368 1417 Balbus
401 1376 571 1430 quidem
601 1376 735 1416 maior
767 1375 818 1416 ad
849 1390 914 1416 me
942 1375 1089 1419 scribit
1114 1375 1223 1415 nihil
1247 1375 1373 1415 malle
1400 1374 1546 1416 Caesa-

206 1450 296 1476 rem
341 1450 467 1489 quam
504 1434 694 1488 principe
731 1433 932 1487 Pompeio
974 1433 1062 1474 sine
1101 1436 1217 1474 metu
1254 1434 1403 1474 vivere.
1472 1433 1549 1488 Tu,

207 1496 324 1547 puto,
355 1494 458 1534 haec
486 1493 630 1533 credis.
677 1491 768 1546 Sed,
795 1507 888 1532 cum
914 1492 1015 1532 haec
1046 1492 1281 1532 scribebam
1306 1504 1336 1532 V
1361 1491 1548 1545 Kalend,

203 1551 432 1606 Pompeius
471 1551 555 1592 iam
586 1551 861 1592 Brundisium
901 1551 1066 1591 venisse
1098 1553 1282 1605 poterat3
1328 1550 1547 1603 expeditus

206 1611 318 1651 enim
363 1612 644 1651 antecesserat
687 1609 876 1663 legiones
920 1621 968 1649 XI
1005 1609 1060 1649 K.
1092 1608 1279 1650 Luceria.
1350 1608 1432 1649 Sed
1467 1608 1548 1649 hoc
1568 1623 1601 1649 25

204 1668 331 1724 τέρας
378 1668 575 1709 horribili
624 1668 863 1722 vigilantia,
920 1667 1152 1722 celeritate,
1203 1666 1422 1721 diligentia
1473 1669 1547 1707 est.

204 1727 346 1783 Plane,
379 1727 479 1781 quid
510 1727 702 1767 futurum
734 1726 801 1781 sit,
833 1726 985 1767 nescio.

852 1841 901 1883 X.

419 1923 493 1959 Ser.
514 1924 555 1957 in
582 1923 781 1957 Formiano
806 1923 871 1957 IV
891 1923 939 1956 K.
962 1922 1075 1956 Mart.
1097 1933 1129 1955 α.
1152 1924 1223 1956 705
1250 1923 1340 1964 (49).

631 2003 799 2038 CICERO
826 2003 998 2038 ATTICO
1027 2002 1123 2037 SAL.
1568 2008 1601 2034 30

295 2076 529 2130 Dionysius
574 2091 668 2117 cum
711 2076 761 2116 ad
805 2089 871 2115 me
914 2077 1081 2129 praeter
1129 2074 1370 2128 opinionem
1413 2088 1549 2115 meam

206 2135 410 2189 venisset,
447 2135 615 2175 locutus
654 2148 748 2174 sum
785 2148 879 2174 cum
919 2147 965 2174 eo
1003 2133 1314 2187 liberalissime3
1358 2135 1550 2186 tempora

208 2193 402 2247 exposui,
446 2193 612 2247 rogavi,
656 2195 704 2233 ut
742 2192 914 2246 diceret,
959 2191 1061 2244 quid
1096 2191 1272 2232 haberet
1308 2191 1353 2231 in
1391 2191 1549 2244 animo,

208 2265 275 2291 me
318 2251 428 2291 nihil
472 2252 523 2291 ab
568 2251 659 2304 ipso
706 2250 840 2291 invito
885 2249 1145 2290 contendere.
1213 2249 1449 2303 Respondit
1494 2263 1549 2302 se,

209 2309 323 2362 quod
354 2309 399 2349 in
428 2310 612 2350 nummis
643 2309 832 2363 haberet,
862 2308 1023 2348 nescire
1055 2322 1137 2361 quo
1169 2308 1251 2348 loci
1284 2310 1411 2362 esset3
1444 2307 1549 2348 alios
1568 2320 1601 2348 35
