1665 2553
354 129 691 166 EPISTULARUM
715 132 779 166 AD
807 131 1019 167 ATTICUM
1046 132 1112 166 XV
1139 137 1170 175 4,
1196 136 1257 166 4a.
1378 131 1464 172 469

127 225 276 281 Egone
306 228 355 267 ut
388 241 479 267 eam
510 241 691 281 causam,
723 242 848 281 quam
880 227 916 268 is
949 227 1146 280 scripsit?
1179 240 1256 281 ego
1285 227 1464 267 scribam

126 299 213 325 non
243 287 419 340 rogatus
451 285 504 326 ab
538 286 615 326 eo?
676 285 806 327 Nulla
837 288 1169 340 παρεγχείρησις
1199 285 1291 326 fieri
1322 288 1465 339 potest

127 343 485 385 contumeliosior.
548 343 649 398 (ΑΒ,
686 345 845 398 inquis,
880 345 1226 399 ε(Ηρακλείδειον
1266 343 1464 398 aliquod.'

127 401 227 443 Non
263 416 409 443 recuso
454 402 497 443 id
542 403 730 458 quidem,
773 403 844 444 sed
888 406 929 444 et
972 403 1306 456 componendum
1343 416 1464 457 argu-

92 477 106 502 5
127 463 317 501 mentum
361 463 425 501 est
475 463 516 501 et
556 461 762 502 scribendi
807 461 1133 516 exspectandum
1173 464 1340 515 tempus
1381 476 1464 501 ma-

127 520 276 560 turius.
338 519 455 560 Licet
487 520 597 561 enim
629 520 678 561 de
708 534 792 574 me,
829 523 876 560 ut
907 520 1031 574 libet,
1068 520 1283 561 existimes
1317 518 1464 575 (velim

128 578 297 631 quidem
330 593 455 632 quam
488 577 682 634 optime),
721 579 756 619 si
787 578 890 619 11300
920 579 980 619 ita
1011 581 1203 633 manant,
1243 581 1291 618 ut
1324 578 1465 619 viden-

127 639 198 676 tur
235 635 380 693 (feres,
417 637 529 690 quod
561 636 733 692 die-am),
764 652 830 677 me
866 636 966 677 Idus
1004 636 1182 678 Martiae
1219 651 1306 677 non
1336 636 1465 677 delec-

126 697 230 735 tant.
292 693 370 735 Ille
401 695 512 735 enim
549 710 781 749 numquam
813 696 1072 750 revertisset,
1102 710 1180 736 nos
1212 696 1341 736 timor
1372 709 1465 736 con-

75 771 107 795 10
127 753 294 794 firmare
326 753 414 794 eius
446 756 538 794 aeta
568 768 654 794 non
679 754 896 809 coegisset,
927 756 1012 808 aut,
1043 757 1091 794 ut
1122 754 1167 794 in
1199 752 1341 794 Saufei
1373 768 1464 794 eam

126 812 446 866 relinquamque
494 812 751 853 Tusculanas
801 813 1128 867 disputationes,
1177 812 1227 853 ad
1271 827 1374 866 quas
1418 814 1465 852 tu

128 870 256 911 etiam
292 870 538 912 Vestorium
581 871 784 926 hortaris,
826 871 887 912 ita
930 871 1108 925 gratiosi
1153 885 1317 911 eramus
1355 870 1466 924 apud

126 928 265 984 illum,
303 943 424 983 quem
459 929 500 969 di
537 933 752 970 mortuum
789 930 1004 983 perduint!
1044 932 1091 970 ut
1121 932 1292 970 nostrae
1325 929 1465 983 aetati,

128 987 327 1040 quoniam
381 987 601 1028 interfecto
652 988 820 1028 domino
862 988 985 1028 liberi
1034 1002 1121 1029 non
1166 1002 1330 1041 sumus,
1379 1001 1466 1027 non
1520 1035 1527 1038 ί

74 1062 107 1087 15
127 1046 255 1086 fuerit
288 1046 483 1086 dominus
514 1046 584 1086 ille
610 1046 844 1101 fugiendus.
906 1046 1069 1101 Rubeo,
1100 1046 1205 1087 mihi
1231 1046 1360 1100 erede,
1394 1045 1465 1086 sed

126 1104 210 1144 iam
243 1105 509 1158 soripseram3
542 1104 678 1145 delere
709 1105 837 1145 nolui.
1063 1157 1065 1159 ι

214 1161 276 1203 De
326 1162 570 1204 Menedemo
621 1163 770 1204 Vellem
818 1178 964 1204 verum
1006 1163 1176 1217 fuisset,
1227 1164 1276 1204 de
1319 1163 1465 1217 regina
1490 1174 1512 1203 4

126 1221 252 1261 velim
284 1235 430 1261 verum
463 1221 529 1262 sit.
592 1220 741 1262 Cetera
780 1236 937 1276 eoram,
975 1224 1016 1262 et
1048 1222 1228 1262 maxime
1261 1222 1362 1275 quid
1392 1235 1465 1262 no-

128 1279 228 1319 stris
272 1279 510 1320 faoiendum
553 1280 626 1333 sit,
671 1280 773 1334 quid
813 1280 940 1320 etiam
982 1280 1126 1335 nobis,
1176 1280 1212 1320 si
1250 1280 1464 1320 Antonius

74 1355 107 1379 20
127 1338 337 1378 militibus
370 1338 619 1379 obsessurus
652 1342 716 1379 est
749 1341 950 1379 senatum.
1013 1338 1134 1379 Hane
1172 1339 1398 1392 epistulam
1430 1338 1466 1378 si

126 1396 241 1436 1111113
285 1396 507 1437 tabellario
553 1397 775 1451 dedissem,
818 1398 978 1438 veritus
1022 1412 1133 1450 sum,
1176 1412 1228 1438 ne
1273 1397 1465 1437 solveret.

126 1453 275 1507 Itaque
306 1455 402 1494 misi
435 1454 585 1495 dedita.
647 1455 754 1496 Erat
786 1456 898 1496 enim
929 1455 1244 1496 rescribendum
1275 1455 1371 1496 tuis.

747 1547 808 1588 IV
816 1563 849 1588 a.

339 1614 411 1649 Ser.
433 1616 473 1649 z'n
502 1615 707 1650 Tusculano
739 1616 797 1649 VI
819 1616 865 1649 K.
886 1617 970 1650 Iun.
998 1628 1031 1650 a.
1054 1619 1124 1650 710
1152 1619 1241 1659 (44).

74 1680 107 1705 25
529 1672 719 1708 CICERO
744 1674 933 1708 ATTICO
959 1674 1066 1708 SAL.

216 1743 350 1792 Quam
370 1743 521 1784 vellem
540 1743 674 1785 Bruto
703 1745 889 1785 studium
915 1748 1037 1785 tuum
1062 1759 1215 1786 navare
1234 1745 1463 1798 potuisses!
1478 1756 1518 1788 (5)

127 1802 222 1856 Ego
254 1803 388 1856 igitur
420 1802 472 1842 ad
503 1816 597 1843 eum
628 1803 805 1844 litteras.
868 1803 936 1844 Ad
967 1803 1234 1844 Dolabellam
1269 1803 1465 1844 Tironem

127 1861 224 1901 misi
256 1875 350 1901 cum
382 1860 591 1901 mandatis
625 1863 666 1901 et
701 1861 869 1902 litteris.
920 1861 1031 1901 Eum
1058 1862 1109 1902 ad
1140 1864 1182 1902 te
1210 1861 1380 1902 vocabis
1411 1864 1465 1917 et,

129 1919 165 1958 si
209 1919 311 1972 quid
354 1918 544 1973 habebis,
580 1919 692 1972 quod
732 1920 911 1973 placeat,
951 1920 1117 1960 scribes.
1178 1919 1286 1961 Eece
1325 1922 1465 1960 autem

75 1994 109 2019 30
128 1976 177 2016 de
202 1979 392 2017 traverso
418 1976 463 2017 L.
491 1975 644 2018 Caesar
670 1980 718 2018 ut
742 1978 906 2018 veniam
940 1978 990 2018 ad
1017 1993 1060 2018 se
1084 1980 1207 2032 rogat
1232 1978 1277 2018 in
1302 1976 1463 2018 Nemus

129 2037 202 2075 aut
233 2035 425 2088 scribam,
458 2049 540 2088 quo
574 2050 617 2076 se
649 2036 790 2076 Venire
815 2036 960 2090 velim,
991 2036 1126 2077 Bruto
1159 2036 1270 2076 enim
1301 2036 1464 2089 placere

129 2107 171 2133 se
203 2108 227 2132 3
258 2107 324 2133 1110
351 2093 575 2133 conveniri.
640 2093 674 2134 Ο
700 2109 787 2134 rem
815 2094 1004 2134 odiosam
1035 2097 1076 2134 et
1107 2094 1465 2148 inexplicabilem!

126 2150 236 2191 Puto
269 2166 334 2192 me
367 2164 466 2205 ergo
498 2151 659 2192 iturum
698 2155 739 2192 et
770 2152 867 2192 inde
898 2152 1095 2207 Romam,
1131 2152 1214 2192 nisi
1246 2152 1347 2206 quid
1377 2167 1464 2193 mu-

127 2211 231 2249 taro.
284 2207 536 2250 Summatim
563 2209 696 2250 adhue
728 2210 779 2250 ad
805 2213 863 2264 te3
894 2210 1102 2251 nihildum
1129 2211 1240 2250 enim
1265 2225 1289 2251 a
1315 2210 1463 2251 Balbo.

8 2293 17 2325 st
74 2284 106 2309 35
127 2266 238 2307 Tuas
276 2267 409 2321 igitur
449 2270 645 2320 exspecto
683 2282 758 2308 1100
802 2271 991 2309 aetorum
1030 2269 1185 2323 solum,
1229 2268 1299 2309 sed
1336 2269 1464 2310 etiam

125 2325 378 2366 futurorum.
