1665 2553
186 116 270 157 556
642 117 691 150 Μ.
719 116 859 150 TULLI
885 116 1132 151 CICERONIS

187 211 237 251 ad
269 211 456 252 Tertiam
489 226 676 252 sororem
710 215 750 252 et
782 214 973 267 matrem,
1003 226 1056 252 ne
1082 212 1199 266 prius
1233 212 1401 253 ederent
1431 212 1524 268 hoc,

187 270 300 323 quod
333 271 493 323 optime
525 285 570 310 ac
602 270 847 311 felicissime
879 271 1012 325 gessit
1038 269 1225 325 Cassius,
1250 286 1377 325 quam
1401 274 1524 313 tuum

187 328 413 369 consilium
445 329 755 383 cognovissent,
787 329 951 383 tibique
984 329 1121 370 visum
1154 333 1276 370 esset.

139 398 159 427 4
275 386 378 441 Legi
412 388 624 428 orationes
657 388 759 428 duas
790 390 904 442 tuas,
945 402 1123 443 quarum
1155 388 1286 429 altera
1316 387 1410 429 Kal.
1436 387 1522 429 Ian.

186 460 288 486 usus
327 459 389 499 es,
426 446 559 486 altera
597 446 646 486 de
683 446 839 486 litteris
871 446 993 501 meis,
1032 461 1139 500 quae
1171 446 1320 487 habita
1352 449 1415 487 est
1447 447 1521 488 abs
1559 464 1575 489 5

186 507 228 544 te
260 506 407 544 contra
439 503 651 545 Calenum.
702 503 826 545 Nunc
860 505 1020 546 scilicet
1050 505 1130 546 hoc
1163 508 1392 559 exspectas,
1424 505 1523 546 dum

187 576 256 602 eas
292 562 468 603 laudem.
530 562 709 617 Nescio,
753 563 881 604 animi
919 578 973 604 an
1008 563 1169 618 ingenii
1206 564 1271 604 tui
1308 564 1442 605 maior
1479 564 1525 605 in

186 620 252 661 his
301 621 458 661 libellis
508 621 601 663 lau's
651 622 935 676 contineatur3
990 622 1075 663 iam
1118 622 1319 677 concedo,
1366 625 1414 663 ut
1457 623 1524 663 vel

187 678 414 733 Philippici
451 683 672 734 vocentur,
715 680 827 734 quod
866 684 913 721 tu
953 681 1132 734 quadam
1165 681 1349 735 epistula
1380 681 1522 722 iocans

189 738 407 791 scripsisti.
1542 757 1576 782 10

141 808 160 838 5
275 795 451 837 Duabus
491 796 617 838 rebus
651 811 841 851 egemus,
879 795 1037 851 Cicero,
1075 798 1252 851 pecunia
1285 800 1326 838 et
1358 798 1523 851 supple-

186 858 348 909 ment03
394 870 572 909 quarum
604 855 736 896 altera
768 858 909 909 potest
942 856 1016 896 abs
1049 859 1090 896 te
1123 856 1327 910 expediri,
1367 859 1415 896 ut
1450 857 1523 897 ali-

187 928 269 967 qua
313 928 410 967 pars
454 914 640 954 militum
683 914 809 955 istinc
852 915 1049 955 mittatur
1090 915 1214 955 nobis
1258 915 1326 955 vel
1363 918 1521 956 secreto

187 972 363 1013 consilio
397 972 596 1013 adversus
628 972 808 1013 Pansam
840 973 907 1014 vel
938 973 1103 1013 actione
1128 973 1173 1014 in
1199 976 1360 1028 senatu,
1391 974 1522 1014 altera

189 1045 271 1084 quo
310 1031 446 1085 magis
488 1034 551 1072 331
587 1032 821 1072 necessaria
858 1046 993 1085 neque
1025 1046 1118 1072 meo
1152 1032 1354 1072 exercitui
1384 1032 1521 1087 magis
1541 1050 1574 1074 15

48 1101 95 1130 (ep
113 1101 173 1133 111)
189 1103 314 1142 quam
351 1089 629 1143 reliquorum,
667 1089 748 1131 hoc
784 1090 920 1144 magis
953 1090 1072 1131 doleo
1105 1090 1252 1131 Asiam
1276 1091 1289 1144 ΙΙ
1313 1105 1390 1131 1103
1423 1091 1522 1131 ami-

187 1148 308 1201 31333,
342 1162 467 1201 quam
500 1149 559 1189 sic
590 1149 732 1188 vexari
765 1164 788 1189 3
821 1148 1044 1189 Dolabella
1074 1149 1210 1203 audio,
1242 1152 1290 1190 ut
1321 1149 1405 1189 iam
1435 1163 1522 1190 non

187 1206 378 1246 videatur
420 1207 759 1247 crudelissimum
805 1207 894 1248 eius
937 1208 1100 1248 facinus
1144 1208 1382 1248 interfectio
1424 1207 1521 1249 Tre-

186 1264 298 1304 boni.
361 1264 497 1305 Vetus
529 1265 745 1305 Antistius
786 1280 853 1305 me
890 1268 1032 1305 tamen
1062 1266 1240 1318 pecnnia
1272 1266 1519 1306 sublevavit.

140 1335 159 1365 6
275 1321 440 1377 Cicero,
477 1323 591 1363 filius
629 1326 746 1377 tuus,
786 1323 844 1364 sic
885 1323 989 1363 mihi
1028 1338 1071 1364 33
1109 1324 1262 1377 probat
1299 1324 1520 1379 industria,
1539 1342 1573 1366 20

186 1381 402 1436 patientia,
433 1381 590 1436 labore,
622 1381 752 1422 animi
783 1382 1086 1436 magnitudine,
1118 1383 1232 1423 omni
1258 1382 1435 1436 denique
1462 1383 1521 1423 of-

186 1440 299 1494 ficio,
336 1442 383 1480 ut
420 1454 594 1493 prorsus
635 1454 867 1494 numquam
899 1440 1112 1481 dimittere
1143 1440 1334 1481 videatur
1366 1441 1521 1496 cogita-

186 1498 362 1553 tionem,
398 1498 516 1539 cuius
550 1498 605 1539 sit
636 1498 760 1539 filius.
823 1498 971 1553 Quare,
1010 1499 1211 1552 quoniam
1243 1500 1405 1540 efficere
1434 1514 1521 1540 non

185 1571 378 1611 possum,
408 1559 457 1597 ut
487 1557 621 1610 pluris
652 1557 780 1597 facias
814 1572 920 1612 eum,
952 1558 1024 1611 qui
1056 1557 1137 1598 tibi
1170 1561 1233 1598 est
1265 1558 1519 1611 carissimus,

186 1615 289 1655 illud
326 1615 467 1655 tribue
504 1615 658 1656 iudicio
690 1630 802 1670 meo,
840 1618 888 1656 ut
919 1616 1001 1656 tibi
1031 1616 1282 1669 persuadeas
1314 1631 1399 1657 non
1430 1617 1520 1658 fore
1539 1634 1573 1659 25

185 1673 248 1713 illi
281 1673 540 1714 abutendum
572 1674 708 1728 gloria
740 1677 832 1729 tua,
868 1677 917 1715 ut
949 1674 1207 1728 adipiscatur
1238 1674 1420 1715 honores
1450 1690 1519 1729 pa-

185 1734 340 1772 ternos.
403 1731 577 1772 Kalend.
604 1732 705 1786 Apr.
733 1731 980 1786 Dyrrachio.

632 1871 694 1912 IV
727 1871 806 1926 [IV
839 1875 880 1913 et
912 1872 1003 1927 VI]

387 1963 460 1997 Ser.
482 1962 618 1998 Romae
640 1964 736 2007 prid.
757 1964 813 1997 Id.
835 1964 929 2008 Apr,
946 1975 1050 1998 mane
1075 1976 1108 1998 a.
1130 1967 1198 1999 711
1228 1967 1316 2008 (43).
1349 2000 1356 2009 ¹

614 2055 782 2090 CICERO
808 2055 968 2091 BRUTO
995 2056 1091 2091 SAL.
1538 2066 1573 2090 30

140 2151 157 2181 1
274 2138 398 2180 Datis
426 2152 548 2180 mane
575 2153 608 2179 a.
629 2139 665 2180 d.
686 2151 735 2179 111
761 2138 820 2180 Id.
841 2138 974 2193 April.
997 2138 1168 2194 Scaptio
1194 2140 1348 2181 litteris
1376 2141 1518 2182 eodem

188 2197 253 2237 die
296 2199 392 2237 tuas
435 2197 575 2250 accepi
618 2197 711 2238 Kal.
746 2196 881 2251 April.
913 2197 1148 2251 Dyrrachio
1188 2199 1306 2240 datas
1344 2200 1507 2253 vesperi

186 2255 336 2309 Itaque
368 2269 489 2296 mane
521 2255 626 2309 prid.
653 2255 711 2296 Id.
740 2255 853 2312 Apr.,
885 2270 978 2297 cum
1011 2271 1034 2297 a
1061 2256 1233 2311 Scaptio
1261 2258 1413 2298 certior
1438 2258 1519 2298 fac-

186 2316 256 2354 tus
291 2327 425 2354 essem
456 2328 542 2354 non
574 2328 664 2355 esse
697 2328 767 2355 eos
799 2314 1023 2369 profectOS,
1057 2316 1210 2369 quibus
1242 2315 1376 2370 pridie
1401 2316 1519 2357 dede-
