1665 2553
185 98 270 139 120
611 98 659 133 Μ.
686 98 829 133 TULLI
854 97 1103 133 CICERONIS

185 196 266 248 est,
307 194 486 248 pecunia
525 194 714 235 omnium
755 194 1009 248 dignitatem
1050 196 1266 248 exaequat.
1327 193 1530 235 Messalla

184 253 371 307 languet,
402 267 490 294 non
516 267 598 306 quo
626 256 700 293 aut
726 253 891 293 am'mus
913 253 1022 293 desit
1042 255 1115 293 aut
1135 253 1272 308 amici,
1301 253 1374 293 sed
1399 253 1527 294 coitio

184 311 406 352 consulum
437 315 472 352 et
502 311 730 364 Pompeius
763 311 930 351 obsunt.
992 310 1057 351 Ea
1094 312 1265 352 comitia
1302 314 1406 365 puto
1438 312 1528 352 fore

184 373 233 410 ut
266 370 483 411 ducantur.
545 369 782 410 Tribunicii
808 369 1019 410 candidati
1049 370 1245 410 iurarunt
1275 384 1318 410 se
1351 370 1528 411 arbitrio

186 427 361 470 Catonis
393 429 616 482 petituros.
680 428 807 481 Apud
845 443 941 468 eum
974 426 1045 468 HS
1078 428 1290 483 quingena
1328 429 1528 482 deposue-
1565 445 1582 471 5

185 490 299 541 runt,
329 490 388 540 ut,
422 487 495 540 qui
527 502 550 527 a
583 486 743 528 Catone
775 487 997 527 damnatus
1030 490 1156 541 esset,
1188 487 1231 528 id
1261 487 1455 541 perderet
1488 489 1529 528 et

187 546 541 599 competitoribus
574 545 844 586 tribueretur.

138 615 159 646 8
273 603 390 645 Haec
422 618 500 658 ego
533 604 668 657 pridie
696 604 944 659 scribebam,
975 618 1102 657 quam
1127 604 1298 645 comitia
1330 604 1412 659 [in]
1437 604 1529 645 fore

185 662 460 716 putabantur.
528 661 609 703 Sed
649 662 701 703 ad
742 665 800 715 te,
844 663 994 716 quinto
1025 662 1120 703 Kal.
1164 662 1309 704 Sextil.
1343 663 1379 704 si
1418 663 1529 704 facta

187 724 328 774 erunt,
371 724 412 761 et
444 721 693 761 tabellarius
725 735 813 762 non
844 722 925 762 erit
955 721 1183 775 profectus,
1223 724 1317 762 tota
1357 722 1529 762 comitia
1548 739 1583 763 10

186 780 456 833 perscribam.
529 778 642 828 Quae
684 779 738 833 si,
778 782 827 820 ut
868 782 1092 834 putantur,
1132 780 1320 835 gratuita
1359 780 1531 835 fuerint,

187 838 283 892 plus
316 853 425 879 unus
460 836 566 879 Cato
604 838 791 892 potuerit
831 853 958 892 quam
996 852 1132 880 omnes
1164 839 1265 892 leges
1302 853 1530 893 omnesque

141 908 160 938 9
188 897 357 938 iudices.
427 896 610 937 Messius
653 896 954 937 defendebatur
994 912 1018 938 a
1056 897 1181 938 nobis
1229 897 1278 938 de
1317 897 1530 952 legatione

188 959 427 1009 revocatus3
458 970 558 996 nam
590 970 685 996 eum
712 954 882 996 Caesari
913 956 1077 1010 legarat
1101 955 1280 1009 Appius.
1326 955 1529 997 Servih'us

189 1014 332 1068 edixit,
364 1017 412 1054 ut
445 1014 621 1055 adesset.
671 1014 826 1054 Tribus
854 1014 983 1055 habet
1008 1014 1292 1069 Pomptinam,
1322 1014 1530 1069 Velinam,
1549 1030 1584 1056 15

187 1072 401 1113 Maeciam.
446 1072 669 1126 Pugnatur
689 1073 856 1125 acriter3
884 1073 1026 1127 agitur
1046 1076 1189 1113 tamen
1209 1074 1324 1114 satis.
1368 1072 1531 1114 Deinde

187 1145 255 1172 me
287 1131 462 1184 expedio
500 1131 553 1171 ad
583 1130 790 1185 Drusum,
828 1131 923 1171 inde
962 1131 1013 1171 ad
1046 1130 1259 1172 Scaurum.
1320 1131 1531 1172 Parantur

190 1189 455 1230 orationibus
492 1189 651 1230 indices
690 1189 877 1243 gloriosi.
939 1189 1138 1230 Fortasse
1176 1190 1371 1230 accedent
1402 1190 1530 1230 etiam

190 1248 383 1288 consules
418 1247 638 1302 designati.
700 1246 750 1288 In
783 1248 938 1301 quibus
978 1248 1014 1288 si
1046 1247 1228 1289 Scaurus
1265 1263 1352 1289 non
1388 1248 1528 1303 fuerit,

188 1306 234 1347 in
264 1306 345 1346 lioc
374 1306 529 1346 iudicio
561 1306 682 1346 valde
712 1306 935 1346 laborabit.
1549 1323 1585 1348 20

131 1376 174 1407 10
276 1364 344 1404 Ex
377 1364 524 1412 Quinti
563 1364 709 1405 fratris
749 1365 905 1405 litteris
947 1365 1139 1418 suspicor
1178 1365 1262 1406 iam
1303 1380 1399 1406 eum
1440 1380 1530 1406 esse

188 1423 234 1463 in
272 1422 506 1464 Britannia.
579 1422 793 1476 Suspenso
836 1423 975 1464 animo
1018 1426 1232 1478 exspecto,
1278 1424 1379 1478 quid
1419 1426 1530 1479 agat.

187 1481 299 1522 Illud
342 1481 511 1535 quidem
553 1496 699 1522 sumus
741 1482 900 1537 adepti,
942 1482 1055 1535 quod
1094 1482 1241 1523 multis
1283 1486 1324 1522 et
1363 1483 1530 1537 magnis

188 1540 355 1580 indiciis
387 1554 613 1593 possumus
645 1540 847 1593 iudicare,
886 1555 965 1581 nos
997 1539 1166 1581 Caesari
1207 1544 1248 1581 et
1289 1541 1530 1582 carissimos

189 1601 230 1639 et
255 1598 581 1640 iucundissimos
609 1613 710 1640 esse.
760 1597 1017 1652 Dionysium
1040 1599 1167 1640 velim
1200 1600 1360 1640 salvere
1384 1599 1529 1640 iubeas
1550 1615 1584 1641 25

189 1660 231 1698 et
263 1672 358 1697 eum
389 1671 513 1711 roges
547 1660 588 1698 et
618 1657 808 1712 hortere,
840 1661 887 1698 ut
921 1672 1047 1711 quam
1077 1658 1261 1711 primum
1291 1658 1450 1711 veniat,
1480 1660 1530 1698 ut

185 1716 325 1770 possit
346 1715 591 1757 Ciceronem
615 1731 758 1757 meum
789 1718 916 1770 atque
941 1716 1069 1757 etiam
1095 1731 1162 1757 me
1187 1717 1327 1770 ipsum
1352 1716 1529 1757 erudire.

800 1831 915 1874 XVI.

314 1913 389 1949 Sor.
416 1913 553 1948 Romae
578 1924 629 1948 ex.
657 1925 701 1948 m.
728 1914 813 1947 Iun.
842 1918 906 1948 aut
931 1914 981 1947 in.
1012 1912 1134 1957 Quint.
1161 1924 1193 1946 α.
1223 1915 1294 1947 700
1321 1914 1410 1957 (54).

613 1994 782 2029 CICERO
809 1994 982 2029 ATTICO
1010 1994 1106 2029 SAL.
1549 2002 1584 2027 30

142 2078 161 2107 1
278 2066 613 2120 Occupationum
644 2081 833 2107 mearum
864 2067 932 2108 vel
961 2066 1042 2107 hoc
1080 2065 1250 2120 signum
1281 2066 1379 2119 erit,
1417 2066 1531 2119 quod

189 2125 372 2178 epistula
396 2125 560 2165 librarii
584 2139 712 2165 manu
738 2129 812 2166 est.
849 2125 913 2166 De
933 2124 1208 2179 epistularum
1230 2125 1469 2178 frequentia
1487 2127 1530 2165 te

187 2183 297 2223 nihil
326 2197 487 2238 accuso,
523 2184 594 2224 sed
623 2183 846 2237 pleraeque
874 2186 1042 2224 tantum
1069 2183 1194 2223 modo
1224 2182 1330 2223 mihi
1363 2183 1530 2223 nuntia-
1579 2219 1582 2222 .

188 2240 305 2295 bant,
335 2241 410 2281 ubi
436 2256 560 2295 esses,
589 2242 658 2283 vel
683 2242 812 2283 etiam
837 2241 1133 2297 significabant
1158 2244 1270 2282 recte
1290 2256 1390 2294 esse,
1417 2241 1530 2294 quod

190 2302 309 2339 erant
341 2299 414 2339 abs
445 2302 497 2340 te.
549 2299 639 2348 Quo
671 2300 717 2340 in
747 2314 899 2355 genere
930 2299 1111 2340 maxime
1137 2300 1398 2341 delectarunt
1424 2300 1528 2340 duae
1547 2315 1582 2342 35
