1665 2553
232 112 316 153 144
391 109 393 111 ¹
654 111 703 146 M.
730 110 871 145 TULLI
896 109 1144 145 CICERONIS

229 208 286 250 sit
316 207 441 249 modo
475 221 672 248 annuum.
737 206 782 248 Si
812 208 1082 261 prorogatur,
1113 207 1254 247 actum
1285 208 1361 247 est.
1409 204 1572 247 Verum

227 267 426 322 perfacile
457 266 601 307 resisti
632 268 788 321 potest,
818 268 868 305 tu
898 265 1024 306 modo
1055 264 1216 306 Romae
1249 265 1318 306 sis.

181 336 202 367 2
319 321 513 379 Quaeris,
552 324 654 378 quid
689 323 758 364 hic
798 337 931 378 agam.
992 322 1060 364 Ita
1089 323 1247 379 vivam,
1283 325 1333 364 ut
1362 323 1570 364 maximos

230 387 424 438 sumptus
463 383 583 424 facio.
654 382 831 423 Mirifice
875 382 1058 423 delector
1093 381 1174 423 hoc
1212 382 1426 423 instituto.
1486 381 1571 423 Ad-

227 442 437 483 mirabilis
470 441 729 483 abstinentia
761 455 811 481 ex
836 441 1071 494 praeceptis
1103 440 1210 496 tuis,
1245 443 1295 481 ut
1325 455 1487 495 verear,
1517 454 1572 482 ne
1609 456 1625 481 5

228 501 347 557 illud,
387 501 499 555 quod
530 503 669 541 tecum
699 500 950 554 permutavi,
981 514 1155 540 versura
1184 499 1291 540 mihi
1323 499 1572 541 solvendum

229 560 296 601 sit.
347 559 462 614 Appi
493 559 669 600 vulnera
698 573 788 599 non
811 558 977 612 refrico,
1008 558 1081 599 sed
1106 560 1310 612 apparent
1334 572 1412 599 nec
1438 558 1573 600 occuli

181 630 202 660 3
228 622 421 673 possunt.
488 616 588 659 Iter·
612 616 820 658 Laodicea
863 617 1069 658 faciebam
1107 632 1140 658 a.
1174 616 1210 658 d.
1242 628 1294 658 111
1329 615 1440 658 Non.
1474 616 1573 658 Sex-

229 678 339 732 tiles,
370 691 466 718 cum
495 676 573 717 has
605 676 772 717 litteras
805 675 968 730 dabam,
1000 675 1046 716 in
1070 678 1209 716 castra
1233 675 1279 716 in
1303 675 1572 729 Lycaoniam.

228 735 331 776 Inde
364 736 415 776 ad
447 735 634 776 Taurum
665 734 920 789 cogitabam,
952 737 1000 775 ut
1032 749 1128 775 cum
1153 734 1404 789 Moeragene
1437 735 1572 790 signis
1592 749 1627 774 ιο

229 795 408 849 collatis,
441 795 478 835 si
508 808 691 849 possem,
723 794 772 834 de
805 808 926 835 servo
960 796 1035 834 tuo
1071 793 1313 834 deciderem.

230 875 488 918 ‘Clitellae
525 875 644 917 bovi
687 878 807 916 sunt
844 875 1136 930 impositae,
1180 875 1328 929 plane
1367 889 1468 916 non
1499 878 1574 917 est

692 936 925 976 nostrum
964 935 1115 975 onus.'

231 1029 313 1071 Sed
343 1030 539 1085 feremus,
575 1029 713 1084 modo,
740 1029 776 1069 si
807 1043 874 1069 me
905 1043 1035 1084 amas,
1067 1028 1103 1069 si
1133 1031 1176 1069 te
1201 1043 1225 1069 a
1250 1042 1317 1069 me
1342 1028 1474 1069 amari
1497 1028 1574 1084 vis,

232 1088 343 1129 adsis
376 1091 424 1128 tu
456 1088 507 1128 ad
538 1090 720 1143 tempus,
751 1090 800 1128 ut
831 1090 1026 1128 senatum
1056 1089 1198 1128 totum
1229 1087 1396 1128 excites.
1458 1086 1575 1128 Miri·
1594 1100 1627 1128 15
1658 1098 1659 1101 ’

230 1147 307 1188 fice
341 1146 549 1187 sollicitus
577 1160 683 1201 sum,
715 1146 828 1199 quod
852 1146 938 1186 iam
964 1146 1035 1186 diu
1059 1145 1166 1186 mihi
1191 1145 1340 1200 ignota
1366 1148 1466 1186 sunt
1490 1146 1575 1186 ista
1657 1150 1659 1155 '

231 1205 383 1246 omnia.
447 1204 596 1259 Quare,
626 1207 675 1245 ut
707 1204 759 1244 ad
789 1206 831 1244 te
863 1207 960 1244 ante
994 1204 1155 1258 scripsi,
1187 1218 1283 1244 cum
1313 1207 1452 1245 cetera
1481 1206 1575 1244 tum

230 1277 298 1304 res
341 1263 512 1317 publica
556 1277 655 1304 cura
697 1264 746 1303 ut
789 1262 897 1303 mihi
939 1264 1042 1303 nota
1087 1262 1154 1303 sit.
1220 1261 1350 1303 Plura
1392 1262 1574 1303 scribam

230 1323 261 1376 ἢ·
300 1321 419 1362 tarde
456 1321 539 1362 tibi
575 1321 744 1362 redditu
780 1320 851 1374 iri,
892 1321 965 1361 sed
996 1320 1148 1361 dabam
1179 1320 1379 1361 familiari
1409 1320 1574 1362 homini
1650 1355 1651 1370 2

231 1395 280 1421 ac
305 1380 549 1435 domestico,
575 1378 619 1421 C.
639 1379 883 1420 Andronico
906 1378 1152 1423 Puteolano.
1203 1379 1268 1420 Tu
1289 1381 1430 1420 autem
1450 1394 1574 1434 saepe
1594 1395 1628 1420 20
1648 1391 1663 1435 ξιξ

232 1439 330 1480 dare
378 1438 614 1479 tabellariis
658 1438 983 1492 publicanorum
1026 1437 1187 1492 poteris
1228 1452 1302 1491 per
1345 1438 1575 1493 magistros
1647 1439 1650 1443 ’

233 1498 467 1551 scripturae
499 1500 540 1537 et
571 1500 721 1551 portus
752 1499 997 1538 nostrarum
1029 1496 1292 1538 dioecesium.

847 1625 961 1667 XVI.

233 1706 307 1741 Sor.
329 1707 370 1741 in
400 1706 529 1742 itinere
555 1718 579 1741 a
604 1705 783 1752 Synnada
808 1706 857 1740 ad
881 1706 1135 1740 th'lomelz'mn
1159 1706 1254 1741 inter
1279 1717 1311 1740 a.
1333 1705 1367 1740 d.
1394 1705 1430 1740 V
1450 1710 1483 1740 et
1506 1706 1579 1740 III
1656 1743 1661 1756 s

688 1754 745 1787 Id.
767 1753 861 1788 Sem.
883 1765 915 1788 a.
940 1755 1010 1788 703
1037 1755 1127 1797 (51).
1595 1759 1628 1786 25

659 1834 826 1870 CICERO
854 1833 1026 1869 ATTICO
1054 1834 1152 1870 SAL.

186 1919 202 1948 1
319 1907 417 1948 Etsi
455 1907 501 1948 in
538 1907 632 1961 ipso
672 1907 824 1948 itinere
856 1910 898 1948 et
929 1907 997 1948 via
1031 1906 1300 1947 discedebant
1330 1905 1576 1959 publicano-

231 1981 328 2006 rum
364 1966 596 2020 tabellarii,
635 1968 676 2006 et
715 1980 880 2006 eramus
918 1965 965 2006 in
996 1979 1138 2019 cursu,
1175 1967 1318 2005 tamen
1349 1965 1575 2019 surripien-
1634 1976 1657 2022 Ξ

233 2025 333 2065 dum
371 2024 531 2078 aliquid
567 2024 716 2078 putavi
755 2024 899 2079 spatii,
943 2038 995 2064 ne
1032 2037 1098 2063 me
1134 2023 1425 2064 immemorem
1460 2038 1574 2064 man·
1634 2027 1637 2063 ἶ

233 2083 321 2123 dati
364 2083 430 2123 tui
472 2085 656 2137 putares.
725 2082 875 2136 Itaque
920 2081 1091 2122 subsedi
1130 2081 1174 2121 in
1214 2081 1307 2135 ipsa
1343 2082 1430 2136 via,
1474 2082 1574 2122 dum
1593 2085 1657 2127 303⁹

231 2140 344 2194 haec,
377 2155 484 2194 quae
515 2141 752 2195 longiorem
780 2140 1019 2181 desiderant
1047 2140 1296 2195 orationem,
1332 2140 1576 2181 summatim
1632 2135 1635 2178 ἶ

185 2209 205 2238 2
232 2199 313 2239 tibi
348 2200 664 2252 perscriberem.
726 2199 913 2239 Maxima
944 2198 1260 2251 exspectatione
1290 2198 1337 2239 in
1367 2198 1576 2252 perditam

233 2259 274 2296 et
305 2258 430 2309 plane
457 2272 646 2298 eversam
671 2258 716 2298 in
741 2260 993 2310 perpetuum
1019 2257 1284 2309 provinciam
1306 2271 1384 2298 nos
1411 2257 1574 2298 venisse

232 2314 338 2355 scito
371 2316 506 2368 pridie
541 2316 633 2357 Kal.
663 2315 857 2370 Sextiles,
887 2317 1076 2355 moratos
1109 2315 1301 2356 triduum
1331 2314 1574 2370 Laodiceae,
