1665 2553
203 93 261 134 94
631 92 679 127 M.
706 92 848 127 TULLI
874 90 1121 126 CICERONIS

199 202 290 230 non
320 187 578 242 impedisset,
612 202 694 241 quo
726 188 880 242 minuS,
910 189 959 228 ut
990 187 1221 242 consuesti,
1252 187 1304 227 ad
1335 201 1413 242 me,
1445 187 1546 241 quid

203 249 412 302 ageretur,
444 249 485 287 et
512 246 614 300 quid
645 246 925 301 intellegeres,
956 245 1248 299 perscriberes.
1310 245 1380 287 Me
1411 245 1545 286 adhuc

201 305 399 347 Plancius
431 305 689 346 liberalitate
721 319 798 346 sua
827 304 983 346 retinet
1020 304 1104 345 iam
1136 303 1393 358 aliquotiens
1426 318 1544 345 cona-

202 366 295 405 tum
326 363 388 405 ire
413 363 459 404 in
477 363 668 417 Epirum.
708 361 812 417 Spes
837 362 1002 404 homini
1029 365 1093 404 est
1117 362 1272 404 iniecta
1295 377 1382 404 non
1402 363 1544 404 eadem

205 437 311 477 quae
330 422 436 463 mihi
456 436 581 476 posse
599 436 678 463 nos
698 436 781 463 una
801 422 1013 477 decedere,
1033 436 1160 476 quam
1179 435 1268 462 rem
1289 421 1371 462 sibi
1389 435 1543 476 magno
1581 438 1599 464 5

201 481 356 522 honori
388 483 530 535 sperat
560 481 661 522 fore.
725 479 807 521 Sed
846 480 949 535 iam,
989 495 1083 521 cum
1124 480 1347 521 adventare
1386 480 1544 521 milites

204 540 408 595 dicentur,
438 539 677 580 faciendum
706 539 832 580 nobis
872 539 970 594 erit,
1009 541 1058 580 ut
1099 539 1150 580 ab
1192 553 1238 580 eo
1272 539 1543 580 discedamus.

205 597 327 647 Quod
359 613 454 639 cum
485 598 703 653 faciemus,
738 598 789 638 ad
821 600 863 639 te
895 597 1043 638 statim
1072 597 1310 653 mittemus,
1345 600 1393 639 ut
1426 597 1546 652 scias,

204 656 279 698 ubi
306 657 449 699 simus
499 655 706 698 Lentulus
739 670 814 697 suo
847 656 892 697 in
921 670 1000 698 nos
1033 656 1184 710 officio,
1217 656 1330 712 quod
1361 658 1403 697 et
1432 670 1478 697 re
1505 659 1546 697 et

203 715 429 770 promissis
463 718 505 756 et
536 715 692 756 litteris
726 715 926 769 declarat,
965 729 1081 770 spem
1112 714 1237 756 nobis
1268 729 1355 756 nori
1384 715 1546 756 nullam
1565 732 1599 757 10

205 774 341 816 adfert
372 773 549 828 Pompei
579 774 832 829 voluntatis,
871 788 994 828 saepe
1033 774 1145 815 enim
1181 776 1230 814 tu
1262 773 1314 814 ad
1349 787 1417 814 me
1448 774 1545 815 scri-

204 832 330 887 psisti
363 847 458 873 eum
488 835 629 874 totum
661 846 752 874 esse
782 832 827 873 in
858 832 973 874 illius
1005 834 1227 887 potestate.
1278 831 1342 873 De
1372 831 1545 873 Metello

206 891 376 946 scripsit
404 891 457 932 ad
480 906 546 932 me
571 891 703 933 frater
730 893 937 946 quantum
969 894 1155 946 speraret
1186 890 1424 946 profectum
1456 904 1547 932 esse

161 963 167 972 ¹
206 964 279 1005 per
311 952 363 992 te.
425 950 488 992 Mi
517 949 746 1005 Pomponi,
786 964 941 1006 pugna,
980 953 1029 991 ut
1066 953 1205 991 tecum
1244 952 1284 990 et
1316 964 1411 991 cum
1441 949 1546 990 meis

206 1009 311 1050 mihi
351 1009 477 1050 liceat
508 1009 667 1064 vivere,
708 1011 749 1050 et
791 1009 926 1050 scribe
967 1009 1019 1050 ad
1053 1023 1120 1050 me
1161 1008 1312 1050 omnia.
1373 1007 1547 1049 Premor
1567 1025 1601 1051 15

206 1068 337 1123 luctu,
368 1067 575 1108 desiderio
608 1082 703 1108 cum
736 1067 925 1108 omnium
957 1082 1094 1109 rerum
1126 1071 1211 1108 tum
1241 1081 1441 1118 meorum,
1475 1067 1548 1121 qui

207 1126 313 1167 mihi
344 1140 411 1167 me
443 1126 625 1167 cariores
659 1140 822 1180 semper
847 1126 1028 1167 fuerunt.
1092 1124 1215 1181 Cura,
1245 1129 1293 1166 ut
1324 1125 1474 1166 valeas.

295 1185 390 1239 Ego
425 1184 548 1238 quod,
579 1199 653 1239 per
679 1184 942 1225 Thessaliam
974 1184 1011 1225 si
1028 1184 1141 1233 ,irem
1166 1184 1211 1224 in
1235 1183 1428 1239 Epirum,
1458 1198 1547 1237 per-

209 1242 281 1283 diu
312 1242 421 1283 nihil
453 1257 566 1283 eram
593 1243 826 1297 auditurus,
859 1245 900 1283 et
926 1242 1039 1297 quod
1063 1242 1146 1283 mei
1172 1242 1385 1283 studiosos
1410 1242 1546 1283 habeo

207 1300 509 1356 Dyrrachinos,
542 1301 593 1342 ad
619 1315 688 1343 eos
708 1300 888 1356 perrexi,
914 1315 1009 1342 cum
1035 1301 1109 1342 illa
1135 1300 1354 1354 superiora
1372 1300 1547 1342 Thessa-
1568 1318 1602 1343 ρο

206 1359 369 1401 lonicae
402 1360 674 1413 scripsissem.
736 1359 838 1401 Inde
878 1374 973 1400 cum
1015 1359 1067 1400 ad
1108 1362 1150 1400 te
1189 1373 1256 1400 me
1293 1362 1547 1414 convertam,

208 1418 372 1472 faciam,
403 1421 452 1459 ut
484 1418 604 1473 scias,
635 1421 768 1472 tuque
801 1418 851 1459 ad
882 1433 949 1460 me
974 1415 1102 1459 velim
1134 1417 1275 1459 omnia
1301 1432 1427 1472 quam
1458 1418 1549 1459 dili-

209 1477 468 1532 gentissime,
495 1477 749 1518 cuicuimodi
770 1479 881 1531 sunt,
909 1477 1081 1518 scribas,
1130 1476 1225 1531 Ego
1252 1476 1336 1517 iam
1363 1478 1435 1518 aut
1459 1490 1548 1518 rem

209 1538 282 1576 aut
313 1550 365 1576 ne
398 1550 515 1590 spem
549 1536 717 1590 quidem
751 1538 957 1590 exspecto.
1008 1534 1120 1576 Data
1139 1547 1186 1576 VI
1205 1534 1297 1576 Kal.
1329 1534 1547 1576 Decembr.

207 1593 428 1648 Dyrrachi.
1568 1610 1602 1636 25

799 1709 953 1752 XXIII.

462 1791 536 1827 Ser.
563 1792 751 1837 Dyrrachi
771 1803 829 1836 pr.
858 1791 906 1827 K.
934 1791 1020 1826 Deo.
1049 1803 1081 1826 α.
1111 1794 1183 1826 696
1208 1792 1300 1835 (58).

634 1872 801 1908 CICERO
829 1872 1001 1908 ATTICO
1030 1872 1125 1907 SAL.

297 1946 347 1988 A.
381 1947 417 1988 d.
449 1961 476 1988 v
507 1946 600 1987 Kal.
638 1945 856 1987 Decembr.
890 1948 976 1986 tres
1016 1945 1218 1999 epistulas
1258 1959 1281 1985 a
1318 1946 1360 1985 te
1398 1945 1548 1998 accepi,
1591 1993 1595 1994 ⁷

210 2020 338 2046 unam
380 2005 522 2046 datam
564 2019 598 2045 a.
631 2005 667 2045 d.
700 2016 783 2045 V111
822 2003 915 2045 Kal.
954 2002 1234 2057 Novembres,
1275 2002 1320 2044 in
1361 2017 1443 2057 qua
1481 2017 1548 2044 me
1568 2020 1602 2046 30

208 2063 408 2117 hortaris,
441 2066 489 2104 ut
520 2063 623 2104 forti
650 2062 790 2103 animo
819 2076 1007 2103 mensem
1030 2060 1276 2102 Ianuarium
1302 2063 1549 2116 exspectem,
1644 2030 1648 2098 l

211 2136 353 2175 eaque,
387 2136 493 2175 quae
521 2121 572 2162 ad
599 2135 716 2175 spem
741 2122 866 2175 putas
893 2119 1103 2174 pertinere
1135 2120 1185 2160 de
1203 2120 1375 2161 Lentuli
1395 2120 1548 2173 studio,

212 2179 261 2220 de
293 2179 457 2220 Metelli
488 2180 722 2233 voluntate,
755 2179 804 2219 de
835 2181 927 2219 tota
957 2177 1133 2232 Pompei
1162 2178 1344 2232 ratione,
1375 2177 1549 2233 perscri-
1643 2140 1646 2274 J

211 2237 288 2278 bis.
355 2236 407 2278 In
449 2238 580 2279 altera
620 2237 802 2292 epistula
842 2238 1007 2291 praeter
1047 2237 1393 2278 consuetudinem
1432 2239 1545 2277 tuam
1642 2279 1645 2298 Ι

212 2295 323 2336 diem
355 2309 442 2336 non
474 2296 695 2350 adscribis,
738 2295 810 2337 sed
851 2295 954 2336 satis
988 2294 1200 2350 significas
1233 2297 1417 2350 tempus,
1456 2295 1549 2349 lege
1568 2311 1601 2337 35
