1665 2553
350 50 692 86 EPISTULARUM
717 52 781 86 AD
810 52 1025 87 ATTICUM
1049 53 1099 86 XI
1125 56 1157 96 6,
1187 57 1216 88 7.
1373 53 1459 95 329

114 146 239 188 modo
268 147 317 187 de
342 147 639 203 conservanda,
660 148 731 189 sed
758 148 883 189 etiam
911 148 960 190 de
987 148 1179 203 augenda
1204 163 1298 189 mea
1324 149 1458 204 digni-

115 208 203 246 tate
228 219 350 247 curae
376 207 480 262 fore,
505 221 655 260 meque
679 207 921 262 hortantur,
940 209 988 248 ut
1012 221 1169 262 magno
1197 207 1338 248 animo
1367 208 1461 261 51111,

116 267 164 305 ut
201 265 342 305 omnia
379 279 544 306 summa
582 279 757 319 sperem.
818 265 883 307 Ea
925 266 1152 321 spondent,
1193 266 1458 307 confirmant.

116 322 230 371 Quae
262 323 432 377 quidem
456 324 563 364 mihi
590 324 875 378 exploratiora
901 327 1054 380 essent,
1087 324 1122 365 si
1148 324 1455 366 remansissem.

81 398 95 424 5
117 380 198 422 Sed
233 382 381 437 ingero
420 383 667 438 praeterita3
711 383 822 438 vide,
861 398 1035 438 quaeso,
1072 383 1206 438 igitur
1247 398 1311 438 ea,
1350 398 1457 438 quae

116 443 290 495 restant,
323 444 365 482 et
398 441 571 495 explora
602 456 696 483 011111
728 442 823 483 istis
858 445 908 497 et,
942 443 979 483 si
1009 442 1181 496 putabis
1215 457 1321 497 opus
1355 456 1459 497 esse,

117 501 159 540 et
191 499 226 540 si
257 500 352 540 istis
383 500 581 555 placebit,
613 515 697 554 quo
728 501 865 555 magis
896 501 1056 542 factum
1080 504 1277 542 nostrum
1303 500 1458 542 Caesar

116 558 268 611 probet
301 559 422 612 quasi
455 559 504 599 de
537 573 711 600 suorum
738 559 948 601 sententia
972 560 1144 614 factum,
1176 560 1458 601 adhibeantur

116 616 364 672 Trebonius,
395 616 545 673 Pansa,
577 618 613 658 si
645 619 718 672 qui
744 619 828 673 alii,
860 619 1130 672 scribantque
1157 619 1209 659 ad
1235 618 1457 660 Caesarem

64 693 97 717 10
116 690 195 730 me,
228 676 429 730 quicquid
458 677 641 732 fecerim,
672 676 722 718 de
754 692 830 718 sua
862 677 1072 718 sententia
1102 677 1262 719 fecisse.

204 734 369 775 Tulliae
405 749 522 776 meae
560 736 735 777 morbus
774 739 815 776 et
852 736 1124 777 imbecillitas
1163 736 1354 790 corporis
1391 751 1457 777 me
1484 747 1506 778 4.

117 793 339 834 exanimat.
408 792 543 842 Quam
592 794 673 835 tibi
723 795 923 849 intellego
967 808 1144 849 magnae
1188 809 1310 836 curae
1354 809 1458 847 esse,

118 853 230 906 quod
272 855 336 893 est
372 852 479 893 mihi
517 852 818 908 gratissimum.
886 852 950 894 De
986 852 1161 907 Pompei
1199 854 1315 894 exitu
1351 854 1458 894 mihi
1485 864 1506 894 5

118 911 294 952 dubium
324 926 556 965 numquam
587 912 678 953 fuit.
735 912 872 953 Tanta
904 912 1016 953 enim
1049 912 1284 966 desperatio
1317 926 1457 953 rerum

65 985 98 1011 15
119 970 206 1011 eius
246 970 435 1011 omnium
472 984 621 1025 regum
659 973 700 1011 et
731 971 988 1024 populorum
1027 971 1188 1012 animos
1222 974 1459 1025 occuparat,
1509 1000 1516 1003 -

118 1031 183 1083 ut,
224 1043 488 1083 quocumque
519 1029 721 1084 venisset,
760 1029 841 1070 hoc
871 1033 1064 1083 putarem
1093 1030 1297 1071 futurum.
1359 1029 1459 1070 Non

118 1101 293 1141 possum
331 1087 420 1128 eius
461 1101 604 1128 casum
641 1102 728 1128 non
760 1088 919 1143 (101616,
962 1088 1180 1129 1101111116111
1212 1088 1325 1130 6111111
1354 1088 1458 1129 inte-

118 1159 242 1200 grum
277 1148 318 1187 et
349 1148 513 1187 castum
544 1149 586 1187 et
618 1160 788 1201 gravem
821 1147 1011 1201 cognovi.
1073 1147 1137 1188 De
1167 1146 1330 1188 Fannio
1363 1161 1457 1189 con-
1485 1159 1507 1189 6

120 1204 231 1245 soler
261 1204 332 1246 te‘?
381 1203 624 1246 Perniciosa
655 1205 912 1259 loquebatur
942 1206 993 1246 de
1023 1206 1243 1246 mansione
1275 1208 1360 1247 tua.
1412 1205 1456 1246 L.

65 1280 99 1304 20
118 1277 216 1304 vero
248 1262 455 1304 Lentulus
493 1263 698 1304 Hortensi
736 1264 907 1305 domum
948 1265 1029 1305 sibi
1063 1267 1104 1305 et
1136 1263 1328 1306 Caesaris
1359 1264 1459 1306 hor-

118 1325 186 1362 tos
222 1324 263 1362 et
295 1321 420 1362 Baias
453 1322 743 1375 desponderat.
806 1322 988 1364 Omnino
1020 1323 1124 1364 haec
1155 1323 1302 1364 eodem
1333 1323 1458 1364 modo

119 1394 169 1421 ex
210 1379 290 1421 hac
332 1383 452 1434 parte
495 1381 621 1436 fiunt,
664 1382 747 1421 nisi
791 1382 904 1435 quod
947 1382 1053 1422 illud
1097 1385 1187 1422 erat
1231 1382 1458 1422 infinitum.

120 1437 275 1479 Omnes
308 1439 431 1494 enim,
463 1440 536 1493 qui
560 1440 605 1479 in
630 1439 755 1480 Italia
780 1443 1035 1494 manserant,
1065 1440 1257 1481 hostium
1281 1455 1459 1481 numero

119 1497 396 1538 habebantur.
442 1496 523 1538 Sed
548 1498 675 1538 velim
699 1498 801 1539 haec
826 1499 1052 1552 aliquando
1081 1499 1286 1540 solutiore
1307 1499 1459 1540 61111110.

66 1573 99 1597 25
208 1555 414 1604 Quintum
455 1557 631 1597 fratrem
675 1557 798 1597 audio
842 1557 1080 1611 profectum
1121 1558 1166 1598 in
1202 1558 1368 1612 Asiam,
1412 1560 1460 1598 ut
1488 1569 1507 1599 7

120 1615 424 1668 deprecaretur.
493 1614 555 1655 De
599 1614 688 1655 filio
732 1615 842 1655 nihil
886 1616 1044 1670 audivi3
1096 1616 1168 1656 sed
1213 1631 1365 1670 quaere
1410 1630 1460 1656 ex

118 1672 344 1728 Diochare,
387 1672 579 1714 Caesaris
627 1673 799 1728 liberto,
839 1688 963 1727 quem
1002 1688 1078 1728 ego
1117 1688 1205 1715 non
1242 1674 1350 1728 vidi,
1388 1675 1461 1728 qui

118 1731 223 1772 istas
265 1731 531 1773 Alexandrea
580 1731 745 1772 litteras
797 1732 953 1773 attulit.
1020 1731 1063 1773 Is
1107 1732 1262 1773 dicitur
1305 1733 1463 1773 vidisse

119 1789 324 1838 Quintum
357 1793 526 1831 euntem
558 1804 611 1830 an
638 1790 723 1830 iam
748 1790 794 1830 in
819 1790 933 1831 Asia.
985 1790 1096 1831 Tuas
1122 1791 1302 1845 litteras,
1333 1794 1463 1845 prout

66 1865 100 1890 30
119 1862 186 1889 res
227 1849 435 1904 postulat,
477 1850 686 1902 exspecto.
750 1848 861 1897 Quas
899 1848 1024 1889 velim
1063 1864 1182 1890 cures
1222 1864 1349 1903 quam
1380 1850 1463 1903 pri-

119 1921 236 1947 mum
268 1908 320 1948 ad
350 1922 417 1948 me
450 1907 728 1961 perferendas.
791 1919 860 1947 ΠΗ
891 1906 942 1948 K.
969 1907 1188 1949 Decembr.

745 1999 838 2041 VII.

344 2068 417 2103 Ser.
439 2069 625 2103 Brundisi
652 2069 755 2102 XIV
776 2069 863 2102 Kal.
884 2070 968 2103 Ian.
990 2081 1023 2103 a.
1047 2071 1118 2103 706
1146 2071 1236 2112 (43).

542 2137 710 2173 CICERO
737 2138 910 2172 ATTICO
940 2138 1036 2172 SAL.

65 2215 98 2241 35
207 2196 361 2238 Gratae
405 2201 502 2238 tuae
543 2198 649 2238 mihi
693 2198 861 2238 litterae
906 2201 1023 2251 sunt,
1068 2198 1223 2252 quibus
1270 2201 1463 2240 accurate
1491 2211 1509 2241 1

117 2256 404 2311 perscripsisti
446 2256 605 2310 omnia,
643 2270 749 2309 quae
788 2257 838 2296 ad
877 2271 944 2297 me
982 2257 1195 2310 pertinere
1227 2257 1463 2299 arbitratus
