1665 2553
317 95 659 131 EPISTULARUM
684 96 749 130 AD
775 95 991 131 ATTICUM
1015 96 1082 130 XII
1111 101 1164 140 23,
1193 101 1246 131 24.
1364 97 1446 138 371

109 191 158 232 de
189 206 256 232 me
288 190 565 247 existimem),
603 192 759 233 levatio
792 192 997 246 quaedam
1030 195 1106 247 est,
1139 193 1175 233 si
1207 193 1347 233 minus
1381 193 1451 234 do-

107 250 225 304 loris,
257 254 300 291 at
333 251 463 292 officii
496 251 638 292 debiti.

196 309 264 350 Ad
297 307 459 350 Siccam
492 310 652 363 scripsi,
684 310 797 364 quod
829 310 967 351 utitur
998 308 1043 351 L.
1071 308 1208 351 Cotta.
1266 308 1310 351 Si
1342 310 1453 351 nihil

110 367 356 409 conficietur
388 368 437 409 de
471 368 822 422 Transtiberinis,
864 369 993 410 habet
1025 369 1069 409 in
1103 368 1290 409 Ostiensi
1323 367 1452 410 Cotta

74 441 89 467 5
109 427 380 468 celeberrimo
407 427 513 482 loco,
539 427 611 468 sed
637 428 841 481 pusillum
866 428 961 482 loci,
981 427 1032 468 ad
1057 427 1167 468 hanc
1193 442 1282 468 rem
1307 430 1453 469 tamen

109 486 206 540 plus
239 486 369 527 etiam
401 501 528 540 quam
561 487 675 527 satis.
725 486 773 527 Id
805 487 932 527 velim
964 487 1136 541 cogites.
1188 485 1277 527 Nec
1309 489 1453 527 tamen

110 545 193 585 ista
229 545 366 599 pretia
403 544 627 585 hortorum
665 546 945 598 pertimueris.
1009 544 1098 586 Nec
1135 545 1242 586 mihi
1272 545 1357 586 iam
1390 560 1452 586 ar-

110 606 238 658 gento
264 618 340 644 nec
365 607 482 644 veste
509 618 614 657 opus
641 607 704 645 est
731 619 807 645 nec
834 604 1089 658 quibusdam
1115 604 1302 646 amoenis
1328 604 1451 658 locis,

108 662 189 703 hoc
223 677 327 716 opus
361 665 434 703 est.
485 661 619 703 Video
654 663 794 717 etiam,
826 678 849 704 a
876 663 1032 717 quibus
1059 663 1249 704 adiuvari
1275 663 1449 717 possim.

0 721 2 725 ’
56 736 90 760 10
111 720 194 762 Sed
229 721 403 774 loquere
436 736 530 762 cum
563 720 687 776 Silio,
726 722 835 762 nihil
867 722 980 763 enim
1013 724 1077 762 est
1108 722 1271 763 melius.
1334 721 1452 762 Man-

111 780 208 821 davi
239 780 366 821 etiam
399 778 551 821 Siccae.
614 779 850 834 Rescripsit
883 781 1166 822 constitutum
1199 795 1242 821 se
1275 795 1369 821 cum
1403 795 1452 821 eo

110 838 275 880 habere.
315 837 480 880 Scribet
506 839 638 894 igitur
665 839 717 880 ad
741 854 820 893 me,
841 839 942 893 quid
969 840 1115 894 egerit,
1135 842 1176 880 et
1202 842 1250 880 tu
1276 839 1452 880 videbis.

706 979 861 1021 XXIV.

309 1060 382 1095 Ser.
404 1061 562 1095 Asturae
588 1060 701 1094 XIII
722 1061 770 1095 K.
792 1060 882 1104 Apr.
905 1072 937 1095 α.
959 1072 993 1095 u.
1016 1072 1042 1095 c.
1068 1063 1138 1095 709
1166 1063 1256 1103 (45).

59 1144 92 1169 15
516 1141 706 1176 CICERO
731 1141 923 1176 ATTICO
949 1141 1056 1176 SAL.

200 1214 313 1255 Bene
345 1214 445 1255 fecit
476 1212 525 1254 A.
554 1213 697 1269 Silius,
729 1214 801 1267 qui
833 1213 1098 1268 transegerit.
1162 1212 1311 1267 Neque
1343 1213 1455 1254 enim
1483 1226 1501 1256 1

115 1274 152 1315 01
177 1274 320 1314 deesse
347 1273 542 1314 volebam
569 1275 623 1326 et,
655 1273 755 1326 quid
780 1287 963 1328 possem,
994 1272 1209 1313 timebam.
1259 1271 1322 1313 De
1351 1270 1456 1312 Ovia

114 1332 282 1386 confice,
314 1334 362 1372 ut
395 1331 555 1372 scribis.
601 1331 663 1372 De
697 1329 898 1372 Cicerone
922 1334 1091 1384 tempus
1119 1345 1209 1372 esse
1235 1329 1319 1371 iam
1344 1331 1456 1372 vide-

114 1394 203 1445 tur,
236 1390 308 1431 sed
340 1405 509 1444 quaero,
542 1390 654 1444 quod
684 1390 749 1430 illi
782 1404 887 1443 opus
915 1390 1007 1443 erit,
1032 1388 1213 1430 Athenis
1246 1392 1456 1443 permuta-

63 1460 96 1484 20
115 1450 206 1490 rine
238 1449 375 1503 possit
408 1464 460 1489 an
492 1449 574 1502 ipsi
606 1448 825 1489 ferendum
859 1449 926 1503 sit,
959 1448 1008 1489 de
1040 1450 1216 1502 totaque
1241 1463 1299 1502 re,
1332 1462 1456 1502 quem

117 1508 168 1549 ad
204 1508 378 1548 modum
411 1510 452 1548 et
485 1507 651 1560 quando
684 1507 865 1560 placeat,
904 1507 1032 1547 velim
1064 1506 1314 1547 consideres.
1376 1506 1456 1547 Pu-

116 1566 262 1607 blilius
299 1566 493 1606 iturusne
532 1565 587 1605 sit
629 1565 673 1605 in
703 1564 892 1605 Africam
925 1567 965 1605 et
998 1565 1184 1620 quando,
1224 1579 1271 1605 ex
1305 1564 1454 1605 Aledio

118 1626 223 1666 scire
261 1624 432 1679 poteris.
496 1623 681 1672 Quaeras
721 1626 763 1664 et
801 1624 851 1663 ad
889 1637 955 1663 me
994 1623 1154 1663 scribas
1186 1623 1323 1664 velim.
1386 1623 1456 1677 Et,
1482 1635 1503 1665 2

117 1687 165 1724 ut
203 1683 254 1724 ad
294 1698 408 1723 meas
449 1682 631 1736 ineptias
664 1682 850 1737 redeam,
887 1681 1014 1722 velim
1046 1695 1111 1722 me
1145 1681 1367 1722 certiorem
1398 1682 1456 1722 fa-

66 1749 98 1775 25
119 1743 222 1797 cias,
264 1741 308 1782 P.
349 1740 544 1794 Crassus,
588 1740 818 1781 Venuleiae
861 1740 992 1795 filius,
1035 1740 1185 1780 vivone
1224 1739 1267 1780 P.
1306 1739 1456 1781 Crasso

120 1800 348 1855 consulari,
388 1803 509 1854 patre
548 1813 643 1854 suo,
679 1802 872 1839 mortuus
912 1798 986 1851 sit,
1023 1801 1071 1838 ut
1104 1812 1181 1852 ego
1214 1798 1457 1839 meminisse

119 1859 274 1913 videor,
306 1873 360 1900 an
390 1861 500 1912 post.
548 1857 657 1898 Item
689 1872 844 1911 quaero
877 1857 926 1897 de
957 1856 1139 1911 Regillo,
1172 1855 1320 1910 Lepidi
1352 1857 1457 1912 filio,

119 1920 286 1958 rectene
316 1917 582 1958 meminerim
614 1919 733 1969 patre
764 1916 861 1957 vivo
888 1918 1114 1956 mortuum.
1166 1913 1365 1968 Cispiana
1392 1929 1457 1955 ex-
1483 1926 1503 1957 3

120 1976 297 2030 plicabis
334 1977 519 2029 itemque
550 1974 760 2015 Preciana.
823 1973 886 2015 De
918 1973 1063 2014 Attica
1096 1974 1265 2027 optime.
1327 1973 1386 2014 Et
1419 1974 1457 2015 ei

68 2042 102 2067 30
123 2034 302 2075 salutem
334 2035 444 2075 dices
477 2037 518 2074 et
549 2033 692 2074 Piliae.

1179 2370 1248 2403 24ss
