1665 2553
343 89 681 125 EPISTULARUM
705 91 770 125 AD
796 91 998 126 BRUTUM
1023 92 1039 126 Ι
1066 96 1120 137 16,
1149 97 1202 127 17.
1351 92 1432 133 547

189 184 266 240 Te,
304 183 467 239 Cicero,
506 199 611 240 rogo
645 188 771 240 atque
802 186 971 241 hortor,
1007 201 1060 228 ne
1093 187 1322 241 defatigere
1352 201 1434 227 neu
1463 197 1506 227 10

102 243 279 298 diffidas,
322 258 484 297 semper
515 244 559 284 in
591 245 884 298 praesentibus
916 245 1038 286 malis
1071 245 1344 299 prohibendis
1376 246 1436 285 fu-

102 305 198 343 tura
231 317 398 356 quoque
438 302 648 357 explores,
686 318 738 344 ne
772 318 834 358 se,
870 304 953 344 nisi
986 306 1082 345 ante
1117 305 1172 345 sit
1205 318 1436 357 occursum,

102 361 329 402 insinuent.
379 360 550 402 Fortem
583 364 623 401 et
654 361 836 402 liberum
868 363 1067 416 animum,
1099 377 1182 416 quo
1216 365 1258 403 et
1289 362 1437 403 consul

67 436 83 462 5
104 422 145 460 et
176 434 288 461 nunc
319 419 552 460 consularis
585 434 670 460 rem
704 421 917 474 publicam
947 421 1184 476 vindicasti,
1222 422 1311 462 sine
1343 435 1438 462 con—

104 478 261 519 stantia
299 481 340 518 et
377 478 677 531 aequabilitate
713 479 878 519 nullum
915 494 1005 521 esse
1042 480 1217 533 putaris.
1284 480 1438 520 Fateor

104 537 214 577 enim
270 536 481 578 duriorem
532 551 620 577 esse
670 537 956 578 condicionem
1006 541 1216 591 spectatae
1265 538 1436 579 virtutis

104 610 230 648 quam
273 595 525 650 incognitae.
595 595 707 637 Bene
749 596 859 637 facta
901 611 977 650 pro
1022 597 1175 637 debitis
1219 597 1438 651 exigimus,

105 668 210 707 quae
249 653 370 694 aliter
410 654 626 707 eveniunt,
666 657 713 695 ut
745 654 907 708 decepti
940 655 991 695 ab
1024 655 1076 695 iis
1108 656 1263 696 infesto
1296 655 1436 695 animo

53 729 85 756 ιο
104 712 459 766 reprehendimus.
527 711 677 765 Itaque
720 713 916 754 resistere
952 713 1141 754 Antonio
1182 713 1438 765 Ciceronem,

105 771 186 812 etsi
217 771 401 812 maxima
431 770 552 811 laude
578 771 753 825 dignum
780 775 854 825 est,
885 774 1038 825 tamen,
1070 772 1168 826 quia
1193 772 1264 813 ille
1291 771 1439 812 consul

103 828 216 870 hunc
252 829 515 870 consularem
555 830 706 870 merito
744 833 958 883 praestare
996 830 1179 886 videtur,
1214 845 1337 871 nemo
1371 830 1438 870 ad-

104 887 299 941 miratur3
338 888 448 928 idem
482 887 644 942 Cicero,
681 888 716 928 si
753 888 918 929 flexerit
957 889 1156 930 adversus
1196 889 1301 929 alios
1333 888 1438 929 iudi-
1465 898 1506 929 11

105 946 215 986 cium
248 960 382 1000 suum,
413 946 526 1000 quod
557 949 676 986 tanta
707 947 907 987 firmitate
939 961 985 987 ac
1016 947 1308 1002 magnitudine
1334 947 1439 987 dire-

51 1020 85 1046 15
104 1005 167 1044 xit
199 1004 244 1044 in
275 1004 536 1046 exturbando
563 1004 764 1059 Antonio,
795 1020 881 1046 non
906 1005 1029 1046 modo
1056 1006 1208 1059 reliqui
1233 1005 1437 1059 temporis

106 1063 286 1117 gloriam
318 1063 517 1116 eripuerit
548 1063 643 1118 sibi,
675 1063 746 1104 sed
777 1064 904 1104 etiam
935 1064 1164 1117 praeterita
1194 1078 1438 1104 evanescere

106 1124 238 1175 coget.
301 1120 423 1162 Nihil
464 1121 575 1162 enim
612 1136 686 1176 per
725 1136 768 1162 se
806 1122 993 1176 amplum
1032 1125 1108 1177 est,
1150 1123 1233 1163 nisi
1271 1123 1316 1163 in
1353 1136 1437 1176 quo

105 1180 249 1220 iudicii
285 1180 394 1220 ratio
433 1182 582 1220 exstat.
645 1179 756 1228 Quin
793 1181 1003 1221 neminem
1034 1181 1170 1235 magis
1202 1181 1318 1222 decet
1350 1195 1438 1221 rem

105 1238 318 1291 publicam
356 1253 496 1279 amare
533 1238 828 1292 libertatisque
860 1239 1120 1280 defensorem
1160 1254 1250 1280 esse
1281 1239 1348 1280 vel
1378 1239 1439 1279 in-

53 1313 87 1339 20
106 1296 229 1351 genio
267 1296 334 1337 vel
370 1296 496 1337 rebus
534 1297 666 1351 gestis
698 1297 765 1337 vel
806 1297 944 1338 studio
977 1300 1103 1351 atque
1134 1297 1439 1352 efflagitatione

107 1355 305 1396 omnium.
368 1353 503 1403 Quare
539 1369 626 1395 non
657 1354 856 1396 Octavius
895 1358 959 1397 est
990 1356 1221 1410 rogandus,
1258 1359 1306 1396 ut
1336 1356 1440 1396 velit

105 1427 184 1453 nos
217 1413 355 1454 salvos
389 1427 496 1467 esse,
527 1413 663 1467 magis
695 1416 787 1454 tute
819 1417 859 1455 te
893 1415 1114 1468 exsuscita,
1146 1417 1193 1455 ut
1226 1429 1316 1455 eam
1342 1414 1439 1455 civi-

107 1473 258 1525 tatem,
294 1471 339 1511 in
376 1485 458 1524 qua
494 1471 679 1512 maxima
716 1473 900 1527 gessisti,
939 1473 1116 1513 liberam
1157 1475 1283 1526 atque
1314 1472 1440 1513 hone-

109 1532 218 1570 stam
242 1529 331 1569 fore
357 1531 492 1583 putes,
513 1529 548 1569 si
574 1529 697 1570 modo
724 1530 809 1570 sint
834 1531 992 1584 populo
1020 1531 1143 1571 duces
1170 1530 1221 1571 ad
1244 1530 1440 1572 resisten-

55 1604 88 1630 25
109 1588 208 1628 dum
240 1587 531 1641 improborum
562 1587 759 1628 consiliis.

708 1761 842 1803 XVII.

339 1858 413 1893 Scr.
435 1858 522 1893 med.
544 1870 587 1893 m.
608 1859 706 1901 Iun„
726 1863 766 1893 ut
790 1859 941 1902 videtur,
967 1871 1000 1895 α.
1022 1862 1090 1894 ’711
1119 1861 1208 1903 (43).

523 1963 710 1998 BRUTUS
736 1962 906 1997 ATTICO
935 1963 1030 1997 SAL.

200 2050 357 2092 Scribis
395 2051 500 2092 mihi
537 2052 682 2093 mirari
721 2050 980 2107 Ciceronem,
1018 2052 1130 2105 quod
1167 2052 1277 2092 nihil
1315 2052 1441 2107 sigm‘-

58 2128 92 2152 30
111 2110 231 2150 ficem
270 2125 469 2163 umquam
510 2110 558 2150 de
600 2111 686 2151 suis
729 2111 843 2151 actis.
907 2110 1114 2160 Quoniam
1154 2125 1221 2151 me
1261 2110 1442 2166 flagitas,

112 2170 257 2211 coactu
294 2172 368 2208 tuo
408 2168 605 2221 scribam,
646 2183 752 2222 quae
791 2169 939 2210 sentio.
1002 2167 1153 2209 Omnia
1189 2169 1338 2209 fecisse
1375 2168 1441 2210 Ci-

112 2240 303 2266 ceronem
335 2227 495 2279 optimo
527 2227 666 2267 animo
701 2227 803 2281 scio,
843 2227 943 2280 quid
975 2227 1085 2267 em'm
1116 2227 1221 2267 mihi
1254 2227 1441 2280 explora-

112 2284 197 2324 tius
230 2298 320 2325 esse
351 2287 493 2333 potest
526 2299 651 2338 quam
682 2285 798 2325 illius
826 2285 990 2326 animus
1016 2285 1060 2326 in
1085 2299 1173 2325 rem
1199 2285 1440 2338 publicam?

1162 2353 1230 2386 35*
