1665 2553
200 69 296 104 XCII
628 71 907 106 ADNOTATIO
935 71 1122 106 CRITICA

246 163 293 198 P.
313 163 403 198 316.
426 169 443 199 1
471 168 518 199 ut
548 165 730 199 exsulibus
754 165 909 199 reditum
929 165 1175 208 polliceretur
1194 164 1261 209 (sic
1280 164 1332 209 M)
1357 132 1537 207 Lam¹bin„

200 210 384 253 Wesenb,
409 211 513 246 Boot.
540 232 584 236 —-
611 215 632 245 3
652 213 687 246 A
710 211 749 256 Q.
764 213 862 246 Axio
887 211 1088 246 Buecheler
1113 224 1204 246 mus.
1220 211 1335 246 Rhen.
1350 211 1401 245 XI
1418 223 1454 256 p.
1469 215 1536 245 535

201 257 244 292 ef.
265 269 299 301 p.
322 261 400 292 312.
422 261 476 301 10,
502 258 640 301 Baiter,
665 259 770 301 Boot,
797 258 950 303 Tyrrell,
977 270 1000 292 a
1018 259 1144 293 Daxio
1163 259 1212 301 M,
1239 259 1284 293 ab
1303 259 1402 293 Aaeio
1426 258 1537 302 vulg„

200 303 371 339 Wesenb.
411 325 455 330 ——
495 309 536 338 11
569 309 646 339 aut
676 306 816 349 aliquid
847 306 1004 339 atrocius
1040 327 1085 330 —
1124 310 1200 340 aut
1225 316 1344 340 coram
1370 304 1537 348 Schuetz,

199 351 304 394 Boot,
330 355 394 386 aut
419 352 561 395 aliquid
586 352 634 394 M,
664 352 743 385 ‘sed
769 356 833 386 acet
857 352 957 385 linea
984 351 1167 386 subducta
1193 352 1357 386 deletum
1383 352 1473 394 est’,
1505 353 1537 386 ei

199 398 296 432 inter
326 409 378 432 me
409 400 447 432 et
471 400 685 442 imperatum
712 398 849 432 Orellio
876 400 1025 432 auctore
1051 399 1187 433 Baiter.
1226 420 1271 424 —
1311 402 1353 432 19
1382 399 1538 433 Curione

201 444 339 478 Gurlitt
364 455 485 489 progr.
508 445 662 489 Steglitz
691 449 780 479 1898
806 458 840 490 p.
864 449 907 479 10
922 457 974 488 sq.
994 445 1145 489 probab.
1171 467 1215 471 —-
1236 450 1280 479 20
1307 445 1537 490 ἐπίσταθμον

200 491 292 525 Ellis
324 491 456 526 Philol.
486 496 574 526 1895
605 504 640 536 p.
663 495 746 534 747,
785 493 1072 534 †el<1†AONON
1106 492 1206 535 edd„
1247 492 1404 526 ἔκπλουν
1443 491 1536 527 coni.

200 538 336 581 Baiter,
364 537 546 582 ἐξιτητέον
574 538 714 572 Gurlitt
738 538 798 573 11.
820 551 854 583 p.
879 543 931 574 11.
966 560 1011 564 -—
1048 542 1090 572 27
1118 550 1220 573 mane
1239 539 1308 572 Wl
1334 539 1537 582 (Lehmann

200 585 276 619 Att.
292 597 326 629 p.
343 588 398 627 89,
427 589 518 629 127),
544 585 648 627 Boot,
670 596 738 620 om.
754 585 850 629 vulg.
872 607 915 610 —
937 589 980 619 33
1001 586 1079 620 erui
1097 586 1122 620 I.
1139 586 1194 620 Fr.
1212 585 1378 629 Gronov,
1398 586 1536 629 Baiter,

200 632 303 675 Boot,
330 632 430 675 Tyrr.
454 642 509 676 ep.
525 636 605 675 400,
625 633 647 676 †
662 644 734 676 qua
751 633 830 675 frui
850 632 948 667 Wes.
981 634 992 676 Η
1028 632 1074 667 P.
1090 632 1179 667 317.
1193 636 1212 666 3
1233 633 1383 667 lacrima
1401 637 1440 667 et
1458 643 1537 676 per

200 690 240 712 se
266 679 392 713 odiosa
410 683 459 713 est
478 683 516 713 et
530 684 677 723 propter
699 679 948 713 ‘scribendum
968 679 1038 713 est’
1059 679 1211 723 Madvig
1230 679 1385 714 Adv.111
1403 691 1439 724 p.
1456 682 1534 714 186.

202 746 243 750 —
273 729 315 758 14
340 727 468 760 tardus
493 730 554 760 est
578 726 627 760 ad
652 727 874 767 emundant,-
899 726 1009 760 multo
1034 725 1213 768 Lambin.,
1239 726 1376 768 Baiter,
1402 726 1462 760 sed
1487 730 1536 760 est

200 773 327 806 taraus
352 772 453 816 Tyrr.
475 773 590 815 tacit,
618 777 694 807 erat
713 773 840 807 tardus
860 772 971 815 Wes.,
998 773 1101 807 Boot.
1129 794 1173 797 —
1201 776 1243 807 19
1263 774 1404 816 fierent
1422 772 1536 814 Wes.,

199 818 302 861 Boot,
330 819 443 862 Tyrr„
470 820 603 861 fiebant
628 819 732 854 codd.
754 820 816 858 (ad
840 831 875 863 p.
899 824 976 854 106.
992 824 1038 859 9),
1065 820 1157 862 fga-ut
1181 819 1278 861 Ern.,
1298 819 1393 854 Bait.
1421 840 1465 844 -—
1491 823 1535 853 22

199 866 423 900 adhibendus
444 865 576 908 Ursin.,
598 865 638 900 O.
654 866 693 900 E.
710 866 877 900 Schmidt
898 866 984 900 ‘Der
1003 866 1163 900 Briefw.’
1191 878 1225 910 p.
1243 870 1321 908 180,
1347 866 1396 900 ad
1414 866 1454 900 id
1472 867 1535 900 ad-

199 913 373 947 hibendus
392 913 544 957 Madvig
570 913 725 947 Adv.111
743 925 778 957 p.
796 917 873 956 186,
900 914 948 947 ad
967 913 1060 947 idem
1079 913 1095 930 ’¹‘
1110 913 1125 930 ⁷²²
1139 913 1276 956 Baiter,
1296 913 1401 955 Boot,
1421 913 1536 956 Tyrr.,

200 960 449 994 adhortandus
475 961 523 993 acl
548 961 640 993 iclem
666 959 778 1002 Wes„
813 959 966 993 ‘excidit
991 960 1216 994 inducendus
1240 959 1298 993 vel
1324 960 1537 995 eoecitaiwlus

200 1007 282 1040 cet.’
325 1005 454 1048 Orelli,
484 1006 646 1040 ‘Excidit
669 1006 851 1040 vocandus
876 1006 933 1040 vel
958 1007 1191 1040 adducendus
1215 1006 1272 1040 vel
1297 1007 1536 1041 cohortandus

200 1053 255 1086 vel
276 1053 364 1096 τ’ᾱζῖ)
390 1054 613 1087 adhibendus
638 1052 695 1086 vel
721 1052 840 1086 simile
866 1052 1022 1096 aliquid'
1045 1053 1196 1096 Tyr-rell.
1219 1074 1262 1078 -
1283 1056 1327 1086 30
1336 1064 1388 1096 sq.
1409 1053 1536 1087 etenim

200 1120 242 1124 —
269 1100 442 1134 (licuntur
465 1100 504 1133 in
529 1099 698 1144 parenth.
719 1099 958 1143 Wesenberg,
983 1099 1088 1142 Boot,
1115 1099 1257 1143 Tyrrell
1283 1110 1337 1144 ep.
1358 1103 1437 1134 401.
1476 1100 1532 1133 Ad

198 1158 232 1189 p.
256 1150 309 1180 16.
328 1150 380 1180 14.
424 1149 435 1190 Ι]
483 1146 529 1180 Ρ.
544 1146 633 1180 318.
649 1150 668 1179 2
684 1157 736 1189 sq.
763 1147 973 1188 tabellariis,
998 1167 1054 1188 —,
1080 1158 1151 1190 qua
1177 1146 1346 1190 (Manut.)
1372 1147 1460 1181 satis
1483 1148 1534 1189 fe-

199 1194 300 1227 cisset
334 1193 461 1237 (Pius),
492 1194 596 1227 clares
621 1193 763 1234 Baiter,
795 1193 890 1227 Boot
915 1192 1007 1227 coni.
1028 1194 1122 1237 quod
1146 1194 1235 1227 satis
1259 1198 1354 1236 esset,
1381 1193 1534 1237 Tyrrell.

202 1260 245 1264 —
274 1243 316 1272 19
343 1239 509 1274 Alienus
535 1239 583 1282 M,
615 1239 720 1282 Boot,
747 1239 899 1283 Tyrrell.
939 1260 983 1264 —
1022 1243 1065 1273 25
1093 1240 1205 1274 ΧΙΙΙ
1227 1239 1381 1273 ‘correxi
1407 1250 1451 1273 ex
1477 1250 1534 1284 ep.

202 1291 254 1320 11.
276 1286 310 1319 2’
338 1286 432 1320 Boot
457 1286 581 1330 (immo
607 1286 773 1321 Lambin.
797 1287 849 1320 ‘in
873 1298 946 1330 mg.
967 1286 1161 1330 Repett.');
1188 1298 1251 1320 cur
1275 1298 1348 1320 non
1373 1286 1450 1320 illic
1469 1297 1534 1331 po—

199 1333 274 1366 tius
308 1333 398 1366 XII
424 1343 467 1366 ex
492 1333 561 1367 hoc
586 1333 794 1367 duodecim?
832 1354 876 1358 —
915 1337 958 1366 26
985 1334 1178 1377 adscripsit
1203 1333 1307 1367 codd.
1329 1335 1448 1377 (asser.
1470 1333 1534 1377 M),

200 1379 341 1422 Baiter,
380 1379 532 1423 Tyri-cll.
590 1378 641 1414 Cf.
668 1392 702 1424 p.
731 1384 808 1414 245.
836 1384 896 1422 233
943 1384 1078 1414 11.11.
1114 1401 1159 1404 —
1203 1384 1244 1413 31
1280 1381 1403 1424 pariis
1440 1380 1537 1414 Boot

200 1426 361 1460 1Observ.
387 1438 420 1470 p.
443 1430 518 1469 56),
552 1437 666 1470 panes
705 1427 808 1461 codd.
837 1429 874 1460 et
911 1428 995 1461 cett.
1023 1427 1122 1467 edd,
1158 1438 1274 1470 penus
1304 1427 1347 1461 H.
1368 1427 1410 1462 A.
1431 1426 1535 1460 Koch

202 1472 347 1507 ‘PhiloL
368 1473 562 1517 Anzeiger'
594 1477 682 1507 1874
707 1485 742 1517 p.
763 1477 842 1508 496.
869 1494 914 1498 —
941 1478 983 1507 33
1009 1478 1071 1508 est
1089 1473 1239 1517 Victor.,
1265 1473 1402 1516 Baiter,
1428 1474 1533 1508 Boot.

199 1520 257 1553 Ad
282 1532 315 1563 p.
333 1523 409 1554 106.
426 1524 456 1554 9,
495 1522 506 1564 Η
551 1519 725 1554 Ρ.319.5
752 1521 870 1563 apud
894 1532 947 1554 me
972 1520 1075 1554 Boot.
1120 1521 1178 1553 Ad
1202 1533 1237 1564 p.
1260 1524 1337 1555 298.
1359 1524 1390 1555 8.
1411 1541 1456 1545 -—-
1480 1520 1532 1555 Ib.

199 1567 316 1612 [fuit]
341 1566 503 1610 Kaysero
531 1568 679 1600 auctore
699 1567 807 1609 Bait,
834 1567 934 1611 Tyrr.
952 1577 1006 1611 ep.
1022 1570 1101 1609 402,
1129 1567 1207 1600 sine
1234 1567 1406 1601 cancellis
1425 1567 1529 1601 Boot.

200 1613 330 1646 Malim
355 1614 459 1648 venit.
487 1634 531 1638 —
553 1617 571 1647 7
600 1614 810 1648 advenisset
829 1616 993 1658 (propter
1018 1614 1066 1648 acl
1085 1616 1150 1657 me)
1176 1613 1215 1646 M
1241 1616 1343 1657 (corr.
1353 1616 1392 1657 ?),
1424 1613 1533 1656 Bait,

200 1660 300 1703 Tyrr.
329 1680 373 1684 —
401 1663 441 1693 17
453 1671 504 1702 sq.
525 1661 676 1702 fortasse
696 1661 885 1695 miraberis
904 1661 942 1694 in
967 1660 1136 1704 parenth.
1152 1660 1263 1702 Wes.,
1284 1660 1387 1700 Boot,
1407 1659 1530 1693 Lehm.

201 1706 350 1748 Quaest.
366 1719 400 1751 p.
416 1710 459 1740 45
471 1717 537 1749 ex,
571 1709 674 1740 extra
705 1707 873 1751 parenth.
894 1707 1037 1749 Baiter,
1070 1706 1222 1750 Tyrrell.
1267 1706 1324 1740 Ad
1355 1718 1389 1750 p.
1407 1710 1460 1741 16.
1478 1710 1530 1741 14.

200 1775 244 1778 —
271 1758 313 1787 22
340 1754 658 1788 dissimulavimus
683 1754 800 1797 codd,
826 1754 930 1796 Boot,
957 1753 1110 1797 Tyrrell,
1136 1753 1442 1788 dissimulabimus
1466 1753 1531 1786 Pio

200 1803 235 1833 et
262 1800 429 1834 Manutio
457 1800 667 1834 auctoribus
694 1800 801 1844 vulg,
828 1801 964 1842 Baiter,
990 1800 1161 1834 VVesenb.
1194 1821 1238 1824 —
1276 1799 1326 1833 Ib.
1347 1810 1421 1833 nou
1447 1799 1530 1834 add.

200 1847 350 1891 Madvig
390 1847 593 1891 Adv.111p.
612 1851 676 1880 186
692 1859 762 1890 sq.,
804 1847 913 1890 Boot,
958 1847 1109 1891 Tyrrell.
1160 1846 1218 1879 Ad
1248 1858 1282 1890 p.
1299 1850 1353 1880 84.
1369 1850 1423 1880 28.
1474 1847 1532 1879 An

200 1895 411 1938 aegerrime?
431 1915 476 1918 —
502 1898 546 1927 23
573 1894 847 1928 adservabimur
872 1894 1050 1936 Lambin.,
1076 1893 1259 1935 Wesenb.‚
1286 1892 1437 1936 Madvig
1455 1892 1532 1936 1.1,,

199 1940 302 1982 Boot,
335 1940 488 1984 Tyrrell,
521 1941 787 1975 aslservabimus
813 1941 929 1983 codd.,
955 1941 1090 1974 Baiter.
1129 1961 1174 1964 —
1212 1943 1254 1973 25
1284 1939 1533 1972 ‘scribendum

200 1987 389 2029 absumus,
415 1989 458 2021 ut
483 1987 640 2021 coniecit
664 1986 702 2021 P.
719 1986 881 2021 Starker'
911 1987 1068 2030 (dissert.
1083 1985 1233 2020 Vratisl.
1251 1989 1339 2019 1882
1360 1985 1451 2019 thes.
1467 1985 1531 2030 VI)

199 2032 293 2066 Boot
317 2033 398 2067 fals.
437 2055 482 2058 —
519 2034 570 2068 Π).
591 2034 714 2068 scieris
738 2033 810 2075 ΜΞ,
841 2034 984 2075 Baiter,
1017 2033 1128 2074 Boot,
1160 2032 1301 2076 Tyrrell
1328 2034 1375 2076 (p.
1398 2036 1452 2066 87.
1469 2036 1530 2075 333

201 2083 254 2113 24.
277 2081 321 2123 8).
343 2101 388 2104 -
414 2084 457 2113 29
483 2081 515 2114 si
535 2101 579 2105 —
599 2081 829 2115 eontulissent
854 2080 923 2114 del.
945 2085 976 2114 et
1000 2080 1038 2113 in
1063 2079 1230 2123 parenth.
1253 2078 1292 2113 Ο.
1308 2079 1348 2113 Ε.
1364 2079 1531 2113 Schmidt

200 2137 290 2160 mus.
312 2126 426 2160 Rhen.
450 2130 539 2160 1897
565 2140 599 2171 p.
623 2130 705 2169 167,
742 2128 845 2160 extra
870 2126 1037 2171 parenth.
1059 2125 1155 2169 vulg.
1199 2125 1257 2159 Ad
1281 2137 1316 2170 p.
1340 2130 1392 2160 16.
1416 2130 1469 2160 14.
1519 2126 1531 2171 Η

246 2173 292 2206 P.
313 2172 402 2207 320.
425 2177 443 2206 2
470 2174 622 2208 relatum
649 2185 727 2216 scr„
753 2178 894 2208 ventum
920 2173 1023 2207 codd.
1045 2174 1082 2205 et
1108 2172 1202 2214 edd,
1225 2172 1261 2206 ‘i.
1277 2182 1306 2206 e.
1327 2172 1418 2205 mihi
1438 2183 1529 2205 nun—

199 2218 334 2252 tiatum
359 2220 441 2261 est’,
467 2220 590 2262 inquit
613 2220 716 2255 Boot.
761 2220 819 2253 Ad
844 2232 878 2264 p.
900 2223 953 2254 24.
976 2223 1006 2253 8.
1027 2240 1072 2244 —
1097 2222 1119 2252 4
1144 2219 1374 2264 [convenire]
1392 2218 1529 2261 Baiter,

198 2265 351 2309 TyrreU,
379 2276 447 2300 om.
469 2268 547 2308 ΣΔ,
575 2266 644 2301 del.
667 2266 695 2301 O
728 2266 767 2302 E.
790 2266 956 2301 Schmidt
982 2266 1069 2299 ‘Der
1093 2265 1365 2299 Briefwechsel’
1393 2277 1428 2309 p.
1451 2269 1528 2308 181,
