1665 2553
658 97 696 131 P.
719 100 914 131 321—329.
1359 94 1455 128 XCV

117 191 244 236 philol.
265 190 433 225 Vereins’
464 194 553 225 1888
578 203 613 235 p.
630 194 697 224 258
728 190 881 235 probab.
933 210 976 215 —
1027 193 1071 223 20
1087 201 1165 233 sqq.
1194 192 1369 233 separant
1408 189 1454 223 ab

117 249 173 283 ep.
198 238 248 272 IV
281 237 480 282 Sternkopf
507 249 628 282 progr.
656 237 864 271 Dortmund
898 240 985 270 1891
1012 249 1047 281 p.
1065 241 1125 279 13,
1170 236 1210 271 O.
1225 236 1265 271 E.
1288 236 1456 270 Schmidt

119 285 206 319 ‘Der
241 284 514 318 Briefwechsel’
548 297 584 329 p.
613 288 678 318 193
694 296 790 328 sqq.,
829 284 1059 328 coniungunt
1090 284 1190 326 edd,
1229 294 1453 326 quamquam

120 333 232 366 ‘reete
258 332 467 365 Manutium
498 332 646 365 vidisse’
682 332 736 365 ait
760 331 855 365 Boot
887 331 988 364 ‘hino
1018 341 1152 364 novam
1178 330 1375 374 epistolam
1401 330 1454 363 in-

119 379 266 423 cipere'.
305 400 350 404 —-
388 382 430 412 28
448 390 499 421 sq.
520 378 652 422 interp.
674 378 800 412 Baiter
831 379 868 412 et
899 377 1059 422 Tyrrell,
1086 378 1223 412 amicus
1248 378 1320 411 *iu
1345 388 1456 412 causa

118 426 307 468 Wesenb..
337 426 592 460 ‘Scribendum
617 426 776 460 videtur:
816 426 862 460 B.
889 427 1026 459 amicus
1051 429 1119 466 est;
1156 425 1197 458 in
1221 436 1333 459 causa
1357 436 1388 458 v.
1409 436 1454 466 a.,

119 476 184 507 aut
209 473 350 508 Brutus
380 474 489 507 amici
520 474 560 506 in
586 484 696 507 causa
720 484 750 507 v.
772 473 858 507 aer.⁹
886 472 990 506 Boot.
1029 473 1040 516 ΙΙ
1083 472 1129 506 P.
1144 471 1233 506 327.
1251 476 1293 505 16
1319 472 1359 505 id
1385 482 1454 505 om,

118 519 261 564 Tyrrell
292 530 336 564 ep
368 524 436 553 416
462 520 610 559 invitus,
637 521 679 553 ut
703 519 857 561 videtur,
884 530 903 552 e
929 518 1052 552 Klotzi
1072 518 1159 553 edit.
1181 540 1226 544 —
1248 522 1288 552 17
1316 519 1455 553 devor-

117 568 215 602 soria
253 567 292 600 in
329 566 367 600 M
405 577 484 600 esse
522 568 707 600 testantur
733 565 846 600 Orelli
878 567 915 600 et
939 565 1130 599 Lehmann
1162 576 1217 610 ep.
1240 565 1302 600 sel.
1323 565 1374 599 ΠΙ
1399 569 1454 607 23,

118 613 245 647 Baiter
270 615 387 656 tacet,
414 614 584 648 deversor.
607 613 688 647 edd.
710 615 856 657 praeter
881 612 1078 647 Klotzium.
1123 612 1182 646 Ad
1205 625 1240 657 p.
1263 616 1317 647 78.
1340 616 1371 647 8.
1410 633 1456 638 -

119 664 163 694 28
189 661 327 704 scripsi,
352 661 407 694 his
426 660 692 704 Wesenbergio
720 662 867 694 auctore
886 661 1038 694 recentt.
1055 659 1149 701 edd,
1175 661 1317 703 scriptis
1338 659 1455 702 codd,

120 707 219 751 quod
261 718 335 741 non
381 718 469 741 sane
515 707 607 740 bene
652 706 818 740 defendit
862 706 901 741 O.
922 706 962 741 E.
996 706 1163 740 Schmidt
1199 706 1329 741 Philol.
1366 709 1455 740 1896

118 767 154 799 p.
178 758 242 788 721
259 765 312 788 eX.
351 775 396 779 -—
435 758 477 787 29
511 755 700 799 intelleges
726 753 990 798 Wesenbergio
1023 755 1172 787 auctore
1197 755 1350 788 recentt.
1372 753 1454 788 edd.

118 801 286 846 probab,
314 801 379 834 sed
403 800 560 834 fortasse
586 812 659 834 non
684 811 863 834 necessar.
885 822 930 825 —
955 800 1005 834 Ib.
1028 802 1123 835 desse
1148 801 1222 845 (des
1246 802 1323 836 sede
1349 812 1456 845 quam

120 849 174 891 M,
213 848 282 882 des.
303 849 363 882 sed
394 859 483 891 equa
509 847 570 891 W)
603 850 640 881 et
671 852 713 881 32
746 848 856 882 desset
887 848 993 891 (deest
1018 847 1118 891 MW)
1151 858 1235 890 scr„
1274 849 1388 882 deesse
1420 849 1457 881 et

120 897 249 930 deesset
274 895 356 930 edd.
394 894 436 929 V.
453 894 501 927 ad
525 894 610 928 fam.
625 907 660 939 p.
675 898 730 929 40.
747 898 800 937 33,
827 894 924 927 infra
949 906 982 938 p.
1000 898 1078 929 394.
1094 898 1126 937 6,
1146 898 1226 930 437.
1243 898 1296 938 16,
1316 898 1396 929 482.
1412 898 1454 927 22

121 944 159 976 et
178 946 233 984 28,
259 945 338 976 485.
355 945 409 983 26,
435 945 584 975 49018.
629 946 639 983 η
683 942 728 976 Ρ.
744 941 833 975 328.
850 945 869 974 6
895 942 1014 986 [meus
1039 942 1163 986 dolor]
1187 941 1288 985 Tyrr.
1305 952 1360 986 ep.
1375 945 1454 976 418.

122 1010 166 1014 ——
183 992 226 1022 22
237 1000 289 1031 sq.
305 989 541 1033 coffl'tatumst
560 988 703 1022 sci-bnd.
720 990 810 1031 erat,
831 999 903 1033 coy.
918 989 950 1022 si
968 987 1073 1030 MW,
1101 989 1148 1021 ad
1167 1001 1202 1032 p.
1219 992 1249 1023 1.
1267 993 1319 1022 11.
1341 1009 1386 1013 —
1412 992 1455 1022 25

121 1047 344 1070 accerserer
358 1034 455 1078 MW,
475 1035 598 1068 Lehm.
613 1034 800 1079 ep.sel.IH
815 1038 869 1076 24,
890 1046 1082 1069 arccsserer
1094 1035 1192 1079 vulg.
1213 1034 1256 1070 V.
1266 1038 1455 1079 p.508.17,
1490 1075 1497 1078 .

122 1086 200 1117 528.
221 1086 276 1125 22,
304 1086 381 1117 549.
403 1085 440 1125 6;
466 1094 501 1126 p.
524 1087 577 1116 11.
599 1086 620 1115 4
647 1080 672 1115 C
699 1082 839 1124 accersi,
866 1085 921 1116 21.
943 1085 985 1116 21
1014 1082 1094 1117 Sen.
1110 1083 1303 1124 accersivit,
1330 1093 1454 1117 arcess.

122 1126 246 1163 omnes
272 1141 308 1173 p.
324 1133 378 1162 30.
395 1133 426 1171 3,
453 1133 507 1164 40.
524 1133 578 1172 30,
605 1132 659 1163 65.
676 1133 695 1162 5
717 1130 753 1162 et
773 1133 828 1171 31,
855 1132 909 1163 76.
925 1132 980 1171 25,
1007 1132 1085 1164 215.
1101 1133 1145 1162 22
1167 1130 1204 1162 et
1223 1133 1278 1171 26,
1306 1133 1455 1171 229.14,

122 1180 272 1219 297.19,
297 1179 447 1219 41027,
473 1180 622 1218 41534,
648 1179 726 1210 428.
743 1180 797 1218 22,
824 1179 902 1210 439.
919 1179 974 1218 25,
1000 1179 1079 1210 440.
1095 1179 1126 1219 8,
1153 1179 1279 1218 4780,
1307 1180 1385 1211 550.
1401 1180 1456 1219 27,

123 1227 202 1259 555.
219 1226 274 1265 35,
301 1226 378 1257 564.
395 1227 425 1257 3.
464 1223 523 1256 Ad
542 1223 628 1257 fam.
643 1235 678 1267 p.
696 1226 772 1257 179.
789 1226 842 1257 20.
864 1244 908 1247 -
934 1222 985 1257 sb.
1000 1223 1185 1257 subiissem
1206 1222 1331 1265 Orelli,
1351 1223 1455 1257 Boot.

128 1291 166 1295 —
194 1273 237 1303 30
262 1281 360 1304 ‘nuuc
380 1270 568 1314 paulisper
586 1269 767 1310 Tunstall,
792 1269 901 1312 Bait,
927 1269 1032 1312 Boot,
1058 1269 1172 1314 Tyrr.,
1197 1281 1272 1304 uon
1291 1269 1458 1304 defendit

124 1316 326 1360 Sternkopf
346 1328 399 1360 pr.
419 1316 558 1351 Dortm.
583 1320 670 1350 1891
697 1329 732 1361 p.
749 1320 803 1358 23,
831 1316 900 1351 del.
922 1316 1046 1351 Lehm.
1067 1338 1111 1341 —
1137 1320 1180 1350 32
1202 1317 1354 1361 Reliquo
1374 1322 1456 1351 tem-

122 1375 207 1407 pore
233 1375 284 1397 me
309 1364 410 1397 domo
437 1364 559 1407 (doun)
584 1364 684 1398 tenui
703 1364 759 1398 Fr.
774 1363 959 1396 Hofmann
985 1374 1040 1407 ep.
1057 1363 1119 1398 sel.
1135 1364 1191 1398 ed.
1206 1363 1232 1406 I,
1260 1363 1461 1408 Sternkopf

123 1410 185 1445 1.1.
206 1422 240 1454 p.
257 1414 312 1453 24,
338 1410 517 1455 †Ree›’p›·o
536 1415 686 1454 tempore
706 1422 758 1444 me
777 1411 888 1444 domo.
926 1411 973 1445 Te
991 1422 1089 1445 nuuc
1107 1410 1245 1452 Baiter,
1272 1410 1456 1453 Wesenb,

124 1457 314 1490 Lehmann
347 1457 520 1491 cancellis
554 1459 688 1501 saept,
720 1457 815 1491 Boot
846 1457 938 1492 coni.
960 1457 1149 1501 Recz'pz‘am
1182 1457 1274 1501 (scil.
1293 1457 1456 1501 lictores)

124 1509 275 1547 tempore
300 1504 434 1538 idoneo.
458 1504 564 1538 Mitte
589 1516 704 1547 nunc,
744 1504 892 1547 Recipio
922 1508 1074 1548 tempore
1099 1515 1152 1538 me
1176 1505 1329 1539 domum.
1351 1505 1459 1539 Mitte

126 1562 223 1584 nunc
248 1550 407 1594 TyrreU,
442 1551 591 1594 Recipio
623 1555 773 1594 tempore
806 1550 897 1594 (scil.
918 1550 1092 1595 lictores).
1134 1551 1252 1595 Quare
1279 1562 1401 1595 prome
1426 1556 1458 1586 te

126 1609 224 1631 nuuc
255 1598 303 1631 ad
331 1597 418 1640 ΟΜ).
441 1596 481 1632 O.
496 1597 535 1632 E.
559 1597 724 1631 Schmidt
752 1597 838 1631 ‘Der
862 1597 1135 1632 Briefweohsel’
1162 1610 1198 1642 p.
1220 1602 1304 1640 209,
1340 1598 1458 1643 Quare

125 1655 199 1679 meo
224 1644 366 1678 nomine
391 1655 508 1678 norme
534 1644 582 1678 ad
610 1645 697 1688 Opp.
724 1644 795 1678 -ἓ
832 1644 931 1678 idem
954 1656 990 1689 p.
1012 1648 1091 1686 373,
1123 1645 1256 1679 Fasces
1278 1646 1459 1689 recipiunt

126 1695 278 1734 tempore
314 1691 450 1725 idoneo.
502 1691 619 1725 Petit-2·
649 1703 746 1725 nuuc
781 1692 826 1725 ab
860 1691 974 1735 Oppio
1006 1695 1038 1726 et
1067 1692 1185 1726 Balbo
1216 1691 1260 1726 H.
1287 1691 1328 1726 A.
1356 1691 1459 1725 Koch

130 1737 358 1771 ‘Zeitschrift
382 1737 406 1772 f.
429 1738 461 1772 d.
485 1737 618 1772 G.-W.’
646 1738 729 1771 XIV
749 1741 826 1772 884.
847 1758 891 1762 —
911 1737 962 1772 Ib.
984 1749 1036 1781 sq.
1056 1738 1119 1772 Ad
1147 1738 1302 1782 Oppium
1327 1742 1359 1773 et
1383 1739 1458 1782 (ad)

128 1784 287 1818 Balbum
311 1785 457 1828 scripsi,
489 1789 521 1819 et
545 1795 699 1828 quonam
724 1784 929 1827 Lehmann,
962 1785 1010 1819 ad
1036 1785 1207 1829 oppidum
1233 1789 1265 1819 et
1289 1786 1459 1829 quoniam

128 1831 245 1874 codd,
271 1831 408 1874 Baiter,
435 1832 482 1865 ad
505 1831 659 1875 Oppium
686 1831 751 1875 (sie
773 1830 810 1875 C)
837 1836 869 1866 et
893 1832 1061 1875 quoniam
1084 1831 1266 1874 Wesenb.,
1292 1832 1340 1865 ad
1358 1832 1458 1875 oppi-

127 1878 231 1911 dum:
256 1878 426 1922 quom'am
450 1878 545 1912 Boot
571 1878 681 1912 coni:
721 1879 829 1912 ZWz’lte
853 1889 950 1913 nunc
975 1879 1024 1912 ad
1052 1878 1208 1922 Oppium
1232 1882 1264 1913 et
1288 1878 1460 1920 Balbum»,

129 1935 282 1968 quonam
313 1925 369 1958 his
401 1926 438 1958 et
470 1925 523 1958 sic
548 1936 614 1959 ser.
635 1925 794 1968 Tyrrell,
824 1936 922 1959 nuuc
946 1925 995 1959 ad
1020 1925 1178 1958 Balbum
1203 1925 1331 1968 scripsi
1355 1929 1388 1959 et
1412 1925 1461 1959 ad

132 1970 297 2014 Oppium,
323 1983 514 2015 ecquonam
539 1983 618 2006 cum
642 1972 697 2006 his
717 1972 873 2015 placeret
892 1971 1093 2015 Sternkopf
1112 1982 1234 2015 progr.
1252 1971 1461 2005 Dortmund

131 2020 219 2050 1891
239 2029 274 2061 p.
290 2021 345 2060 24,
367 2019 414 2052 ad
437 2018 591 2062 Oppium
612 2023 643 2052 et
662 2018 876 2061 Cornelium,
896 2030 1088 2062 ecquonam
1106 2018 1162 2052 his
1182 2017 1222 2052 O.
1236 2018 1277 2053 E.
1293 2018 1461 2052 Schmidt

131 2063 219 2097 ‘Der
248 2064 519 2099 Briefweehsel'
541 2077 576 2109 p.
599 2068 664 2098 209
692 2067 729 2098 et
759 2069 836 2100 373.
863 2086 908 2090 -
941 2069 983 2098 35
1011 2065 1057 2099 Si
1081 2065 1175 2098 enim
1203 2086 1242 2089 -
1271 2069 1350 2101 329.
1371 2069 1390 2099 3
1407 2077 1458 2108 sq.

128 2121 274 2154 sperem,
297 2122 338 2145 ea
362 2132 407 2136 —
432 2113 655 2154 confirmant,
681 2123 770 2156 quae
794 2112 936 2156 quidem
960 2111 1083 2145 Lehm.
1106 2122 1150 2145 ex
1175 2111 1231 2146 ed.
1254 2110 1350 2148 Crat.
1367 2112 1461 2146 ‘sola

129 2157 255 2200 reote',
287 2157 409 2200 inquit
431 2158 504 2193 Att.
518 2171 553 2202 p.
571 2162 624 2201 74,
645 2159 755 2192 immo
780 2158 887 2201 male,
908 2160 950 2191 ut
970 2158 1107 2202 opinor.
1145 2160 1156 2202 Η
1199 2159 1245 2193 Ρ.
1263 2158 1353 2193 329.
1372 2163 1391 2192 3
1407 2170 1459 2202 sq.

130 2204 354 2246 confirmant,
379 2216 468 2248 quae
493 2206 634 2248 quidem
660 2206 742 2240 edd.
781 2226 824 2230 —-
863 2209 881 2238 5
911 2205 979 2239 Sed
1004 2215 1078 2238 uon
1102 2205 1242 2250 inteyra
1264 2207 1461 2249 praeterita

129 2249 173 2285 H.
188 2252 230 2285 A.
244 2250 348 2284 Koch
371 2262 462 2285 mus.
477 2251 592 2286 Rhen.
610 2255 697 2285 1857
724 2264 759 2295 p.
781 2255 859 2293 278,
885 2251 984 2285 idem
1008 2262 1130 2296 progr.
1144 2251 1241 2287 Port.
1258 2256 1347 2286 1868
1366 2265 1401 2297 p.
1417 2256 1461 2285 28

132 2297 320 2331 ‘Bootium
345 2297 601 2341 conjicientem
627 2298 677 2342 (in
705 2299 759 2332 ed.
780 2298 809 2341 Ι)
834 2298 895 2332 sed
919 2309 1027 2343 uryeo
1052 2298 1107 2332 ita
1133 2299 1362 2342 sequendum
1381 2310 1461 2332 esse
