1665 2553
340 661 415 714 Μ.
449 662 700 714 TULLI
735 661 1183 716 CICERONIS

268 779 775 826 EPISTULARUM
812 779 902 826 AD
942 780 1260 828 ATTICUM

380 892 554 934 LIBER
587 893 839 943 QUINTUS
871 894 1141 937 DEciMUs

746 1093 776 1135 I.

273 1172 346 1207 Ser.
369 1174 409 1207 in
435 1174 636 1209 Puteolano
662 1175 768 1209 XVI
788 1175 874 1210 Kal.
895 1176 980 1209 Iam.
1002 1188 1034 1210 a.
1058 1179 1130 1211 710
1157 1178 1244 1219 (44).

515 1255 682 1290 CICERO
709 1256 881 1291 ATTICO
909 1257 1006 1292 SAL.

179 1325 214 1368 O
241 1327 399 1368 factum
424 1328 532 1368 male
558 1328 608 1369 de
634 1327 856 1370 Alexione!
889 1328 1140 1371 Incredibile
1167 1333 1243 1382 est,
1270 1333 1429 1384 quanta
1455 1343 1472 1373 1

90 1400 157 1426 me
187 1386 384 1426 molestia
415 1386 626 1441 adfecerit,
656 1401 732 1428 nec
762 1388 999 1429 mehercule
1032 1403 1081 1429 ex
1114 1403 1161 1429 ea
1193 1392 1311 1442 parte
1342 1404 1427 1430 ma-

90 1444 214 1497 xime,
247 1445 359 1497 quod
389 1445 580 1498 plerique
611 1460 793 1487 mecum:
845 1446 929 1487 ‘Ad
961 1461 1085 1500 quem
1116 1448 1249 1501 igitur
1274 1451 1316 1488 te
1341 1462 1427 1488 me-

38 1519 72 1543 10
93 1502 231 1543 dicum
274 1503 506 1543 conferes?
559 1503 667 1552 Quid
710 1504 815 1544 mihi
860 1505 944 1545 iam
988 1506 1180 1546 medico?
1240 1506 1348 1561 Aut,
1391 1506 1426 1546 si

92 1575 198 1614 opus
225 1563 300 1615 est,
331 1563 450 1601 tanta
474 1562 618 1615 inopia
643 1563 737 1603 est‘?
780 1562 982 1603 Amorem
1008 1578 1108 1617 erga
1132 1579 1210 1618 me,
1235 1564 1426 1604 humani-

91 1622 224 1660 tatem
257 1619 593 1673 suavitatemque
626 1620 826 1661 desidero.
876 1621 1022 1662 Etiam
1047 1622 1163 1663 illud.
1215 1621 1323 1671 Quid
1350 1625 1426 1676 est,

92 1678 204 1732 quod
240 1692 327 1718 non
363 1678 743 1731 pertimescendum
781 1679 855 1734 sit,
891 1694 985 1720 cum
1023 1680 1239 1721 hominem
1270 1683 1426 1734 tempe-

90 1739 274 1789 rantem,
312 1751 524 1776 summum
561 1737 769 1778 medicum
807 1740 952 1778 tantus
997 1739 1214 1792 inproviso
1251 1739 1425 1780 morbus

38 1811 71 1836 15
94 1795 381 1848 oppresserit?
432 1794 513 1835 Sed
553 1795 604 1835 ad
640 1795 742 1836 haec
780 1796 921 1836 omnia
958 1811 1040 1836 una
1078 1797 1311 1838 consolatio
1351 1800 1427 1849 est,

93 1853 206 1906 quod
235 1867 282 1893 ea
313 1853 556 1894 condicione
586 1854 677 1894 nati
708 1869 866 1908 sumus,
897 1857 944 1895 ut
972 1855 1093 1909 nihil,
1125 1855 1237 1909 quod
1262 1855 1426 1896 homini

92 1911 276 1952 accidere
308 1912 457 1964 possit,
488 1926 679 1952 recusare
712 1912 948 1953 debeamus.

179 1969 242 2010 De
273 1969 463 2010 Antonio
500 1970 584 2010 iam
626 1973 748 2011 antea
786 1971 866 2011 tibi
905 1972 1054 2025 scripsi
1090 1986 1177 2012 non
1208 1987 1299 2013 esse
1330 1988 1425 2014 eum
1451 1985 1471 2015 2

92 2042 116 2068 a
141 2042 206 2068 me
232 2032 493 2068 conventum.
539 2028 666 2069 Venit
692 2029 803 2069 enim
823 2029 1046 2084 Misenum,
1067 2045 1160 2071 cum
1187 2045 1264 2085 ego
1292 2046 1426 2073 essem

39 2103 73 2127 20
92 2086 137 2126 in
161 2085 429 2139 Pompeiano.
480 2085 582 2126 Inde
607 2090 704 2127 ante
730 2088 944 2140 profectus
972 2091 1047 2142 est,
1074 2104 1200 2142 quam
1227 2103 1303 2142 ego
1331 2104 1426 2131 eum

92 2144 255 2184 venisse
287 2145 476 2197 cognovi.
528 2143 607 2185 Sed
640 2160 751 2199 casu,
782 2160 877 2186 cum
908 2147 1090 2200 legerem
1121 2150 1216 2187 tuas
1248 2148 1424 2203 litteras,

92 2201 259 2242 Hirtius
298 2206 387 2242 erat
425 2203 536 2256 apud
573 2218 638 2243 me
675 2204 720 2243 in
757 2203 1002 2245 Puteolano.
1064 2205 1117 2245 Ei
1155 2206 1240 2260 legi
1272 2209 1313 2247 et
1346 2207 1423 2261 egi.

91 2260 279 2300 Primum
314 2261 427 2314 quod
457 2261 666 2314 †attinet,
703 2262 812 2302 nihil
843 2263 949 2302 mihi
980 2264 1245 2318 concedebat,
1278 2264 1425 2305 deinde

93 2319 144 2359 ad
183 2333 389 2359 summam
428 2319 634 2359 arbitrum
671 2334 737 2360 me
779 2321 994 2361 statuebat
1023 2336 1110 2362 non
1140 2323 1265 2363 modo
1297 2322 1424 2364 huius
