1665 2553
174 84 257 126 188
635 85 684 119 Μ.
710 84 851 119 TULLI
876 84 1123 120 CICERONIS

172 180 404 221 amicorum
443 182 534 221 tum
572 194 622 221 ex
663 179 980 234 supplicatione.
1044 178 1177 228 Quam
1209 180 1282 234 qui
1312 194 1399 221 non
1436 179 1503 221 de-

173 238 320 293 crevit,
361 239 456 292 plus
489 238 684 293 decrevit,
716 253 842 291 quam
873 238 909 278 si
941 251 1084 278 omnes
1118 238 1324 280 decresset
1355 239 1503 280 trium—

172 296 291 350 phos.
358 297 413 338 Ei
455 311 582 351 porro
628 297 826 337 adsensus
871 298 934 336 est
971 310 1080 337 unus
1116 296 1336 338 familiaris
1373 311 1504 352 meus,

170 354 402 410 Favonius,
445 356 550 396 alter
586 355 741 410 iratus,
783 354 948 395 Hirrus.
1011 353 1116 396 Cato
1155 357 1295 396 autem
1333 358 1374 396 et
1406 356 1504 396 scri-

171 414 309 455 bendo
342 414 478 454 adfuit
509 416 551 454 et
582 413 634 454 ad
665 427 730 453 me
763 413 812 454 de
844 413 1052 454 sententia
1078 427 1153 454 sua
1178 413 1502 455 iucundissimas
1540 431 1559 458 5

171 472 338 513 litteras
375 472 504 513 misit.
567 471 648 512 Sed
685 474 825 512 tamen
863 471 1080 526 gratulans
1118 471 1224 512 mihi
1262 470 1416 513 Caesar
1454 472 1503 513 de

173 531 482 584 supplicatione
513 529 749 583 triumphat
782 530 831 570 de
862 530 1070 570 sententia
1096 528 1268 571 Catonis
1303 544 1380 571 nec
1406 531 1504 572 scri-

171 589 249 643 bit,
281 589 382 643 quid
412 589 483 629 ille
514 588 746 634 sententiae
778 589 948 643 dixerit,
985 589 1058 629 sed
1089 591 1266 643 tantum,
1298 589 1505 643 supplica-

172 648 334 688 tionem
364 662 459 688 eum
490 647 597 687 mihi
627 661 712 688 non
745 646 985 687 decrevisse.

261 705 402 747 Redeo
445 706 497 745 ad
539 705 724 746 Hirrum.
795 704 1000 759 Coeperas
1044 719 1139 746 eum
1175 705 1280 746 mihi
1320 705 1560 760 placare31o

172 764 334 818 perfice.
396 763 538 804 Habes
578 763 788 818 Scrofam,
824 764 954 805 habes
987 762 1148 805 Silium.
1209 763 1278 805 Ad
1316 778 1386 806 eos
1426 778 1503 820 ego

174 825 215 863 et
244 823 329 863 iam
361 825 482 863 antea
513 822 661 876 scripsi
693 823 746 863 ad
778 823 918 876 ipsum
942 822 1130 864 Hirrum.
1179 821 1367 864 Locutus
1394 823 1505 864 enim

175 883 263 922 erat
301 895 395 922 cum
431 881 484 922 iis
522 881 739 922 commode
777 895 820 922 se
851 882 1040 935 potuisse
1071 881 1291 936 impedire,
1330 881 1402 923 sed
1432 895 1506 922 no-

171 940 323 994 luisse,
354 939 578 981 adsensum
609 942 751 980 tamen
782 954 871 981 esse
904 938 1068 995 Catoni,
1099 940 1367 981 amicissumo
1398 953 1505 994 meo,

172 1013 267 1039 cum
297 998 334 1039 is
364 998 848 1039 honorificentissumam
873 999 918 1039 in
943 1013 1009 1038 me
1035 998 1287 1039 sententiam
1314 997 1560 1052 dixisset315

171 1071 248 1098 nec
291 1071 357 1097 me
400 1057 452 1097 ad
490 1071 533 1097 se
570 1057 678 1097 ullas
716 1057 880 1097 litteras
918 1057 1101 1113 misisse,
1144 1071 1238 1098 cum
1276 1057 1328 1098 ad
1362 1071 1506 1098 omnes

171 1116 396 1156 mitterem.
464 1114 624 1155 Verum
662 1115 835 1156 dicebat.
902 1114 970 1156 Ad
1008 1129 1102 1156 eum
1141 1116 1252 1157 enim
1289 1115 1426 1156 solum
1465 1117 1507 1156 et

174 1174 226 1214 ad
252 1172 543 1226 Crassipedem
574 1187 661 1214 non
692 1173 951 1226 scripseram.
1002 1173 1143 1227 Atque
1174 1173 1277 1214 haec
1303 1174 1353 1214 de
1378 1173 1505 1214 rebus

172 1231 430 1285 forensibus,
461 1231 680 1272 redeamus
713 1232 895 1272 domum.

260 1289 492 1344 Diiungere
534 1305 600 1330 me
644 1290 696 1330 ab
734 1290 808 1330 illo
846 1289 953 1331 volo.
1015 1289 1157 1330 Merus
1198 1292 1259 1330 est
1297 1291 1559 1344 φυρατής,ῑ>ο

171 1363 396 1404 germanus
428 1347 653 1389 Lartidius.

190 1430 339 1472 εἈλλὰ
370 1431 421 1471 τὰ
453 1427 533 1484 μὲν
564 1430 858 1485 προτετύχθαι
891 1430 1073 1484 ἐάσομεν
1106 1429 1348 1484 ἀχνύμενοί
1374 1430 1487 1484 περ.’

170 1523 351 1577 Reliqua
385 1524 675 1577 expediamus,
705 1523 786 1564 hoc
820 1523 1021 1578 primum,
1054 1523 1165 1577 quod
1199 1523 1373 1564 accessit
1407 1537 1507 1564 cura

171 1582 307 1624 dolori
338 1596 442 1623 meo.
507 1581 589 1623 Sed
626 1584 766 1622 tamen
797 1581 888 1635 hoc,
921 1582 1120 1636 quicquid
1152 1584 1226 1635 est,
1256 1581 1505 1622 Precianum

170 1655 266 1682 cum
306 1641 357 1682 iis
394 1641 652 1695 rationibus,
696 1654 799 1695 quas
830 1640 901 1681 ille
931 1655 1044 1681 meas
1075 1643 1250 1695 tractat,
1287 1639 1502 1680 admisceri
1523 1656 1556 1682 25

167 1700 280 1740 nolo.
344 1698 502 1753 Scripsi
539 1700 590 1740 ad
622 1699 878 1754 Terentiam,
916 1699 1066 1752 scripsi
1108 1699 1234 1739 etiam
1268 1698 1320 1739 ad
1352 1697 1504 1751 ipsum,

168 1772 248 1813 me,
274 1758 475 1812 quicquid
500 1772 667 1811 possem
691 1771 971 1811 nummorum,
992 1757 1042 1798 ad
1068 1759 1316 1811 apparatum
1340 1756 1504 1810 sperati

169 1816 375 1870 triumphi
417 1817 468 1857 ad
505 1819 546 1857 te
584 1816 860 1857 redacturum.
921 1815 988 1856 Ita
1024 1818 1127 1869 puto
1166 1816 1362 1869 ἄμεμπτοι
1393 1814 1502 1868 fore3

168 1889 314 1916 verum
346 1879 394 1915 ut
425 1875 599 1916 lubebit.
649 1873 770 1915 Hanc
802 1888 969 1928 quoque
1001 1873 1166 1927 suscipe
1191 1887 1343 1926 curam,
1377 1886 1502 1926 quem

170 1934 220 1974 ad
251 1934 423 1974 modum
455 1934 727 1987 experiamur.
776 1932 824 1972 Id
856 1935 903 1972 tu
934 1934 975 1973 et
1002 1931 1222 1973 ostendisti
1249 1931 1500 1985 quibusdam
1521 1948 1554 1973 30

169 1992 323 2032 litteris
362 2006 411 2032 ex
442 1992 573 2046 Epiro
612 2005 668 2033 cm
705 1990 885 2032 Athenis
923 1990 1051 2045 datis,
1095 1992 1136 2031 et
1172 1989 1217 2030 in
1256 2003 1303 2030 eo
1345 2003 1421 2044 ego
1461 1992 1503 2030 te

170 2050 389 2092 adiuvabo.
