1665 2553
149 2132 169 2162 1

201 91 286 132 140
627 90 675 126 M.
703 90 844 124 TULLI
869 89 1117 125 CICERONIS

199 185 407 237 ‘o’cvesst'o'cv’
447 186 493 227 in
535 200 669 226 unum
713 200 870 226 annum
913 185 1142 226 meditatus
1189 200 1292 226 sum.
1359 184 1543 227 Proinde

199 259 355 300 pugna,
385 259 450 300 ne,
483 245 520 286 si
553 245 655 298 quid
686 247 965 299 prorogatum
998 244 1066 298 sit,
1098 245 1237 298 turpis
1268 244 1470 286 inveniar.

289 302 415 345 Nunc
446 304 583 357 redeo,
616 303 668 344 ad
694 317 801 356 quae
826 303 933 344 mihi
958 303 1144 344 mandas.
1194 303 1224 358 ’ᾗ
1249 303 1294 343 in
1318 303 1542 357 praefectis

201 363 417 404 excusatio
449 362 515 416 iis,
547 376 654 416 quos
686 362 821 415 voles,
859 361 1031 403 deferto.
1091 361 1192 403 Non
1224 376 1294 403 ero
1326 365 1415 402 tam
1446 377 1542 416 μετ-

203 421 352 476 έωρος,
391 435 518 475 quam
555 421 601 461 in
637 420 849 474 Appuleio
887 420 964 461 fui.v
1029 419 1247 461 Xenonem
1283 423 1373 461 tam
1411 420 1541 475 diligo

203 495 330 534 quam
362 483 422 534 tu,
455 480 568 533 quod
599 479 740 533 ipsum
773 479 930 520 sentire
955 482 1070 520 certo
1099 479 1196 520 scio.
1245 479 1374 533 Apud
1397 477 1543 520 Patro-

201 553 301 579 nem
333 541 375 579 et
406 538 594 592 reliquos
627 538 807 578 barones
838 540 881 579 te
906 539 952 578 in
976 537 1162 578 maxima
1186 539 1326 592 gratia
1351 537 1476 591 posui
1502 540 1544 578 et

200 597 372 638 hercule
415 597 589 638 merito,
614 599 689 638 tuo
734 596 826 638 feci.
900 595 1013 637 Nam
1056 596 1163 636 mihi
1202 595 1313 637 Ister
1351 596 1458 637 dixit
1501 599 1544 637 te

203 655 424 709 scripsisse
458 656 509 696 ad
541 670 585 696 se
616 655 724 696 mihi
755 669 805 696 ex
836 655 953 696 illius
979 655 1136 696 litteris
1162 669 1251 696 rem
1276 655 1395 696 illam
1421 669 1544 696 curae

201 714 346 769 fuisse,
390 714 502 768 quod
534 714 573 755 ei
604 716 851 768 pergratum
884 716 985 755 erat.
1048 712 1141 768 Sed,
1173 728 1269 755 cum
1299 713 1428 755 Patro
1459 728 1543 754 me-

202 787 298 814 cum
340 773 515 827 egisset,
556 775 604 813 ut
635 776 823 826 peterem
855 787 879 814 a
909 775 1051 813 vestro
1083 772 1313 827 Ariopago,
1350 773 1544 827 ὑπομνη-

202 834 418 886 ματισμὸυ
462 831 682 886 tollerent,
727 845 852 885 quem
889 830 1170 885 Polycharmo
1209 833 1404 886 praetore
1440 831 1545 872 fece-

202 893 317 945 rant‚
363 890 625 931 commodius
668 890 808 931 visum
853 893 917 930 est
961 893 1002 930 et
1039 889 1207 931 Xenoni
1244 893 1285 931 et
1323 892 1422 944 post
1460 889 1545 944 ipsi

201 948 380 990 Patroni
417 963 484 990 me
517 949 569 990 ad
598 948 848 990 Memmium
881 949 1081 1003 scribere⁷
1120 949 1193 1002 qui
1224 949 1377 1002 pridie,
1417 963 1543 1002 quam

204 1022 282 1063 ego
314 1007 508 1049 Athenas
539 1007 654 1062 veni,
694 1007 924 1061 Mytilenas
956 1007 1172 1061 profectus
1205 1010 1311 1061 erat,
1342 1010 1392 1048 ut
1422 1008 1460 1048 is
1492 1007 1544 1048 ad

203 1081 303 1108 suos
336 1067 541 1107 scriberet
571 1080 697 1120 posse
729 1066 773 1106 id
804 1081 880 1107 sua
909 1066 1129 1107 voluntate
1154 1066 1258 1107 fieri.
1307 1064 1408 1107 Non
1433 1066 1544 1107 enim

202 1125 428 1166 dubitabat
465 1125 603 1178 Xeno,
645 1124 749 1178 quin
785 1125 837 1165 ab
869 1123 1134 1179 Ariopagitis
1175 1125 1310 1166 invito
1342 1124 1544 1166 Memmio

202 1183 423 1237 impetrari
447 1197 535 1223 non
560 1185 714 1236 posset.
764 1182 991 1223 Memmius
1018 1186 1158 1224 autem
1185 1183 1430 1224 aedificandi
1450 1196 1545 1224 con-

202 1242 346 1282 silium
373 1241 601 1295 abiecerat3
628 1241 701 1282 sed
727 1244 816 1282 erat
835 1241 1011 1282 Patroni
1030 1241 1178 1282 iratus.
1222 1240 1373 1295 Itaque
1392 1241 1543 1294 scripsi

203 1300 256 1341 ad
282 1315 379 1341 eum
406 1302 616 1353 accurate3
643 1300 762 1340 cuius
789 1300 997 1353 epistulae
1021 1300 1121 1341 misi
1147 1300 1199 1340 ad
1223 1302 1265 1341 te
1291 1299 1541 1353 exemplum.
1563 1317 1578 1340 2

291 1359 355 1400 Tu
393 1359 521 1399 velim
558 1357 711 1399 Piliam
743 1359 848 1399 meis
880 1359 1022 1399 verbis
1055 1358 1281 1400 consolere.
1343 1358 1542 1399 Indicabo

203 1417 316 1458 enim
347 1417 440 1472 tibi,
478 1419 527 1457 tu
558 1417 623 1457 illi
654 1417 762 1457 nihil
794 1417 958 1458 dixeris.
1021 1416 1178 1471 Accepi
1208 1417 1467 1472 fasciculum,
1499 1417 1545 1458 in

203 1491 287 1530 quo
321 1479 411 1517 erat
444 1475 625 1529 epistula
655 1475 800 1517 Piliae.
856 1475 1042 1530 Abstuli7
1075 1476 1232 1531 aperui,
1264 1475 1360 1531 legi.
1409 1475 1544 1518 Valde

202 1535 361 1588 scripta
398 1536 463 1575 est
505 1539 761 1588 συμπαθῶς.
822 1534 1050 1575 Brundisio
1085 1532 1192 1588 quae
1223 1534 1305 1576 tibi
1337 1534 1544 1588 epistulae

201 1593 390 1634 redditae
421 1595 523 1633 sunt
554 1593 645 1634 sine
676 1607 781 1647 mea,
820 1596 912 1634 tum
944 1593 1140 1634 videlicet
1173 1593 1304 1647 datas,
1336 1607 1431 1634 cum
1464 1606 1541 1647 ego

200 1666 269 1693 me
305 1667 393 1693 non
430 1651 541 1692 belle
571 1651 783 1693 haberem.
845 1651 958 1693 Nam
990 1652 1107 1692 illam
1139 1652 1169 1706 ἦ·
1199 1667 1445 1706 νομαναρια
1474 1666 1542 1692 me

201 1711 516 1752 excusationem
546 1724 599 1751 ne
631 1710 848 1764 acceperis.
900 1709 1023 1766 Cura,
1055 1713 1102 1751 ut
1131 1710 1272 1752 omnia
1297 1710 1439 1764 sciam,
1471 1709 1543 1751 sed

198 1770 382 1811 maxime
413 1772 463 1810 ut
493 1769 644 1810 valeas.

823 1884 918 1927 XII.

376 1966 451 2002 Ser.
472 1967 513 2001 in
539 1967 654 2001 medio
680 1966 776 2000 mari
800 1966 888 2001 med.
909 1977 953 2000 m.
979 1965 1102 2011 Quint.
1124 1976 1156 2000 α.
1180 1966 1250 1999 703
1280 1966 1369 2008 (51).

624 2047 792 2082 CICERO
820 2046 992 2083 ATTICO
1021 2047 1118 2082 SAL.

285 2119 521 2175 Negotium
565 2134 769 2174 magnum
814 2122 877 2160 est
913 2119 1114 2173 navigare
1153 2120 1281 2172 atque
1319 2119 1364 2159 id
1399 2132 1541 2159 mense

198 2177 414 2226 Quinctili.
455 2178 585 2220 Sexto
606 2179 672 2220 die
690 2178 846 2219 Delum
866 2177 1048 2218 Athenis
1068 2177 1271 2218 venimus.
1314 2177 1380 2218 Pr.
1395 2175 1542 2218 Nonas

197 2234 430 2283 Quinctiles
463 2252 487 2277 a
511 2237 661 2278 Piraeo
695 2237 747 2278 ad
772 2236 946 2277 Zostera
976 2238 1102 2276 vento
1135 2236 1334 2290 molest03
1366 2235 1439 2289 qui
1463 2249 1541 2276 nos

191 2293 351 2334 ibidem
376 2293 514 2335 Nonis
549 2295 698 2336 tenuit.
748 2294 862 2335 Ante
894 2305 977 2334 VIII
1003 2293 1102 2334 Idus
1136 2294 1188 2334 ad
1220 2292 1305 2335 Ceo
1344 2293 1540 2348 iucunde3

1563 730 1598 755 10

1564 1023 1599 1049 15

1563 1608 1596 1634 25

1562 1971 1596 1997 30

1560 2308 1640 2340 35?
