1665 2553
648 76 686 110 P.
710 80 904 111 145—151.
1335 78 1449 111 XLIX

109 170 185 204 iam
215 169 385 214 Malasp.,
417 169 559 212 Baiter,
592 169 765 204 Wesenb.
798 190 843 194 —
875 173 918 203 28
945 181 1067 204 caram
1098 181 1140 204 ac
1170 182 1236 205 scr.
1269 170 1447 204 Fleckeis.

111 215 232 250 annal.
257 220 345 250 1898
371 229 406 261 p.
428 220 495 250 849
526 227 592 259 ex,
618 221 692 252 tam
722 228 844 252 earam
869 228 911 251 ac
935 216 979 250 H.
1006 217 1047 251 A.
1075 217 1178 251 Koch
1202 228 1322 262 progr.
1349 217 1446 251 Port.

113 267 201 297 1868
227 275 262 307 p.
282 267 346 305 -23,
378 265 453 298 iam
484 263 620 298 Romae
655 263 758 298 codd.
792 263 854 307 (ad
883 275 918 307 p.
941 267 994 297 54.
1018 266 1085 308 15),
1113 276 1195 298 cum
1221 275 1326 298 cruce
1352 265 1447 305 edd.,

110 311 183 344 iam
216 314 352 345 ‘natura
384 312 529 355 (amore)
562 310 686 344 Lehm.
710 309 1001 344 ‘Jahresbericht
1033 310 1095 345 des
1127 311 1255 355 philol.
1276 311 1444 345 Vereins’

115 360 204 391 1888
242 369 278 402 p.
301 360 366 390 257
407 357 451 391 cf.
479 356 545 391 VH
572 362 602 392 2.
625 361 662 400 4,
703 357 814 391 ‘Fort
848 358 1075 401 quadrimam
1112 357 1169 392 vel
1206 363 1309 393 tanta
1346 356 1447 403 ῥώμῃ

109 403 168 437 vel
198 409 374 439 moratam
405 405 570 439 iucunde.
620 404 693 438 Des
725 404 850 447 modo,
883 403 1015 447 lector,
1047 404 1112 438 1'110
1145 404 1224 439 loco
1260 404 1341 449 (VH
1360 410 1390 439 2.
1412 408 1446 449 4)

112 451 259 493 collato,
285 451 346 485 hic
371 450 488 485 latere
515 456 645 496 στοργῇ
673 451 740 485 sub
767 451 914 494 Romae,
941 453 979 485 et
1004 451 1127 485 omnia
1154 454 1261 486 erunt
1285 452 1444 496 prolixa'

110 497 272 542 Tyrrell,
304 498 371 532 tibi
400 500 475 532 'iam
507 497 599 543 ὁρμῇ
633 499 828 533 iuczmdam
851 497 985 532 Purser
1018 498 1109 532 ‘The
1136 498 1241 532 class.
1268 499 1370 533 Rev.'
1398 498 1448 532 XI

112 548 201 578 1897
227 557 262 589 p.
285 547 362 579 305.
414 544 520 578 Nihil
552 545 686 579 certius
719 555 831 588 quam
859 546 934 579 ‘iam
958 544 1045 579 ferri
1070 556 1143 579 non
1168 556 1287 590 posse.
1320 567 1365 570 —
1403 549 1446 579 29

110 603 350 636 quamquam
376 603 442 625 scr.
463 613 508 616 —
529 596 572 625 32
595 592 725 626 Melita
753 591 976 634 Gassendus,
1002 592 1111 634 Bait,
1133 592 1247 636 Tyrr,
1267 592 1446 636 Pluygers

109 638 242 672 Mnem.
265 642 352 672 1881
380 651 414 683 p.
432 642 509 680 128,
542 651 572 673 v.
587 638 833 672 VVachsmuth
855 638 938 673 ‘Die
964 638 1074 672 Stadt
1095 639 1218 673 Athen
1244 639 1295 672 im
1326 639 1445 673 Alter-

109 685 228 719 thum’
252 686 267 718 I
288 689 366 727 265,
389 689 468 728 618,
489 689 567 729 685,
588 686 719 720 militia
735 685 838 719 codd.
860 688 906 729 (p.
925 690 1000 720 143.
1018 688 1086 730 19),
1105 685 1216 728 Wes.,
1245 698 1327 720 cum
1341 697 1446 720 cruce

108 732 212 766 Boot.
239 753 284 757 *-
310 736 354 766 34
380 734 542 767 certarit
573 744 651 771 scr..
678 737 826 767 certaret
856 732 972 775 codd„
998 737 1153 767 certarat
1176 744 1290 777 marg.
1318 733 1444 767 Lanib.

111 783 212 822 1584,
238 779 349 823 vulg„
368 783 531 813 certasset
551 779 626 813 alii.
648 779 689 813 V.
712 779 760 813 ad
778 791 813 823 p.
834 783 865 813 8.
880 783 935 821 33,
961 783 1040 813 434.
1056 783 1111 823 24,
1137 779 1261 814 Vatin.
1278 784 1331 814 69.
1349 784 1402 814 26.
1435 780 1447 826 Η

157 826 202 861 Ρ.
218 825 307 860 149.
329 829 348 859 6
374 838 404 860 v.
426 826 580 860 Schiche
604 837 725 871 progr.
751 825 868 860 Berol.
891 830 981 860 1897
1006 838 1041 870 p.
1062 830 1211 870 24—27,
1238 827 1342 862 XJV
1357 828 1444 862 Kal.

108 873 190 907 Ian.
212 873 348 916 Baiter,
376 873 466 907 XII
479 873 566 907 Kal.
586 874 668 906 Ian.
692 873 733 918 (ἕ
753 876 872 907 8-10
898 873 931 906 V
946 873 1034 907 Kal.
1053 874 1136 907 Ian.
1158 875 1327 917 paitllove
1347 877 1444 918 post)

108 919 282 954 W'esenb.
314 940 360 944 —
392 923 433 953 11
467 930 559 964 erqo
590 919 733 963 Tyrrell
759 930 814 964 ep.
848 923 914 953 228
947 920 1063 962 tacit,
1097 920 1193 964 Quid
1223 920 1330 966 erqo?
1373 921 1443 955 del.

106 968 243 1009 faciam
267 966 422 1000 Ernesto
450 969 598 1000 auctore
631 966 797 1000 Schuetz.
824 987 869 992 -—
897 970 939 1000 17
965 968 1179 1002 celebritate
1203 967 1241 1000 M
1250 983 1257 1010 ς
1285 968 1333 1001 ad
1357 968 1443 1002 fam.

109 1017 186 1047 221.
202 1017 235 1055 4,
262 1012 386 1054 Quint.
403 1013 493 1047 decl.
509 1017 574 1047 301
602 1025 635 1057 p.
654 1017 731 1047 189.
744 1018 798 1048 29.
820 1034 865 1038 -—
893 1016 934 1047 18
962 1025 1033 1057 qua
1052 1015 1118 1048 iter
1136 1019 1213 1048 erat
1232 1015 1323 1048 coni.
1338 1015 1444 1056 Boot,

107 1071 197 1104 qaae
235 1062 312 1104 (que
337 1059 388 1105 M)
418 1065 522 1094 erant
559 1060 679 1102 eodd.,
714 1071 795 1093 cum
832 1071 937 1094 cruce
967 1060 1110 1103 Baiter,
1141 1060 1251 1104 Boot,
1290 1061 1443 1105 Tyrrell,
1492 1076 1499 1079 ·

107 1118 197 1151 quae
222 1112 324 1142 erant
348 1108 389 1141 in
412 1108 539 1142 itinere
564 1106 749 1149 Wesenb.,
776 1119 848 1151 qua
873 1108 1000 1150 ieram,
1036 1119 1125 1152 quae
1149 1108 1356 1151 intererant,
1379 1121 1445 1153 per

107 1165 198 1198 quae
223 1158 300 1188 erat
329 1155 411 1196 iter,
437 1165 546 1198 usque
570 1153 800 1197 Hierapolim
826 1156 891 1187 aut
914 1154 1086 1197 Hieram,
1112 1166 1202 1198 qaae
1227 1160 1330 1190 erma
1353 1156 1445 1198 πρὸς

108 1199 331 1244 Μαιάνδρου
358 1200 433 1234 alii.
484 1199 535 1234 Cf.
557 1200 627 1245 leg.
649 1211 724 1245 agr.
745 1212 779 1244 p.
808 1204 885 1234 217.
908 1205 961 1234 25.
989 1222 1034 1226 —
1066 1205 1108 1234 21
1134 1203 1331 1245 superioris
1356 1214 1443 1246 qaa-

106 1248 287 1290 clrienm'iss
316 1248 408 1282 idem
435 1247 593 1289 Corrad„
619 1247 772 1291 Tyrrell.
810 1268 855 1272 —
887 1251 930 1281 22
959 1247 1111 1282 Colossis
1141 1247 1295 1283 Schiche
1320 1260 1441 1294 progr.

107 1294 226 1328 Berol.
243 1298 331 1329 1897
352 1306 387 1339 p.
403 1297 435 1337 8,
458 1294 637 1338 ‘spatium
655 1305 811 1328 vacuum
831 1296 973 1338 septem
993 1294 1069 1328 fere
1089 1294 1312 1329 litterarum'
1334 1296 1382 1330 M.
1398 1317 1442 1321 —

107 1345 149 1375 31
174 1341 423 1385 Cappadociae
443 1343 475 1383 (e
495 1353 526 1375 v.
542 1345 597 1380 28;
623 1353 653 1374 v.
671 1341 718 1374 ad
743 1354 778 1385 p.
794 1346 848 1374 24.
865 1344 899 1386 8)
925 1352 993 1376 om.
1020 1341 1194 1376 Wesenb.
1220 1342 1232 1388 Η
1269 1343 1441 1378 Ρ.15Ο.2

106 1389 283 1423 divortio
304 1387 415 1429 VVes„
447 1388 552 1430 Boot,
579 1388 679 1432 Tyrr.
719 1388 777 1421 Ad
802 1388 888 1422 fam.
908 1400 943 1432 p.
959 1392 1014 1422 40.
1029 1393 1061 1431 4,
1088 1389 1148 1422 hic
1174 1401 1207 1433 p.
1226 1393 1279 1424 78.
1297 1393 1327 1424 8.
1349 1410 1395 1416 -
1422 1394 1441 1425 8

107 1435 282 1469 Dareum
295 1435 399 1477 Boot,
417 1434 518 1478 Tyrr.
544 1435 603 1468 Ad
622 1434 708 1468 fam.
723 1439 870 1479 p.5.·25;
893 1435 1177 1470 cf.Aleseaiidrea
1192 1436 1239 1469 ad
1252 1440 1441 1480 p.270.29,

107 1481 271 1516 Seleucea
297 1485 374 1515 345.
392 1485 446 1524 21,
472 1483 670 1516 Antiochea
696 1486 773 1515 345.
791 1486 845 1524 22,
870 1482 1050 1516 Heraclea
1075 1486 1153 1517 529.
1169 1487 1206 1525 4;
1232 1484 1442 1529 Lyearyeits

109 1532 162 1562 15.
180 1532 210 1570 7,
233 1528 367 1572 Cyreus
389 1532 464 1562 115.
482 1532 536 1571 26,
557 1529 762 1572 Epicureus
775 1532 919 1572 405.35,
940 1533 1061 1572 4234,
1080 1530 1295 1564 Antiochius
1314 1534 1392 1564 402.
1411 1536 1440 1573 1,

106 1579 185 1609 404.
196 1579 227 1617 6,
243 1579 385 1617 40611,
400 1579 521 1617 4131,
533 1576 782 1609 Arelziloehius
797 1579 850 1609 66.
861 1579 915 1618 21,
931 1579 984 1610 67.
995 1578 1037 1609 32
1048 1576 1241 1622 3Areopa9.
1255 1577 1303 1610 ad
1315 1589 1350 1621 p.
1362 1582 1439 1611 140.

108 1625 161 1656 10.
182 1643 228 1647 -
250 1627 291 1655 11
311 1623 463 1656 Interim
483 1622 586 1656 codd.
602 1624 638 1655 Σ
654 1622 792 1665 rLehm.
806 1622 883 1656 Att.
897 1626 997 1666 p.11,
1011 1626 1067 1665 47,
1083 1627 1175 1666 134),
1197 1634 1264 1657 om.
1282 1628 1325 1666 A,
1346 1624 1439 1661 edd..

105 1668 122 1686 '³‘
137 1668 236 1703 Wes.
257 1689 303 1693 —
322 1672 366 1702 30
381 1680 458 1712 sqq.
473 1670 592 1711 fossa:
610 1680 735 1714 ayyere
748 1690 793 1694 —
812 1674 1014 1713 apparatu,-
1033 1670 1154 1704 maltis
1166 1670 1303 1713 Baiter,
1323 1671 1418 1713 fossa
1428 1685 1440 1712 ,-

206 1727 213 1733 .
244 1736 290 1740 —
446 1720 459 1738 φ
607 1716 620 1735 ,”
1000 1729 1006 1734 .
1036 1737 1081 1740 —
1294 1731 1321 1738 .,

105 1727 497 1807 ἓξὲἵῗκοδᾷῗρέξὲἑῖέ
516 1715 1439 1807 ἬἷέἷῗρῖἕΞῗ-ῑὲζῗεῗὲῑιὲἕὲθῖξῦονεῗΡέΞῗΞζέἷΞῖὴ.”ἒέξῖΞ-ῗ

106 1829 151 1833 -
164 1812 209 1842 34
222 1810 413 1853 mancipiis
428 1809 511 1843 add.
524 1809 552 1842 T
555 1821 625 1852 yrr.
638 1811 764 1852 (nume.
778 1812 932 1853 eoecept),
944 1810 1042 1854 equis
1056 1811 1207 1853 exceptis
1220 1810 1328 1853 Bait„
1343 1811 1439 1854 equi-

106 1856 171 1890 bus
195 1867 266 1890 eoee.
286 1855 335 1899 M,
361 1857 512 1900 captivis
536 1856 688 1899 exceptis
708 1855 818 1898 Wes,
844 1856 947 1899 Boot,
975 1856 1040 1890 sed
1058 1856 1191 1890 Mnem.
1209 1860 1298 1889 1892
1319 1868 1355 1900 Ρ.
1372 1861 1439 1890 120

105 1903 258 1946 exeeptis
283 1904 450 1946 captivis,
477 1903 707 1947 principibus
732 1914 803 1937 exc.
836 1902 1025 1936 Lehmann
1053 1902 1343 1936 ‘Jahresbericht
1375 1903 1440 1938 des

105 1949 232 1992 philol.
254 1948 420 1983 Vereins’
444 1953 533 1983 1888
553 1961 587 1993 Ρ.
610 1953 687 1983 257.
709 1970 753 1974 —
773 1953 816 1982 36
836 1950 961 1991 tertiis,
987 1961 1095 1993 quum
1119 1950 1204 1983 haec
1228 1950 1440 1984 scribebam:

104 1996 146 2028 in
158 1996 335 2030 tribunali
347 1995 532 2039 Wesenb.,
546 1996 649 2038 Boot,
664 1996 816 2039 Tyrress.
849 1998 860 2040 ss
896 1996 1042 2030 P.151.
1054 2000 1094 2028 13
1110 1996 1324 2039 πεφύσημᾱι
1345 1997 1437 2032 coni.

106 2040 278 2076 VVesenb.
307 2044 385 2087 (aut
409 2042 670 2087 πεφυσίαμαι),
703 2042 857 2077 Muecke
882 2053 1003 2086 progr.
1030 2041 1140 2075 Ilfeld
1167 2046 1256 2076 1878
1281 2055 1315 2087 p.
1337 2048 1437 2087 4sq.,

105 2087 214 2131 Boot,
240 2090 475 2124 ΠΕΦΕΕΙΩΑΙ
501 2089 555 2132 Μ,
590 2088 825 2133 πεφυσίωμαι
851 2089 1006 2130 Victor,
1032 2089 1175 2131 Baiter,
1213 2089 1366 2133 Tyrrell.
1393 2111 1439 2116 —

105 2138 149 2168 24
165 2146 217 2178 sq.
243 2135 284 2169 in
315 2147 352 2170 eo
387 2136 469 2170 add.
490 2135 533 2170 H.
555 2136 596 2170 A.
618 2136 720 2170 Koch
745 2147 866 2180 progr.
887 2135 1052 2169 Pol-tens.
1076 2138 1164 2169 1868
1189 2147 1225 2180 p.
1253 2140 1296 2169 23
1318 2148 1369 2180 sq.
1392 2137 1435 2171 cf.

103 2193 138 2225 p.
155 2186 209 2215 69.
225 2185 280 2223 31,
300 2185 378 2216 418.
394 2187 448 2225 27,
475 2182 540 2224 Qu.
556 2182 662 2216 fr.111
683 2187 712 2216 1.
730 2187 747 2216 1
765 2193 796 2216 a.
810 2193 876 2224 ex,
903 2182 994 2215 coni.
1010 2181 1120 2224 YVes„
1149 2183 1272 2226 ‘aegre
1294 2183 1437 2217 deside-

103 2228 176 2261 rat'
204 2228 307 2262 Boot.
358 2229 463 2263 Adde
488 2241 522 2273 p.
551 2233 628 2263 331.
658 2233 712 2270 25,
740 2229 784 2262 de
811 2240 859 2262 or.
887 2228 920 2261 H
940 2232 983 2261 36
1011 2238 1064 2262 eX.
1093 2232 1170 2270 113,
1197 2229 1302 2263 Tusc.
1323 2230 1355 2263 H
1382 2235 1436 2265 22.

103 2279 148 2308 53
168 2287 226 2316 m.,
254 2274 334 2308 Sen.
360 2275 480 2309 benef.
506 2275 556 2308 IV
582 2280 635 2309 36.
659 2279 689 2318 3,
717 2275 830 2309 Scrib.
851 2274 958 2319 Larg.
981 2278 1046 2308 227
1072 2287 1106 2319 p.
1135 2279 1189 2310 91.
1219 2280 1259 2309 11
1288 2276 1438 2321 Hehnr.,

174 2339 233 2365 Cic.
253 2340 339 2371 epist.
368 2340 407 2364 11.
1201 2334 1225 2369 d
