1665 2553
208 79 294 119 412
632 81 680 115 M.
707 81 848 116 TULLI
873 81 1121 117 CICERONIS

809 234 942 276 XXV.

397 314 470 348 Ser.
493 316 532 348 in
563 315 769 349 Tusculano
795 316 858 349 IV
880 316 936 350 Id.
968 316 1088 361 Quint.
1111 328 1143 350 α.
1166 319 1237 351 709
1265 319 1354 359 (45).

611 396 800 432 CICERO
825 397 1016 432 ATTICO
1040 397 1148 432 SAL.

296 467 359 507 De
390 466 676 521 Andromene,
720 471 767 509 ut
808 469 975 523 scribis,
1016 469 1077 509 ita
1114 471 1319 522 putaram.
1382 469 1541 512 Scisses

208 526 320 566 enim
357 526 546 580 mihique
579 527 767 568 dixisses.
829 527 893 568 Tu
924 531 1067 569 tamen
1097 529 1157 568 ita
1189 528 1294 569 mihi
1326 529 1375 570 de
1406 529 1540 571 Bruto
1579 547 1594 571 5

208 585 373 638 scribis,
411 588 459 625 ui:
496 585 545 626 de
582 588 624 629 te
660 586 780 626 1111111.
843 586 1016 635 Quando
1056 589 1196 627 autem
1233 587 1355 627 illum
1386 589 1541 641 putas?

206 643 318 684 Nam
355 657 432 697 ego
465 643 646 685 Romam
682 645 816 698 pridie
854 645 964 686 Idus.
1027 644 1161 685 Bruto
1200 645 1260 686 ita
1295 646 1412 687 volui
1445 647 1541 687 3011-

207 702 304 743 bere
343 701 451 757 (sed,
495 703 694 756 quoniam
725 706 772 744 tu
804 706 846 744 ’ce
878 704 1029 757 legisse
1062 704 1229 757 scribis,
1267 704 1328 744 fui
1359 705 1540 746 fortasse

207 760 531 816 ἀσαφέστερος),
562 776 628 802 1110
655 776 703 802 ex
730 763 816 802 tuis
842 762 997 803 litteris
1023 762 1283 803 intellexisse
1307 763 1421 804 nolle
1446 778 1541 804 eum

206 834 273 860 me
311 819 431 873 quasi
468 820 750 874 prosequendi
783 821 848 861 sui
880 835 1005 862 031133
1034 820 1214 861 Romam
1244 836 1357 862 1111110
1387 823 1539 863 venire.
1558 839 1594 866 1ο

208 877 305 931 Sed,
344 878 543 932 quoniam
573 879 658 919 iam
689 879 806 920 adesb
837 894 955 921 meus
988 880 1209 935 adventus,
1246 880 1332 934 fac,
1373 895 1540 934 quaeso,

204 951 257 977 ne
290 937 391 990 quid
423 952 519 978 eum
537 936 636 978 Idus
662 938 906 993 impedianss,
939 953 1021 992 quo
1047 939 1188 979 minus
1216 953 1292 979 suo
1319 940 1538 980 commodo

204 996 249 1035 in
281 995 518 1036 Tusculano
557 996 623 1037 sit.
685 996 775 1037 Nec
812 997 921 1037 enim
954 997 1006 1038 ad
1036 997 1226 1038 tabulam
1259 1011 1352 1038 eum
1385 998 1540 1039 deside-

203 1057 374 1094 rassurus
417 1068 530 1095 eram
568 1054 631 1110 (in
668 1055 745 1096 tali
784 1056 895 1096 enim
925 1056 1098 1110 negotio
1130 1070 1203 1096 cur
1234 1058 1283 1096 tu
1314 1071 1422 1096 unus
1454 1071 1541 1097 non

207 1113 310 1153 satis
355 1112 465 1168 es‘?]),
510 1113 580 1153 sed
618 1113 670 1154 ad
706 1116 1008 1155 testamentum
1047 1114 1262 1169 volebam,
1306 1114 1418 1168 quod
1454 1115 1538 1155 iam
1559 1130 1592 1156 15

204 1171 314 1211 111310
353 1171 436 1211 3110
465 1171 546 1224 die,
584 1186 635 1212 ne
668 1172 721 1212 ob
755 1187 846 1213 eam
877 1187 1045 1213 causam
1076 1172 1254 1213 Romam
1286 1173 1450 1214 venisse
1482 1174 1540 1214 vi-

205 1229 313 1269 dear.
376 1229 531 1282 Scripsi
572 1230 705 1284 igitur
743 1231 794 1270 ad
826 1231 1008 1271 Brutum
1045 1231 1130 1271 13111
1160 1231 1283 1283 illud,
1324 1231 1435 1284 quod
1466 1246 1539 1284 pu-

204 1291 379 1342 tassem,
424 1287 570 1328 Idibus
608 1288 717 1328 nihil
758 1303 863 1342 opus
904 1304 1003 1330 esse.
1074 1288 1215 1329 Velim
1258 1303 1357 1343 ergo
1399 1293 1540 1330 totum

203 1346 284 1386 1100
314 1346 375 1386 ita
405 1346 627 1401 gubernes,
658 1349 706 1386 ut
736 1361 789 1387 ne
820 1347 993 1388 minima
1027 1348 1195 1401 quidem
1226 1362 1271 1388 re
1302 1348 1389 1388 ulla
1415 1347 1539 1389 Bruti

205 1405 470 1445 commodum
501 1405 788 1458 impediamus.
1559 1423 1592 1448 20

294 1462 373 1503 Sed
405 1463 506 1517 quid
538 1466 601 1504 esb
631 1464 812 1516 tandem,
851 1464 963 1518 quod
994 1464 1302 1519 perhorrescas,
1334 1464 1431 1518 quia
1463 1467 1537 1506 tuo

203 1521 388 1575 periculo
427 1522 596 1562 iubeam
633 1522 765 1564 libros
799 1523 888 1563 dari
920 1522 1133 1568 Varroni?
1183 1523 1327 1563 Etiam
1358 1537 1469 1564 nunc
1502 1523 1538 1563 si

203 1580 383 1632 dubitas,
420 1581 498 1634 fac,
536 1584 584 1621 ut
616 1581 807 1622 sciamus.
869 1580 991 1621 Nihil
1023 1584 1083 1622 est
1116 1582 1227 1622 0111111
1257 1581 1343 1622 11113
1376 1581 1538 1635 elegan-

202 1639 299 1679 hius.
360 1638 471 1679 Volo
503 1638 755 1693 Varronem,
792 1640 1040 1693 praesertim
1078 1655 1172 1680 cum
1203 1640 1275 1680 ille
1307 1640 1537 1693 desiderebg

204 1697 276 1737 sed
308 1700 382 1751 est,
413 1700 461 1738 ut
494 1698 586 1751 3013,
1558 1715 1591 1740 25

288 1779 448 1827 ‘deivos-
480 1779 606 1833 ἀνήρ·
657 1780 764 1833 τάχα
795 1795 870 1821 κεν
900 1778 971 1820 καὶ
1005 1779 1203 1821 ἀναίτιον
1235 1779 1461 1835 αἰτιόῳτο.’

201 1872 267 1913 Ita
303 1872 408 1912 mihi
441 1887 562 1926 saepe
595 1873 777 1913 occurrit
808 1873 951 1913 vultus
989 1873 1077 1914 eius
1111 1872 1324 1938 querenfiis
1355 1872 1537 1913 fortasse

201 1931 268 1971 vel
302 1931 399 1984 hoc,
442 1945 555 1971 meas
591 1931 725 1984 partis
763 1931 808 1971 in
844 1931 897 1971 iis
938 1931 1060 1972 libris
1099 1931 1310 1984 copiosius
1343 1930 1535 1971 defensas

202 2003 290 2030 esse
327 2004 453 2043 quam
495 2004 609 2043 suas,
653 1990 764 2042 quod
796 1989 1031 2030 mehercule
1062 2004 1149 2030 non
1179 2004 1266 2030 esse
1298 1989 1535 2043 intelleges,

202 2048 236 2087 si
278 2048 442 2101 quando
474 2048 518 2088 in
558 2047 738 2101 Epirum
775 2048 948 2088 veneris.
1016 2047 1126 2088 Nam
1162 2062 1273 2088 nunc
1313 2047 1533 2088 Alexionis
1554 2065 1588 2089 30

203 2106 396 2158 epistulis
434 2106 629 2147 cedimus.
693 2106 774 2147 Sed
810 2109 953 2147 {namen
991 2119 1067 2160 ego
1107 2120 1194 2147 non
1233 2106 1407 2159 despero
1439 2120 1534 2159 pro-

202 2163 348 2205 batum
387 2165 440 2205 iri
471 2164 655 2205 Varroni
693 2167 734 2205 eb
764 2164 823 2218 id,
861 2165 1061 2218 quonjam
1092 2165 1325 2218 impensam
1356 2164 1533 2204 fecimus

201 2221 245 2261 in
275 2223 542 2276 macrocolla,
581 2223 701 2264 facile
731 2223 872 2276 patior
904 2223 1047 2264 teneri.
1111 2221 1202 2277 Sed,
1244 2222 1372 2263 etiam
1405 2225 1533 2276 atque

200 2280 327 2320 etiam
358 2281 462 2336 dico,
495 2284 569 2322 tuo
602 2282 787 2335 periculo
819 2281 902 2322 fiet.
966 2281 1113 2336 Quare,
1146 2281 1181 2322 si
1213 2280 1449 2336 addubitas,
1481 2280 1533 2320 ad
