1665 2553
193 91 280 133 364
618 92 666 126 Μ.
695 92 835 127 TULLI
861 92 1110 127 CICERONIS

788 246 933 288 XVIII

468 327 542 362 Ser.
563 327 722 361 Asturae
753 327 788 361 V
808 327 866 361 Id.
887 327 1000 362 DIart.
1023 340 1055 362 a.
1079 331 1150 363 709
1177 331 1267 372 (45).

597 408 788 443 CICERO
812 408 1005 444 ATTICO
1030 409 1138 443 SAL.

280 480 394 522 Dum
436 480 746 521 recordationes
786 481 923 535 fugio,
962 495 1069 534 quae
1102 481 1223 535 quasi
1255 495 1400 522 morsu
1433 496 1534 535 quo-

193 540 289 580 dam
333 539 522 580 dolorem
566 538 773 594 efficiunt,
819 540 984 594 refugio
1031 539 1082 580 ad
1125 543 1168 580 te
1213 539 1532 581 admonendum.
1571 556 1588 583 5

192 597 315 647 Quod
356 598 484 638 velim
521 597 629 638 mihi
665 598 881 653 ignoscas,
924 598 1179 639 cuicuimodi
1217 601 1292 639 est.
1360 598 1534 640 Etenim

191 657 327 697 habeo
368 671 454 696 non
491 656 632 696 nullos
673 671 723 696 ex
754 656 826 710 iis,
867 671 973 710 quos
1005 671 1117 697 nunc
1148 657 1294 698 lectito
1329 660 1535 713 auctores,

195 716 267 769 qui
311 715 452 755 dicant
495 715 586 755 fieri
630 715 673 755 id
718 718 930 769 oportere,
974 715 1086 769 quod
1125 730 1249 769 saepe
1285 718 1426 756 tecum
1467 717 1535 770 egi

195 777 235 814 et
275 773 387 827 quod
426 789 449 814 a
486 776 528 814 te
567 773 794 827 approbari
833 773 950 829 volo,
994 774 1043 814 de
1080 774 1178 814 fano
1220 774 1294 814 illo
1328 774 1442 829 dico,
1485 775 1534 816 de

193 847 276 886 quo
310 835 489 887 tantum,
523 834 729 886 quantum
761 846 827 873 me
861 847 989 886 amas,
1021 832 1148 873 velim
1180 833 1352 887 cogites.
1403 833 1534 887 Equi·
1555 852 1588 875 10

193 891 287 931 dem
318 905 453 944 neque
487 890 535 931 de
562 904 713 945 genere
739 890 887 931 dubito
917 890 1073 946 (placet
1100 891 1212 932 enim
1238 891 1345 932 mihi
1372 890 1533 948 Cluati)

191 964 327 1003 neque
366 950 415 990 de
453 963 499 990 re
537 947 767 1003 (statutum
806 952 870 990 est
903 948 1053 1005 emm),
1092 950 1141 991 de
1172 950 1266 991 loco
1297 965 1386 991 non
1414 965 1534 991 num-

193 1023 331 1062 quam.
386 1007 527 1048 Velim
559 1008 693 1062 igitur
724 1008 897 1062 cogites
954 1008 1060 1063 Ego,
1094 1011 1298 1062 quantum
1330 1009 1399 1050 his
1431 1012 1535 1050 tem—

191 1067 368 1120 poribus
419 1069 508 1107 tam
561 1067 738 1107 eruditis
783 1067 875 1107 fieri
918 1068 1125 1120 potuerit,
1175 1068 1367 1121 profecto
1416 1068 1534 1109 illam

193 1125 446 1166 consecrabo
475 1125 589 1165 omni
614 1140 765 1179 genere
797 1125 1157 1166 monimentorum
1183 1126 1235 1166 ab
1263 1127 1453 1167 omnium
1472 1127 1534 1167 in-
1552 1144 1587 1170 15

193 1183 328 1238 geniis
368 1186 634 1237 sumptorum
666 1187 708 1223 et
740 1182 997 1224 Graecorum
1029 1187 1069 1225 et
1100 1184 1362 1225 Latinorum.
1419 1184 1533 1233 Quae

193 1256 259 1282 res
303 1242 487 1282 forsitan
530 1241 586 1281 sit
630 1242 878 1282 refricatura
915 1243 1068 1283 vulnus
1107 1257 1257 1283 meum.
1330 1242 1411 1283 Sed
1448 1244 1532 1284 iam

193 1300 315 1353 quasi
351 1303 452 1340 voto
486 1300 667 1353 quodam
699 1303 740 1340 et
772 1301 983 1353 promisso
1015 1315 1082 1341 me
1113 1301 1249 1341 teneri
1281 1304 1406 1356 puto,
1443 1301 1532 1342 lon-

193 1372 377 1413 gumque
408 1358 514 1399 illud
544 1360 723 1412 tempus,
764 1373 860 1399 cum
890 1373 977 1399 non
1009 1373 1093 1414 ero,
1123 1360 1260 1413 magis
1293 1374 1359 1400 me
1391 1363 1533 1401 movet

194 1432 320 1470 quam
351 1416 431 1458 hoc
463 1417 675 1471 exiguum,
707 1417 819 1470 quod
851 1417 957 1457 mihi
982 1420 1125 1458 tamen
1151 1418 1331 1458 nimium
1355 1418 1532 1473 longum
1553 1437 1587 1461 20

193 1475 369 1516 videtur.
430 1474 579 1516 Habeo
618 1475 729 1515 enim
767 1475 877 1516 nihil
908 1477 1130 1530 temptatis
1164 1477 1290 1517 rebus
1325 1477 1534 1532 omnibus,

193 1535 238 1574 in
283 1548 365 1588 quo
410 1534 681 1587 acquiescam.
743 1532 873 1587 Nam,
913 1534 1012 1575 dum
1050 1535 1156 1575 illud
1193 1535 1446 1591 tractabam,
1484 1536 1534 1576 de

195 1607 277 1646 quo
317 1592 368 1633 ad
405 1595 447 1633 te
481 1595 576 1634 ante
609 1592 778 1647 scripsi,
820 1593 941 1646 quasi
973 1593 1168 1634 fovebam
1200 1594 1365 1635 dolores
1397 1609 1532 1648 meos,

192 1665 305 1691 nunc
346 1651 487 1691 omnia
522 1666 677 1704 respuo
714 1665 790 1692 nec
830 1652 1056 1705 quicquam
1092 1652 1226 1693 habeo
1266 1652 1532 1693 tolerabilius

194 1724 321 1763 quam
355 1709 643 1764 solitudinen13
677 1724 815 1764 quam,
848 1710 960 1763 quod
992 1725 1106 1751 eram
1137 1711 1311 1766 veritus,
1341 1725 1428 1751 non
1459 1710 1531 1751 ob·
1551 1727 1584 1753 25

192 1768 383 1809 turbavit
408 1767 642 1822 Philippus.
693 1767 817 1824 Nam,
848 1771 896 1808 ut
926 1768 1018 1809 heri
1043 1784 1110 1810 me
1138 1769 1352 1823 salutavit,
1385 1769 1529 1810 statim

192 1826 374 1867 Romam
405 1827 619 1880 profectus
652 1830 726 1867 est.

282 1885 550 1940 Epistulam,
596 1900 722 1939 quam
767 1885 818 1926 ad
856 1885 1054 1939 Brutum,
1098 1889 1146 1926 ut
1186 1886 1266 1926 tibi
1304 1885 1531 1942 placuerat,

194 1943 359 1997 scripsi,
402 1944 500 1984 misi
544 1944 595 1984 ad
638 1947 690 1984 te.
759 1942 938 1985 Curabis
981 1959 1075 1985 cum
1119 1947 1193 1985 tua
1229 1944 1529 1998 perferendam.

192 2001 299 2042 Eius
332 2005 473 2042 tamen
504 2002 602 2042 misi
628 2002 680 2042 ad
710 2004 752 2043 te
785 2002 1036 2057 exemplum,
1067 2005 1128 2058 ut,
1159 2003 1195 2043 si
1225 2002 1366 2043 minus
1395 2003 1530 2057 pla-ce-
1549 2020 1582 2045 30

193 2063 269 2113 ret,
300 2075 351 2100 ne
383 2061 585 2101 mitteres.

281 2117 526 2160 Domestica
570 2119 682 2173 quod
726 2119 786 2159 ais
825 2119 971 2160 ordine
1010 2119 1315 2174 administrari,
1359 2120 1530 2175 scribes,

195 2190 299 2228 quae
333 2177 417 2217 sint
450 2192 506 2218 ea.
558 2176 770 2225 Quaedam
803 2178 915 2218 em'm
943 2180 1149 2231 exspecto.
1201 2176 1399 2219 Cocceius
1435 2178 1528 2219 vide

192 2247 244 2273 ne
281 2234 520 2276 frustretur.
582 2234 711 2289 Nam,
754 2235 861 2276 Libo
901 2236 1014 2289 quod
1054 2236 1296 2291 pollicetur,
1339 2239 1387 2276 ut
1417 2236 1527 2277 Eros

194 2291 359 2347 scribit,
401 2307 487 2334 non
527 2294 736 2335 incertum
773 2297 888 2348 puto.
950 2294 1014 2335 De
1056 2297 1170 2335 sorte
1209 2309 1302 2335 mea
1340 2293 1526 2348 Sulpicio
1547 2311 1580 2337 35
