1665 2553
169 76 227 118 90
596 75 644 109 M.
671 74 813 109 TULLI
838 72 1087 109 CICERONIS

772 227 907 269 XVII.

359 309 432 345 Sor.
458 309 729 344 Thessalonicae
749 319 807 352 pr.
828 308 926 342 Non.
954 307 1046 352 Sept.
1073 318 1106 342 a.
1135 309 1208 341 696
1235 308 1326 350 (58).

596 389 763 425 CICERO
787 388 962 424 ATTICO
989 388 1087 423 SAL.

259 462 323 504 De
343 462 501 511 Quinto
527 463 658 503 fratre
683 461 824 502 nuntii
848 461 973 502 nobis
998 460 1144 501 tristes
1168 474 1244 501 nec
1267 460 1373 501 varii
1392 473 1511 500 vene-

172 525 269 563 rant
301 536 352 563 ex
389 524 486 562 ante
523 521 634 562 diem
664 528 739 561 ΙΙΙ
763 518 995 561 Νο11.11111.
1028 533 1161 573 usque
1193 518 1244 559 ad
1280 518 1385 572 prid.
1416 517 1510 559 Kal.

174 579 287 634 Sept.
350 580 415 622 Eo
449 583 589 629 autem
622 579 687 620 die
718 577 947 634 Livineius,
978 577 1023 618 L.
1049 576 1205 632 Reguli
1235 576 1429 631 libertus,
1461 534 1564 618 ad5

172 654 240 680 me
280 654 304 679 a
347 639 513 693 Regulo
555 638 710 679 missus
753 637 880 678 venit
954 635 996 678 Is
1041 636 1211 677 0111111110
1253 635 1514 677 mentionem

171 698 336 738 1111116111
365 698 521 738 factam
554 711 643 737 esse
673 695 900 751 nuntiavit,
933 695 1005 736 sed
1034 695 1165 736 fuisse
1190 696 1334 735 tamen
1359 708 1513 735 sermo-

171 771 269 797 nem
300 756 349 797 de
382 755 425 797 O.
459 755 580 797 Clodi
610 755 713 810 filio,
743 755 863 808 isque
893 753 1000 795 1111111
1031 768 1060 808 Τ
1084 754 1155 807 q‘fii
1184 753 1316 794 fratre
1346 752 1512 794 litteras

173 814 331 855 attulit.
392 813 473 855 Sed
509 814 714 868 postridie
754 812 865 854 Sesti
896 812 1017 867 pueri
1046 813 1270 865 venerunt,
1310 811 1384 865 qui
1415 825 1439 852 a
1469 813 1512 852 te
1532 828 1566 852 10

172 873 339 914 litteras
373 873 610 913 attulerunt
639 886 728 914 non
757 874 846 912 tam
871 871 1111 925 exploratas
1143 885 1167 911 a
1192 870 1355 923 timore,
1387 883 1513 924 quam

174 946 311 972 sermo
343 931 509 972 Livinei
539 931 689 972 fuerat.
741 930 849 972 Sane
881 944 975 971 sum
1005 930 1051 971 in
1080 943 1174 970 meo
1204 928 1372 969 infinito
1404 942 1514 969 mae-

173 1005 269 1032 rore
302 990 511 1031 sollicitus
545 993 586 1031 et
618 1004 666 1031 eo
697 989 846 1043 magis,
878 988 991 1043 quod
1020 988 1135 1042 Appi
1167 987 1358 1042 quaestio
1390 989 1465 1028 est.

263 1047 425 1102 Cetera,
457 1063 562 1102 quae
594 1048 646 1089 ad
673 1062 740 1088 1116
760 1048 916 1088 615(16111
939 1047 1096 1088 litteris
1123 1046 1272 1087 scribis
1293 1045 1342 1086 de
1365 1047 1513 1086 nostra

175 1122 266 1162 spe,
302 1107 505 1161 intellego
539 1121 629 1147 esse
665 1106 949 1161 languidiora,
993 1120 1120 1159 quam
1159 1104 1232 1145 alii
1273 1104 1512 1145 ostendunt
1532 1119 1565 1146 15

174 1165 270 1219 Ego
303 1168 462 1218 autem,
500 1165 700 1218 quoniam
730 1178 818 1205 non
847 1164 974 1218 longe
1005 1163 1057 1204 ab
1090 1177 1138 1204 eo
1169 1165 1361 1216 tempore
1392 1162 1514 1203 absu-

175 1235 298 1278 mUS,
313 1223 359 1264 in
390 1237 473 1277 quo
506 1237 572 1263 res
604 1222 915 1276 diiudicabitur,
947 1224 1030 1262 aut
1052 1221 1105 1262 ad
1135 1224 1178 1261 te
1209 1220 1422 1262 conferam
1445 1234 1513 1261 me

176 1285 250 1323 aut
282 1282 410 1322 etiam
434 1295 547 1322 nunc
572 1281 728 1322 circum
752 1280 855 1321 haec
884 1281 976 1321 1066
1002 1279 1304 1321 commorabor.
1355 1277 1513 1320 Scribit

176 1340 228 1381 ad
258 1354 325 1381 me
355 1340 486 1380 fratei
519 1340 660 1380 omnia
691 1353 766 1380 sua
797 1353 870 1393 per
901 1341 943 1380 te
969 1353 1100 1379 unum
1132 1337 1343 1378 sustineri
1405 1336 1513 1386 Quid

175 1402 217 1439 te
250 1401 323 1439 aut
353 1398 511 1451 horter,
543 1398 655 1452 quod
685 1398 802 1451 facis,
834 1400 907 1438 aut
933 1411 1055 1452 agam
1081 1397 1254 1452 gratias,
1285 1395 1397 1450 quod
1425 1409 1514 1437 non
1532 1412 1566 1437 20

177 1457 421 1511 exspectas?
467 1456 650 1497 Tantum
669 1456 796 1497 velim
815 1456 988 1497 fortuna
1007 1456 1077 1496 det
1095 1455 1220 1496 nobis
1245 1456 1513 1509 potestatem,

175 1519 223 1556 ut
253 1515 484 1556 incolumes
517 1529 659 1556 amore
686 1517 834 1556 nostio
867 1514 1143 1568 perfruamur
1205 1513 1316 1554 Tuas
1346 1513 1512 1554 litteras

176 1588 339 1627 semper
370 1573 553 1614 maxime
590 1576 805 1628 exspecto,
849 1573 894 1614 in
937 1573 1091 1627 quibus
1129 1586 1227 1613 cave
1262 1585 1430 1612 vereare
1459 1585 1513 1612 ne

176 1635 250 1673 aut
281 1632 502 1686 diligentia
533 1634 607 1673 tua
637 1632 743 1673 1111111
773 1631 954 1672 molesta
985 1633 1059 1672 aut
1078 1631 1233 1672 veritas
1266 1629 1414 1671 acerba
1445 1629 1511 1670 sit.

174 1689 286 1732 Data
316 1705 377 1745 pr.
409 1689 556 1732 Nonas
589 1689 702 1745 Sept.
1531 1702 1565 1729 25

766 1805 920 1848 XVIII.

352 1888 426 1923 Ser.
456 1887 728 1922 [Thessalonicae
751 1887 866 1922 medio
890 1898 935 1920 m.
963 1885 1056 1930 Sept.
1084 1897 1116 1919 a.
1145 1888 1217 1920 696
1244 1886 1334 1928 (58).

599 1967 766 2003 CICERO
792 1966 965 2002 ATTICO
992 1966 1088 2001 SAL.

263 2040 640 2095 Exspectationem
674 2040 799 2082 nobis
837 2054 924 2080 non
954 2053 1128 2093 parvam
1159 2037 1380 2093 attuleras,
1417 2051 1513 2078 cum

176 2099 404 2152 scripseras
429 2098 669 2140 Varronem
699 2098 780 2139 tibi
811 2112 888 2152 pro
916 2096 1101 2138 amicitia
1126 2096 1395 2137 confirmasse
1420 2110 1512 2136 cau·
1531 2110 1565 2135 30

177 2171 265 2197 sam
301 2160 491 2198 nostram
521 2156 772 2210 Pompeium
808 2158 919 2197 certe
957 2156 1252 2220 suscepturum
1288 2156 1347 2208 et,
1386 2153 1513 2195 simul

176 2229 200 2254 a
227 2213 401 2255 Caesare
427 2215 465 2255 ei
489 2215 669 2268 litterae,
702 2229 804 2269 quas
831 2215 1103 2267 exspectaret,
1133 2213 1335 2254 1611115566
1360 2213 1512 2265 essent,

176 2274 361 2312 actorem
393 2273 521 2313 etiam
552 2273 760 2314 daturum.
822 2271 979 2313 Utrum
1009 2271 1052 2311 id
1082 2271 1191 2311 nihil
1221 2271 1320 2326 fuit,
1361 2284 1415 2311 an
1445 2268 1513 2310 ad-

1652 2226 1654 2248 ι

1652 2264 1654 2292 I

1652 2302 1653 2323 1
