1665 2553
310 77 647 113 EPISTULARUM
672 77 736 112 AD
761 77 976 112 ATTICUM
1001 78 1051 113 VI
1076 81 1107 122 8,
1134 82 1166 114 9.
1330 79 1412 121 183

709 230 782 273 IX.

398 311 472 346 δον.
493 312 645 347 Athenis
669 312 725 346 Id.
750 312 821 347 Oct.
844 323 876 346 a.
898 314 969 347 ¹704
995 314 1085 356 (50).

501 393 668 428 CICERO
694 393 867 428 ATTICO
894 393 991 428 SAL.

163 465 216 506 In
251 465 424 507 Piraeea
463 480 557 506 cum
595 466 774 506 exissem
811 465 945 520 pridie
985 465 1085 507 Idus
1119 465 1308 523 Octobr,
1348 482 1411 509 ac-

40 543 57 568 5
76 524 167 579 cepi
201 524 252 565 ab
279 524 449 580 Acasto,
480 538 600 565 servo
632 539 738 579 meo,
772 524 918 565 statim
948 527 1044 565 tuas
1071 525 1247 567 litteras.
1299 524 1411 574 Quas

78 583 246 638 quidem
277 597 372 624 cum
404 585 713 637 exspectassem
744 583 829 624 iam
854 583 937 638 diu,
969 584 1200 625 admiratus
1227 600 1333 640 sum,
1363 588 1412 626 ut

76 642 163 684 vidi
196 642 466 696 obsignatam
499 642 738 697 epistulam,
769 641 1023 683 brevitatem
1049 642 1150 698 eius,
1181 645 1229 684 ut
1255 644 1413 699 aperui,

76 715 224 742 rursus
265 701 479 754 σύγχυσιν
515 700 819 756 litterularum,
857 700 955 754 quia
993 701 1130 742 solent
1167 704 1265 743 tuae
1304 716 1414 743 com-

78 760 366 814 positissimae
399 761 440 800 et
474 759 730 801 clarissimae
757 773 858 813 esse,
889 774 947 814 ac,
976 773 1029 800 ne
1054 760 1201 816 multa,
1232 762 1412 815 cognovi

25 836 59 861 ιο
79 833 130 860 ex
163 832 223 871 9ο,
256 817 367 871 quod
399 818 460 858 ita
492 818 729 873 scripseras,
759 820 802 859 te
827 817 1007 858 Romam
1039 819 1201 860 venisse
1235 834 1268 860 a.
1290 820 1325 860 d.
1347 832 1412 860 XII

77 876 171 918 Kal.
199 876 286 917 Oct.
314 890 409 917 cum
439 876 558 917 febri.
609 875 838 917 Percussus
869 876 1139 918 vehementer
1163 892 1239 919 nec
1263 878 1411 932 magis,

79 950 206 990 quam
247 935 390 990 debui,
434 935 581 975 statim
620 949 774 988 quaero
813 950 862 976 ex
898 934 1068 976 Acasto.
1135 935 1211 978 Ille
1249 939 1291 978 et
1330 937 1411 977 tibi

81 997 122 1035 et
154 993 236 1035 sibi
267 993 407 1034 visum
438 996 480 1034 et
510 993 572 1034 ita
604 1008 647 1034 se
680 993 792 1034 domi
824 1008 873 1035 ex
905 994 990 1035 tuis
1023 993 1199 1049 audisse,
1230 998 1279 1036 ut
1303 995 1413 1036 nihil

80 1054 191 1094 esset
220 1052 494 1093 incommode.
555 1051 604 1092 Id
634 1052 855 1092 videbatur
887 1052 1139 1109 approbare,
1180 1053 1291 1108 quod
1323 1056 1412 1095 erat

27 1127 60 1153 15
79 1112 124 1152 in
164 1113 369 1165 extremo,
411 1110 658 1152 febriculam
697 1113 789 1151 tum
828 1113 870 1151 te
912 1110 1139 1152 habentem
1182 1112 1411 1166 scripsisse.

81 1168 162 1210 Sed
197 1172 238 1210 te
278 1169 414 1210 amavi
450 1170 593 1210 tamen
630 1169 944 1223 admiratusque
983 1184 1096 1224 sum,
1134 1171 1247 1224 quod
1275 1171 1410 1212 nihilo

80 1228 220 1269 minus
261 1227 312 1268 ad
352 1241 419 1268 me
458 1229 533 1267 tua
576 1241 703 1267 manu
748 1227 999 1281 scripsisses.
1071 1227 1207 1277 Quare
1245 1229 1294 1270 de
1332 1229 1411 1270 hoc

81 1286 195 1327 satis.
259 1285 389 1339 Spero
423 1285 546 1339 enim,
578 1300 684 1339 quae
714 1288 788 1326 tua
819 1286 1041 1339 prudentia
1067 1290 1108 1327 et
1134 1288 1414 1342 temperantia

82 1348 163 1400 est,
201 1348 238 1385 et
265 1344 450 1398 hercule,
491 1346 539 1384 ut
569 1358 635 1385 me
666 1344 784 1385 iubet
815 1343 1009 1399 Acastus,
1047 1346 1210 1387 confido
1243 1349 1285 1387 te
1316 1347 1413 1402 iam,

28 1420 62 1445 20
81 1406 129 1444 ut
160 1403 367 1457 volumus,
397 1402 547 1443 valere.

170 1460 210 1501 A
234 1460 441 1501 Turranio
466 1463 509 1501 te
535 1461 742 1514 accepisse
767 1475 880 1502 meas
906 1461 1070 1502 litteras
1097 1462 1269 1516 gaudeo.
1321 1466 1412 1504 Πα-
1439 1481 1457 1503 z

82 1518 350 1574 ραφύλαξον,
382 1519 418 1559 81
447 1534 513 1559 me
546 1534 673 1574 amas,
708 1520 788 1573 τὴν
818 1526 896 1562 τοῦ
929 1527 1127 1574 φυρατοῦ
1160 1524 1414 1576 φιλοτιμίαν

83 1578 304 1619 αὐτότατα.
366 1576 502 1632 Hanc,
540 1591 645 1631 quae
681 1578 917 1619 mehercule
949 1578 1054 1619 mihi
1090 1593 1244 1633 magno
1278 1580 1414 1621 dolori

83 1639 147 1677 est
180 1634 336 1692 (dilexi
368 1635 479 1676 enim
508 1635 771 1692 hominem),
803 1651 996 1691 procura,
1029 1638 1414 1692 quantulacumque

31 1711 63 1737 25
83 1697 164 1748 est,
206 1693 449 1735 Precianam
491 1693 767 1735 hereditatem
810 1709 983 1748 prorsus
1021 1695 1091 1735 ille
1128 1709 1180 1736 ne
1219 1697 1412 1751 attingat.

83 1752 207 1794 Dices
237 1766 434 1793 nummos
463 1752 568 1792 mihi
595 1767 700 1806 opus
726 1767 817 1793 esse
844 1753 896 1793 ad
922 1755 1171 1822 apparatum
1197 1754 1413 1808 triumphi.

83 1809 134 1852 In
166 1825 268 1865 quo,
305 1813 353 1851 ut
384 1810 609 1865 praecipis,
644 1825 720 1851 nec
750 1826 815 1852 me
847 1812 976 1852 κενὸν
1008 1811 1051 1851 in
1083 1812 1316 1865 expetendo
1350 1827 1415 1853 co-

85 1882 259 1923 gnosces
288 1883 365 1910 nec
396 1870 566 1923 ἄτυφον
597 1869 641 1909 111
672 1869 898 1910 abiciendo.

170 1926 367 1968 Intellexi
403 1942 453 1968 ex
493 1927 579 1968 tuis
610 1927 764 1967 litteris
795 1929 838 1968 te
869 1942 921 1968 ex
951 1927 1157 1969 Turranio
1193 1928 1359 1971 audisse
1391 1944 1414 1970 a
1440 1961 1446 1968 .

33 2002 66 2027 30
85 1999 152 2025 me
188 1985 448 2038 provinciam
485 1985 607 2026 fratri
647 1985 856 2026 traditam.
917 1984 1067 2027 Adeon
1098 2000 1174 2041 ego
1205 2000 1293 2027 non
1323 2002 1413 2041 per-

86 2056 301 2096 spexeram
337 2044 603 2097 prudentiam
638 2044 878 2085 litterarum
903 2044 1102 2085 tuarum?
1146 2043 1343 2099 Ἐπέχειν
1373 2048 1415 2088 te

87 2101 309 2142 scribebas.
377 2102 488 2151 Quid
536 2104 624 2143 erat
673 2102 937 2143 dubitatione
982 2103 1174 2157 dignum,
1225 2104 1261 2144 si
1306 2107 1414 2145 esset

87 2159 332 2214 quicquam,
370 2174 442 2201 cur
479 2161 661 2214 placeret
698 2161 872 2201 fratrem
909 2163 950 2201 et
992 2161 1121 2202 talem
1150 2162 1325 2204 fratrem
1356 2177 1416 2204 re-

85 2217 250 2271 linqui?
292 2217 517 2272 Ἀθέτησις
548 2220 630 2260 ista
661 2218 765 2259 mihi
797 2221 883 2274 tua,
913 2234 1000 2260 non
1026 2219 1158 2273 ἐποχὴ
1183 2221 1414 2262 videbatur.

34 2291 66 2317 35
86 2275 288 2317 Monebas
322 2276 370 2317 de
397 2275 441 2324 Q.
469 2275 668 2318 Cicerone
699 2291 844 2333 puero,
875 2280 921 2318 ut
955 2292 1049 2318 911111
1083 2278 1251 2333 quidem
1282 2281 1415 2321 neuti-
