1665 2553
200 111 257 152 20
623 110 671 145 M.
698 110 838 145 TULLI
863 110 1111 145 CICERONIS

201 208 391 247 suaserat
423 206 551 247 nullis
577 205 700 246 illum
731 205 941 246 iudicibus
968 205 1150 260 effugere
1176 220 1312 260 posse,
1345 207 1536 248 contraxi

199 265 291 306 vela
323 265 581 318 perspiciens
607 264 795 318 inopiam
826 263 1013 304 iudicum
1037 279 1172 318 neque
1198 264 1284 305 dixi
1311 265 1535 319 quicquam

199 337 276 377 pro
308 324 567 378 testimonio,
596 323 681 363 nisi
713 323 825 376 quod
857 325 945 363 erat
977 322 1038 362 ita
1068 325 1218 364 notum
1250 326 1375 377 atque
1407 326 1534 365 testa-

199 385 309 436 tum,
349 384 398 423 ut
436 396 524 423 non
563 396 732 435 possem
771 380 1010 435 praeterire.
1077 380 1244 435 Itaque,
1290 382 1326 422 si
1366 396 1533 423 causam

200 440 367 494 quaeris
401 440 700 494 absolutionis,
737 443 785 480 ut
822 440 907 480 iam
938 440 1046 494 πρὸς
1077 440 1124 481 τὸ
1156 441 1370 495 πρότερον
1401 455 1535 482 rever-

199 502 282 553 tar,
324 501 487 554 egestas
529 499 714 539 iudicum
753 498 835 538 fuit
868 501 909 538 et
941 498 1172 552 turpitudo.
1232 497 1282 538 Id
1313 501 1454 540 autem
1486 502 1534 540 ut

201 558 425 612 accideret,
464 558 735 598 commissum
767 559 831 597 est
862 555 1066 597 Hortensi
1098 557 1292 611 consilio,
1325 558 1398 611 qui
1434 558 1535 599 dum

199 616 359 657 veritus
401 619 483 670 est,
524 630 587 656 ne‘
617 615 761 656 Fufius
804 615 840 655 ei
880 615 965 669 legi
1004 615 1298 670 intercederet,
1338 630 1444 669 quae
1484 631 1534 657 ex

199 677 369 716 senatus
401 675 595 716 consulto
626 674 851 727 ferebatur,
881 688 968 714 non
992 673 1098 714 vidit
1129 674 1246 728 illud,
1278 674 1410 715 satius
1443 689 1533 716 esse

198 733 321 774 illum
360 733 405 773 in
444 733 618 773 infamia
658 732 842 785 relinqui
882 746 928 772 ac
970 733 1165 773 sordibus
1199 747 1325 786 quam
1365 733 1532 774 infirmo

198 791 354 832 iudicio
387 791 614 844 committi,
653 791 724 831 sed
761 791 910 831 ductus
944 791 1038 832 odio
1070 791 1314 845 properavit
1349 806 1437 832 rem
1469 792 1533 833 de-

201 849 348 890 ducere
379 850 424 891 in
455 849 667 903 iudicium,
700 863 794 890 cum
823 849 945 890 illum
977 850 1175 902 plumbeo
1203 849 1342 904 gladio
1374 850 1536 905 iugula-

201 912 294 949 tum
326 908 379 948 iri
410 911 551 949 tamen
582 908 747 949 diceret.

290 966 371 1008 Sed
413 967 616 1007 iudicium
660 966 695 1007 si
740 966 904 1020 quaeris
949 966 1070 1020 quale
1111 966 1258 1022 fuerit,
1297 967 1535 1008 incredibili

200 1026 333 1079 exitu,
375 1026 432 1066 sic
474 1025 537 1065 uti
575 1039 687 1065 nunc
725 1039 773 1065 ex
813 1027 964 1065 eventu
1001 1025 1053 1065 ab
1086 1025 1198 1080 aliis,
1243 1040 1265 1066 a
1296 1040 1362 1066 me
1393 1028 1534 1066 tamen

200 1098 250 1125 ex
275 1084 367 1137 ipso
394 1084 518 1124 initio
545 1083 769 1124 consilium
794 1082 997 1124 Hortensi
1023 1082 1362 1136 reprehendatur.
1411 1083 1534 1138 Nam,

199 1146 247 1183 ut
278 1142 450 1183 reiectio
481 1142 592 1182 facta
634 1144 697 1182 est
735 1141 988 1182 clamoribus
1029 1141 1242 1197 maximis,
1283 1156 1377 1182 cum
1418 1157 1533 1183 accu-

200 1203 315 1241 sator
346 1203 563 1254 tamquam
593 1214 739 1240 censor
771 1200 907 1240 bonus
939 1199 1131 1240 homines
1162 1200 1444 1254 nequissimos
1473 1215 1534 1242 re-

198 1259 344 1312 iceret,
388 1273 483 1299 reus
527 1261 744 1311 tamquam
785 1258 964 1299 clemens
1005 1258 1160 1299 lanista
1200 1259 1534 1313 frugalissimum

201 1332 409 1371 quemque
442 1319 692 1369 secerneret,
733 1319 781 1356 ut
820 1316 1003 1370 primum
1044 1316 1200 1357 iudices
1243 1317 1534 1371 consederunt,
1554 1336 1568 1359 ε

199 1376 320 1417 valde
362 1376 550 1416 diffidere
590 1375 692 1416 boni
733 1377 968 1428 coeperunt.
1028 1374 1138 1423 ,Non
1178 1375 1290 1416 enim
1335 1390 1536 1430 umquam

199 1434 366 1488 turpior
397 1434 441 1474 in
472 1434 572 1474 ludo
609 1433 761 1474 talario
795 1447 1015 1474 consessus
1046 1433 1146 1487 fuit,
1184 1434 1388 1475 maculosi
1420 1449 1536 1475 sena-

199 1495 332 1547 tores,
367 1493 471 1533 nudi
502 1492 682 1546 equites,
720 1492 882 1532 tribuni
912 1506 999 1532 non
1028 1495 1117 1533 tam
1149 1492 1280 1533 aerati
1314 1507 1456 1547 quam,
1487 1495 1536 1534 ut

200 1551 486 1606 appellantur,
524 1551 683 1591 aerarii.
744 1549 872 1591 Pauci
904 1554 1046 1591 tamen
1076 1551 1178 1592 boni
1208 1551 1390 1605 inerant,
1428 1566 1534 1605 quos

199 1610 424 1651 reiectione
455 1610 603 1664 fugare
642 1609 713 1650 ille
752 1623 839 1650 non
877 1612 1091 1663 potuerat,
1135 1609 1208 1663 qui
1243 1610 1394 1650 maesti
1423 1610 1534 1650 inter

201 1669 267 1709 sui
313 1668 537 1709 dissimiles
585 1670 626 1708 et
671 1670 905 1708 maerentes
953 1667 1154 1708 sedebant
1201 1670 1243 1709 et
1285 1668 1535 1722 contagione

200 1727 479 1781 turpitudinis
511 1726 778 1767 vehementer
803 1726 1166 1780 permovebantur.
1217 1725 1310 1781 Hic,
1341 1729 1388 1766 ut
1414 1740 1535 1780 quae-

202 1800 283 1839 que
314 1800 379 1826 res
413 1785 465 1826 ad
496 1785 719 1826 consilium
750 1784 898 1839 primis
935 1784 1294 1838 postulationibus
1331 1784 1535 1825 refereba-

201 1848 290 1898 tur,
333 1843 592 1884 incredibilis
632 1846 721 1884 erat
754 1843 954 1884 severitas
991 1843 1108 1884 nulla
1139 1843 1341 1883 varietate
1373 1846 1536 1884 senten-

202 1903 368 1943 tiarum.
419 1901 541 1943 Nihil
560 1901 815 1956 impetrabat
835 1916 943 1955 reus,
969 1902 1064 1955 plus
1085 1901 1318 1942 accusatori
1345 1901 1534 1957 dabatur,

203 1975 328 2014 quam
359 1961 623 2015 postulabat3
654 1960 944 2013 triumphabat
972 1960 1091 2015 (quid
1111 1957 1325 2014 quaeris‘?)
1356 1958 1536 2001 Horten-

204 2018 290 2059 sius
334 2034 376 2060 se
418 2019 572 2060 vidisse
609 2021 794 2073 tantum,
837 2032 958 2059 nemo
1000 2020 1105 2072 erat,
1147 2017 1219 2071 qui
1258 2017 1379 2058 illum
1418 2033 1537 2060 reum

203 2091 250 2117 ac
286 2091 373 2118 non
412 2078 578 2118 miliens
620 2077 942 2118 condemnatum
983 2076 1268 2117 arbitraretur.
1331 2075 1399 2118 Me
1436 2091 1535 2118 vero

203 2137 311 2174 teste
343 2137 548 2188 producto
581 2136 700 2177 credo
733 2138 775 2176 te
807 2149 859 2176 ex
889 2134 1184 2175 acclamatione
1211 2132 1332 2175 Clodi
1365 2135 1536 2176 advoca-

204 2195 345 2252 torum
379 2194 544 2235 audisse
577 2209 683 2248 quae
714 2193 997 2235 consurrectio
1030 2192 1216 2233 iudicum
1247 2193 1360 2234 facta
1391 2193 1458 2247 sit,
1487 2196 1536 2234 ut

204 2265 271 2291 me
315 2251 686 2306 circumsteterint,
735 2255 783 2292 ut
832 2254 973 2305 aperte
1015 2251 1161 2305 iugula
1206 2266 1281 2292 sua
1323 2266 1400 2305 pro
1442 2266 1534 2292 meo

206 2309 341 2362 capite
381 2308 425 2350 P.
465 2309 613 2351 Clodio
656 2310 920 2351 ostentarint.
993 2308 1105 2357 Quae
1145 2309 1251 2350 mihi
1291 2324 1357 2350 res
1399 2310 1534 2350 multo

1553 751 1586 775 10

1554 1043 1586 1067 15

1554 1627 1587 1652 25

1555 1919 1588 1944 30

1555 2210 1588 2235 35
