1665 2553
170 115 229 156 40
596 114 645 149 M.
673 114 813 149 TULLI
839 113 1087 149 CICERONIS

171 211 344 265 legeret,
377 210 492 265 quod
523 224 600 265 ego
634 210 686 251 ad
718 224 825 263 eum,
856 211 904 249 ut
937 209 1127 250 ornatius
1154 210 1203 250 de
1229 209 1362 250 isdem
1386 209 1513 251 rebus

173 269 394 324 scriberet,
425 269 644 323 miseram,
673 283 761 309 non
791 267 915 308 modo
948 282 1033 308 non
1071 268 1301 309 excitatum
1339 282 1429 309 esse
1461 268 1513 309 ad

173 327 452 383 scribendum,
479 327 550 369 sed
577 328 704 368 etiam
730 327 854 381 plane
878 326 1136 368 deterritum.
1186 326 1294 376 Quid
1315 327 1510 381 quaeris?

173 387 426 428 conturbavi
460 385 661 427 Graecam
697 385 924 427 nationem.
985 383 1070 440 Ita,
1107 385 1235 441 vulgo
1276 385 1348 439 qui
1383 385 1512 426 insta-

172 445 288 500 bant,
319 448 367 485 ut
393 445 534 486 darem
560 445 655 500 sibi,
686 444 794 498 quod
825 446 1034 498 ornarent,
1066 444 1150 485 iam
1184 443 1381 485 exhibere
1406 443 1512 484 mihi
1550 460 1566 486 5

172 504 414 545 molestiam
458 503 726 544 destiterunt.
798 502 879 555 Tu,
929 502 965 543 si
1015 502 1095 543 tibi
1143 502 1350 556 placuerit
1392 502 1513 557 liber,

174 563 360 617 curabis,
397 565 445 603 ut
477 566 517 602 et
548 561 731 603 Athenis
772 562 827 602 sit
860 563 901 602 et
932 561 975 601 in
1008 561 1156 602 ceteris
1189 561 1354 615 oppidis
1388 560 1514 602 Grae-

174 622 277 675 ciae3
317 621 485 662 videtur
525 620 637 661 enim
676 634 801 674 posse
846 619 1006 673 aliquid
1046 620 1206 661 nostris
1243 620 1369 661 rebus
1405 619 1513 661 lucis

175 680 346 721 adferre.
386 678 684 721 Oratiunculas
706 681 859 732 autem,
885 682 925 719 et
947 693 1051 732 quas
1071 679 1278 734 postulas,
1303 681 1344 719 et
1369 678 1511 732 plures

175 739 303 780 etiam
327 739 509 793 mittam,
542 737 743 792 quoniam
764 737 933 791 quidem
960 751 1020 792 ea,
1052 751 1157 791 quae
1181 751 1260 778 nos
1287 737 1510 778 scribimus
1532 754 1567 778 10

175 797 587 838 adulescentulorum
629 796 781 837 studiis
823 796 1013 850 excitati,
1053 799 1095 837 te
1132 796 1260 837 etiam
1292 796 1512 837 delectant.

174 855 273 896 Fuit
306 856 417 897 enim
449 855 555 896 mihi
587 855 869 910 commodum,
911 854 1023 909 quod
1059 855 1105 895 in
1144 854 1203 895 eis
1237 854 1514 909 orationibus,

175 929 281 968 quae
312 913 574 968 Philippicae
604 914 897 967 nominantur,
936 914 1145 954 enituerat
1176 914 1278 954 civis
1310 913 1382 954 ille
1413 915 1513 954 tuus

173 972 497 1028 DemostheneS,
529 975 570 1014 et
603 973 716 1027 quod
745 987 788 1013 se
816 972 866 1013 ab
898 972 979 1013 hoc
1004 972 1294 1013 refractariolo
1326 972 1514 1012 iudiciali

175 1032 337 1073 dicendi
370 1046 521 1087 genere
554 1031 817 1086 abiunxerat,
847 1034 895 1072 ut
921 1032 1178 1085 σεμνότερός
1204 1047 1268 1079 τις
1293 1029 1365 1072 καὶ
1391 1034 1513 1072 πολι-
1533 1046 1567 1073 15

174 1092 404 1145 τικώτερος
441 1091 672 1145 videretur,
716 1104 877 1144 curare,
920 1092 968 1129 ut
1010 1104 1125 1130 meae
1164 1103 1332 1143 quoque
1373 1092 1514 1130 essent

176 1150 402 1204 orationeS,
436 1163 541 1202 quae
570 1148 812 1189 consulares
837 1148 1168 1188 nominarentur.
1219 1146 1405 1196 Quarum
1430 1162 1514 1188 una

175 1210 239 1249 est
280 1208 326 1249 in
367 1210 515 1248 senatu
556 1206 649 1248 Kal.
682 1205 909 1260 Ianuariis,
952 1206 1085 1247 altera
1126 1206 1178 1246 ad
1217 1206 1423 1259 populum
1465 1205 1514 1246 de

175 1266 267 1320 lege
312 1266 495 1320 agraria,
536 1266 663 1306 tertia
710 1265 758 1306 de
797 1263 981 1320 Othone,
1022 1267 1174 1318 quarta
1210 1279 1286 1318 pro
1324 1263 1514 1319 Rabirio,

176 1325 324 1379 quinta
355 1324 404 1365 de
436 1324 773 1378 proscriptorum
802 1323 922 1378 filiis,
954 1326 1091 1378 sexta,
1129 1337 1223 1364 cum
1253 1323 1511 1377 provinciam
1533 1340 1568 1364 20

174 1384 220 1424 in
250 1383 448 1424 contione
486 1383 681 1437 deposui,
719 1382 916 1437 septima,
954 1396 1083 1436 quom
1116 1380 1344 1423 Catilinam
1381 1381 1514 1436 emisi,

177 1445 336 1497 octava,
368 1456 495 1496 quam
525 1441 657 1482 habui
689 1441 741 1482 ad
771 1441 989 1495 populum,
1019 1440 1225 1494 postridie
1252 1455 1378 1494 quam
1404 1439 1515 1481 Cati-

175 1500 263 1541 lina
299 1501 510 1555 profugit,
547 1514 661 1541 nona
700 1501 747 1541 in
783 1500 995 1553 contione,
1039 1514 1122 1553 quo
1160 1499 1226 1540 die
1259 1498 1513 1553 Allobroges

175 1559 429 1614 indicarunt,
455 1559 613 1600 decima
638 1559 683 1600 in
709 1562 857 1599 senatu
879 1558 1016 1599 Nonis
1038 1557 1354 1599 Decembribus.
1406 1556 1515 1598 Sunt

175 1621 393 1672 praeterea
419 1618 523 1659 duae
549 1618 709 1672 breves,
742 1617 862 1671 quasi
894 1617 1228 1671 ἀποσπασμάτια
1258 1616 1365 1671 legis
1397 1629 1513 1670 agra·
1533 1632 1567 1657 25

175 1677 273 1718 riae.
322 1676 417 1718 Hoc
446 1679 587 1718 totum
620 1684 741 1731 σῶμα
767 1676 922 1717 curabo
948 1679 997 1716 ut
1021 1674 1195 1730 habeas;
1228 1677 1281 1729 et,
1314 1674 1514 1728 quoniam

175 1739 217 1776 te
250 1750 344 1777 cum
371 1736 528 1789 scripta
553 1738 646 1776 tum
670 1749 737 1776 res
763 1750 878 1776 meae
905 1734 1125 1788 delectant,
1156 1709 1290 1774 isdem
1316 1747 1366 1774 ex
1391 1732 1513 1773 libris

175 1794 422 1849 perspicieS,
463 1798 504 1835 et
537 1808 642 1848 quae
662 1794 877 1859 gesserim
909 1797 950 1833 et
983 1807 1089 1847 quae
1123 1792 1315 1845 dixerim3
1357 1793 1429 1832 aut
1460 1805 1513 1832 ne

175 1852 462 1907 poposcisses3
495 1866 572 1907 ego
606 1853 717 1893 enim
748 1852 830 1893 tibi
861 1866 928 1892 me
958 1866 1045 1892 non
1077 1850 1314 1892 offerebam.

265 1910 385 1959 Quod
417 1911 596 1965 quaeris,
629 1911 730 1965 quid
765 1911 834 1966 sit,
866 1924 948 1964 quo
984 1913 1026 1950 te
1058 1924 1275 1963 3166333111,
1308 1922 1353 1949 36
1386 1908 1514 1949 31111111
1533 1925 1568 1950 30

175 1969 427 2023 impeditum
465 1973 506 2010 te
545 1970 730 2024 negotiis
770 1983 860 2010 esse
905 1968 1118 2023 significas
1160 1981 1296 2021 neque
1334 1980 1515 2022 recusas,

176 2028 290 2082 quin,
320 2043 409 2069 non
438 2028 563 2069 modo
597 2030 632 2069 si
660 2042 766 2081 opus
794 2028 862 2081 sit,
895 2027 966 2068 sed
993 2026 1121 2068 etiam
1146 2026 1182 2066 si
1207 2025 1345 2079 velim,
1378 2039 1514 2066 accur-

175 2099 256 2139 ras,
286 2087 395 2126 nihil
421 2101 520 2127 sane
547 2089 611 2127 est
635 2100 815 2140 necesse,
847 2100 993 2126 verum
1019 2087 1161 2125 tamen
1186 2084 1383 2124 videbare
1409 2083 1514 2124 mihi

175 2146 367 2196 tempora
407 2144 762 2199 peregrinationis
804 2143 1062 2185 commodius
1104 2156 1228 2196 posse
1276 2142 1512 2183 discribere.

173 2199 314 2242 Nimis
341 2202 439 2243 abes
468 2203 550 2257 diu,
582 2202 832 2257 praesertim
851 2216 945 2243 cum
972 2202 1028 2242 sis
1055 2201 1100 2241 in
1119 2201 1372 2255 propinquis
1397 2200 1513 2253 locis,
1533 2215 1566 2241 35

172 2272 310 2312 neque
350 2274 427 2301 nos
466 2264 508 2302 te
549 2261 746 2315 fruimur,
787 2263 830 2302 et
869 2263 917 2301 tu
957 2259 1081 2301 nobis
1123 2273 1248 2300 cares.
1310 2258 1373 2299 Ac
1402 2272 1513 2299 nunc

175 2317 344 2371 quidem
377 2319 513 2359 otium
544 2322 626 2374 cst,
667 2320 756 2375 sed,
799 2319 834 2360 si
865 2318 992 2372 paulo
1029 2317 1125 2371 plus
1157 2318 1276 2358 furor
1307 2316 1514 2358 Pulchelli
