1665 2553
321 76 663 112 EPISTULARUM
689 77 753 111 AD
780 77 996 113 ATTICUM
1020 78 1071 112 VI
1098 82 1129 122 2,
1157 82 1188 113 3.
1344 78 1426 119 173

82 173 234 214 lerunt.
298 172 378 214 Sed
420 173 504 214 iam
546 174 649 227 quid
690 188 795 228 opus
837 173 1059 228 equitatu?
1102 174 1274 215 solvunt
1316 174 1428 215 enim

85 230 324 287 Salaminii3
373 232 458 272 nisi
501 232 613 273 forte
655 232 699 273 id
738 233 935 274 volumus
980 232 1108 273 armis
1154 233 1335 287 efficere,
1379 237 1426 274 ut

82 290 230 331 faenus
272 291 488 344 quaternis
530 291 770 332 centesimis
815 291 980 333 ducant.
1041 291 1101 332 Et
1143 305 1220 346 ego
1264 292 1425 332 audebo

82 349 223 404 legere
249 364 451 403 umquam
477 353 550 390 aut
574 350 785 405 attingere
811 365 882 392 eos
907 351 1054 404 libros,
1087 364 1194 404 quos
1220 353 1269 391 tu
1295 351 1425 391 dilau-

47 425 64 450 5
84 408 176 462 das,
221 407 257 448 si
300 409 384 449 tale
435 409 536 462 quid
580 409 745 450 fecero?
812 408 972 464 Nimis,
1015 409 1209 464 inquam,
1253 409 1299 450 in
1341 410 1424 450 isto

84 466 267 508 Brutum
304 468 474 522 amasti,
514 468 756 509 dulcissime
787 467 947 522 Attice,
983 483 1061 509 nos
1094 482 1242 509 vereor
1272 482 1325 509 ne
1356 483 1426 522 pa-

83 540 189 566 rum.
234 524 378 579 Atque
408 525 512 567 haec
544 527 697 580 scripsi
732 540 809 581 ego
843 527 894 567 ad
925 527 1109 568 Brutum
1142 527 1363 581 scripsisse
1383 530 1425 567 te

85 584 138 625 ad
168 599 245 625 me.
309 583 528 639 Cognosce
559 599 674 626 nunc
708 588 856 627 cetera.
1441 597 1484 627 10

171 641 254 683 Pro
275 642 417 696 Appio
449 657 528 684 nos
560 643 629 684 hic
662 645 805 685 omnia
835 644 1026 699 facimus,
1057 644 1236 685 honeste
1270 647 1425 697 tamen,

32 719 66 744 10
86 701 159 742 sed
189 701 313 755 plane
338 702 530 743 libenter.
580 701 670 743 Nec
690 703 801 743 enim
821 703 962 757 ipsum
983 703 1146 744 odimus
1176 706 1216 744 et
1241 703 1425 743 Brutum

85 774 292 813 amamUS,
331 763 372 801 et
403 760 629 814 Pompeius
662 761 839 802 mirifice
872 777 895 803 a
925 777 992 803 me
1023 762 1258 815 contendit,
1301 776 1426 816 quem

83 818 321 860 mehercule
362 819 458 873 plus
498 820 679 874 plusque
718 820 764 861 in
808 820 895 861 dies
940 821 1083 877 diligo.
1152 819 1196 862 C.
1235 819 1426 862 Caelium

86 880 355 932 quaestorem
380 878 462 918 huc
482 879 624 919 venire
657 879 824 920 audisti.
875 878 1044 934 Nescio,
1077 879 1179 934 quid
1211 879 1267 920 sit
1291 879 1426 920 homi-

83 936 160 977 nis.
225 934 307 977 Sed
338 936 580 978 Pammenia
611 937 685 978 illa
716 938 823 979 mihi
858 952 946 979 non
983 939 1162 993 placent.
1224 938 1319 993 Ego
1357 952 1425 979 me

32 1011 65 1037 15
86 1009 208 1049 spero
240 995 423 1036 Athenis
456 995 547 1037 fore
582 1010 725 1037 mense
759 995 1009 1051 Septembri.
1072 997 1260 1038 Tuorum
1299 996 1425 1037 itine-
1487 1006 1495 1010 ’

85 1069 180 1094 rum
219 1056 414 1108 tempora
455 1054 560 1096 scire
602 1069 701 1096 sane
736 1056 873 1096 velim.
934 1056 1163 1110 Εὐήθειαν
1201 1054 1425 1109 Semproni

85 1112 184 1153 Rufi
216 1113 395 1167 cognovi
427 1127 478 1153 ex
505 1113 688 1166 epistula
708 1117 779 1155 tua
800 1113 1045 1168 Corcyraea.
1097 1114 1206 1163 Quid
1227 1114 1424 1168 quaeris?

84 1171 252 1212 invideo
284 1171 500 1224 potentiae
525 1171 709 1213 Vestori.

174 1229 407 1284 Cupiebam
450 1231 578 1271 etiam
619 1245 732 1272 nunc
781 1231 903 1285 plura
948 1232 1127 1287 garrire,
1179 1232 1251 1273 sed
1295 1232 1425 1286 lucet3

31 1305 66 1330 20
85 1292 208 1343 urget
251 1289 395 1343 turba,
438 1289 613 1330 festinat
656 1289 923 1345 Philogenes.
985 1290 1160 1331 Valebis
1204 1291 1338 1345 igitur
1382 1294 1424 1331 et

84 1348 223 1389 valere
254 1347 406 1388 Piliam
440 1351 480 1388 et
513 1346 740 1389 Caeciliam
770 1352 963 1390 nostram
994 1349 1161 1391 iubebis
1192 1349 1350 1390 litteris
1383 1352 1424 1390 et

86 1406 266 1447 salvebis
300 1421 323 1446 a
354 1421 447 1447 meo
481 1405 691 1448 Cicerone.

715 1559 790 1600 111.

180 1638 254 1673 Ser.
280 1639 322 1672 in
349 1638 479 1674 Cilicia
504 1651 548 1673 m.
575 1640 660 1673 Iun.
688 1644 770 1674 ante
800 1639 835 1673 V
857 1639 904 1674 K.
936 1639 1057 1683 Quint.
1084 1651 1117 1674 α.
1146 1643 1217 1675 704
1244 1643 1334 1683 (50).

509 1720 678 1756 CICERO
704 1720 877 1755 ATTICO
905 1720 1001 1755 SAL.

173 1791 271 1833 Etsi
301 1792 364 1833 nil
395 1806 494 1833 sane
524 1792 734 1834 habebam
765 1792 884 1846 novi,
923 1793 1035 1846 quod
1066 1795 1164 1846 post
1197 1793 1426 1847 accidisset,
1454 1804 1470 1834 1

89 1865 214 1904 quam
246 1851 453 1891 dedissem
485 1851 536 1891 ad
567 1853 610 1892 te
641 1850 882 1906 Philogeni,
920 1851 1076 1892 liberto
1117 1853 1211 1906 tuo,
1248 1851 1428 1907 litteras,

88 1911 246 1963 tamen,
285 1924 379 1950 cum
409 1909 689 1950 Philotimum
721 1909 901 1950 Romam
932 1909 1208 1963 remitterem,
1246 1909 1426 1951 scriben-

90 1967 190 2007 dum
223 1968 381 2021 aliquid
414 1968 466 2008 ad
497 1971 538 2009 te
571 1968 664 2008 fuit.
727 1967 789 2008 Ac
819 1968 1005 2022 primum
1042 1967 1167 2022 illud,
1212 1968 1324 2022 quod
1360 1983 1426 2009 me

35 2041 70 2066 30
90 2040 284 2066 maxume
315 2027 514 2082 angebat3
552 2041 639 2067 non
677 2041 760 2080 quo
798 2041 865 2067 me
897 2026 1056 2080 aliquid
1087 2026 1232 2067 iuvare
1268 2041 1425 2081 posses

89 2083 270 2138 Quippe,
301 2099 367 2125 res
395 2085 507 2126 enim
533 2088 597 2126 est
623 2086 667 2126 in
693 2085 900 2140 manibus,
932 2087 980 2126 tu
1007 2087 1147 2125 autem
1174 2085 1273 2126 abes
1299 2085 1426 2140 longe

89 2142 296 2197 gentium3

506 2226 667 2267 ‘nomez
699 2224 735 2266 δ’
776 2225 822 2266 ἐν
854 2227 1088 2282 μεταιχμίῳ

177 2285 304 2332 νότος
334 2285 530 2325 κυλίνδει
562 2283 713 2338 κύματ’
753 2283 922 2339 εὐρείης
955 2284 1083 2333 ἁλόςῖ
