1665 2553
364 79 704 114 EPISTULARUM
730 79 795 112 AD
822 78 1039 113 ATTICUM
1064 78 1097 112 X
1124 82 1155 122 9,
1183 79 1256 113 9Α.
1398 78 1482 119 309

144 177 314 231 gravius
351 176 401 216 de
442 175 578 216 salute
611 178 652 215 et
684 174 977 215 incolumitate
1009 177 1083 214 tua
1115 173 1320 215 consulas.
1372 173 1483 214 Nam

0 226 1 287 l
144 236 243 276 deos
280 235 558 288 hominesque
602 234 916 287 amicitiamque
955 235 1147 273 nostram
1179 232 1386 274 testificor
1417 247 1483 273 me

0 291 1 307 ³
143 294 225 335 tibi
249 293 509 348 praedixisse
537 307 673 346 neque
699 295 855 333 temere
880 291 1109 346 monuisse,
1141 291 1225 346 sed,
1255 294 1483 344 postquam

145 352 366 394 Caesarem
392 352 658 393 convenerim
685 351 1022 404 sententiamque
1049 350 1150 404 eius,
1177 350 1314 404 qualis
1340 350 1484 390 futura

0 415 1 418 ’
109 415 255 454 5esset
298 413 420 465 parta
462 410 659 465 victoria,
702 410 938 464 cognorim,
981 411 1024 450 te
1065 409 1285 450 certiorem
1323 408 1482 449 fecisse.

33 469 35 479 ¹
146 469 191 511 Si
230 470 447 511 existimas
480 469 652 510 eandem
683 469 891 509 rationem
922 469 1012 509 fore
1045 466 1236 509 Caesaris
1267 468 1312 508 in
1344 467 1483 508 dimit-

27 482 34 591 s
144 529 283 570 tendis
315 528 565 569 adversariis
599 531 640 568 et
672 527 988 568 condicionibus
1020 527 1214 580 ferendiS,
1246 541 1378 579 erras,
1422 526 1483 566 ni-

0 630 1 635 ,
144 587 206 628 hil
236 588 320 628 nisi
352 590 476 628 atrox
507 589 548 627 et
581 601 751 627 saevum
778 586 938 640 cogitat
965 588 1090 639 atque
1116 586 1243 626 etiam
1273 585 1483 638 loquitur,

0 671 4 700 Ι
144 646 279 687 iratus
318 646 483 686 senatui
520 645 640 698 exiit,
677 645 744 685 his
777 644 1150 685 intercessionibus
1181 644 1305 698 plane
1337 644 1483 684 incita-

0 701 5 715 *
92 723 125 747 10
144 707 215 746 tus
242 708 323 759 est3
348 719 435 745 non
459 704 718 745 mehercules
746 704 826 744 erit
853 703 1138 756 deprecationi
1163 703 1292 743 locus.
1335 702 1482 756 Quare,
1509 712 1528 742 2

146 764 183 804 si
214 763 295 804 tibi
326 766 391 816 tu,
430 763 466 803 si
497 763 610 803 filius
643 762 804 815 unicus,
838 762 873 802 si
905 762 1064 815 domus,
1098 762 1133 802 si
1166 776 1260 815 spes
1293 764 1391 802 tuae
1422 776 1483 802 re-

145 822 287 876 liquae
313 822 395 862 tibi
416 836 533 862 carae
555 824 665 874 sunt,
693 821 727 861 si
748 820 909 874 aliquid
929 821 1040 874 apud
1060 823 1100 860 te
1120 834 1211 875 nos,
1237 820 1273 860 si
1291 820 1355 861 vir
1377 820 1483 874 opti-

146 896 254 935 mus,
280 894 408 935 gener
433 883 545 934 tuus,
570 880 771 934 valemus,
798 894 978 933 quorum
1003 880 1220 919 fortunam
1244 893 1331 919 non
1357 879 1482 919 debes

152 940 259 980 velle
297 939 567 993 conturbare,
604 939 689 980 noli-
720 939 974 992 σοφηηιῖίΐενθ,
1015 940 1063 978 ut
1094 952 1185 978 eam
1217 952 1403 993 causam,
1438 937 1484 978 in

0 999 1 1013 ³
93 1016 125 1040 15
147 999 299 1052 quoius
333 998 509 1038 victoria
543 997 655 1037 salus
687 1000 834 1037 nostra
866 999 941 1050 est,
974 996 1110 1037 odisse
1142 998 1215 1037 aut
1246 996 1512 1049 relinquere⁷

146 1070 347 1111 cogamur
379 1059 452 1097 aut
483 1056 657 1109 impiam
688 1056 962 1109 cupiditatem
988 1058 1134 1096 contra
1161 1055 1340 1095 salutem
1365 1058 1484 1095 tuam

144 1115 388 1156 habeamus.
450 1114 642 1168 Denique
674 1114 781 1154 illud
812 1114 964 1168 cogita,
996 1114 1109 1167 quod
1142 1114 1324 1154 offensae
1355 1114 1483 1154 fuerit

0 1175 1 1180 ’
145 1174 191 1215 in
221 1175 305 1214 ista
337 1173 615 1228 cunctatione,
647 1175 689 1214 te
721 1172 897 1214 subisse.
946 1171 1072 1213 Nunc
1104 1175 1145 1213 te
1177 1174 1323 1213 contra
1354 1172 1483 1213 victo-

145 1248 234 1274 rem
267 1231 488 1273 Caesarem
525 1232 679 1286 facere,
720 1246 846 1286 quem
883 1231 1022 1272 dubiis
1060 1231 1187 1272 rebus
1217 1230 1380 1271 laedere
1410 1245 1483 1271 no-

93 1309 127 1334 20
145 1291 279 1346 luisti,
311 1294 353 1332 et
386 1291 437 1331 ad
468 1305 539 1332 eos
571 1291 743 1345 fugatos
776 1290 977 1345 accedere,
1005 1304 1112 1343 quos
1144 1290 1390 1330 resistentes
1423 1304 1484 1330 se-

147 1350 219 1404 qui
263 1349 469 1404 nolueris,
506 1364 692 1390 summae
731 1349 939 1390 stultitiae
978 1351 1051 1389 est.
1114 1348 1239 1403 Vide,
1275 1362 1346 1402 ne,
1385 1348 1484 1388 dum

146 1408 275 1462 pudet
324 1411 366 1448 te
409 1423 559 1461 parum
604 1408 854 1461 optimatem
898 1422 1005 1461 esse,
1055 1422 1204 1461 parum
1249 1407 1484 1461 diligenter,

148 1466 250 1520 quid
282 1466 491 1520 optimum
522 1467 589 1521 sit,
621 1466 762 1520 eligas.
815 1466 935 1514 Quod
968 1466 1003 1506 si
1034 1469 1174 1506 totum
1205 1465 1286 1506 tibi
1317 1480 1484 1518 persua·
1511 1476 1530 1506 3

148 1525 243 1566 dere
274 1539 361 1565 non
386 1539 573 1579 possum,
605 1525 766 1579 saltem,
798 1525 909 1578 dum,
942 1524 1043 1578 quid
1069 1524 1117 1564 de
1144 1523 1363 1577 Hispaniis
1390 1538 1484 1578 aga-

94 1601 127 1626 25
146 1598 260 1637 mus,
301 1583 443 1638 scitur,
481 1586 693 1636 exspecta,
739 1597 842 1636 quas
875 1583 955 1623 tibi
985 1583 1137 1623 nuntio
1172 1583 1354 1623 adventu
1388 1581 1485 1623 Cae-

148 1642 255 1683 saris
293 1642 383 1683 fore
421 1644 601 1682 nostras.
665 1641 799 1690 Quam
836 1641 911 1682 isti
950 1655 1066 1694 spem
1102 1640 1287 1681 habeant
1319 1641 1484 1681 amissis

147 1700 386 1754 Hispaniis,
423 1700 582 1754 nesci03
627 1700 739 1754 quod
779 1714 905 1753 porro
938 1702 1059 1739 tuum
1091 1699 1314 1739 consilium
1347 1700 1402 1739 sit
1435 1699 1486 1739 ad

148 1760 393 1813 desperatos
426 1758 629 1813 accedere,
659 1772 745 1799 non
776 1758 939 1798 medius
971 1757 1095 1797 fidius
1127 1757 1301 1810 reperio.

237 1817 342 1872 Hoc,
374 1818 485 1871 quod
517 1820 565 1857 tu
596 1831 683 1857 non
709 1816 883 1857 dicendo
910 1816 1015 1856 mihi
1040 1815 1301 1869 significasti,
1333 1814 1486 1856 Caesar
1511 1827 1532 1856 4

97 1893 131 1918 30
151 1876 341 1917 audierat
385 1890 450 1931 ac,
494 1875 621 1916 simul
664 1878 790 1928 atque
835 1875 971 1915 ‘have'
1015 1874 1121 1914 mihi
1159 1874 1284 1928 dixit,
1329 1875 1486 1929 statim,

150 1934 251 1988 quid
292 1935 340 1975 de
382 1938 422 1975 te
456 1934 656 1989 audisset,
688 1933 894 1987 exposuit.
956 1931 1121 1987 Negavi
1152 1947 1218 1973 me
1251 1932 1373 1986 scire,
1415 1933 1487 1973 sed

149 1995 291 2033 tamen
322 1993 374 2033 ab
408 2007 455 2034 eo
486 1992 635 2046 petivi,
666 1995 714 2032 ut
747 1992 798 2032 ad
829 1995 871 2033 te
901 1992 1066 2032 litteras
1099 1991 1299 2044 mitteret,
1332 1991 1486 2044 quibus

149 2051 330 2091 maxime
361 2051 413 2091 ad
437 2051 737 2091 remanendum
763 2050 1017 2091 commoveri
1042 2064 1200 2102 posses
1251 2049 1320 2090 Me
1347 2064 1487 2090 secum

149 2109 195 2149 in
225 2108 477 2162 Hispaniam
503 2109 628 2150 ducit.
679 2108 804 2164 Nam,
834 2109 918 2149 nisi
943 2109 1004 2148 ita
1030 2108 1197 2163 faceret,
1229 2121 1321 2162 ego,
1351 2108 1487 2161 prius-

95 2184 129 2209 35
150 2182 278 2221 quam
321 2167 372 2207 ad
415 2168 564 2208 urbem
605 2168 857 2222 accederem,
893 2167 1147 2219 ubicumque
1188 2180 1318 2221 esses,
1355 2166 1406 2207 ad
1445 2170 1487 2207 te

148 2226 503 2280 percucurrissem
540 2228 581 2266 et
618 2225 698 2266 hoc
731 2241 754 2266 a
785 2228 826 2266 te
857 2239 1055 2279 praesens
1088 2224 1397 2266 contendissem
1430 2228 1488 2265 at-

150 2299 230 2338 que
264 2284 378 2325 omni
410 2284 453 2325 vi
483 2287 526 2324 te
557 2283 838 2324 retinuissem.
900 2283 1043 2324 Etiam
1076 2286 1203 2337 atque
1236 2283 1376 2338 etiam,
1421 2283 1486 2324 Ci-
1514 2294 1533 2324 5
