1665 2553
192 87 279 128 564
643 85 1080 121 PSEUDOCICERONIS

192 181 371 223 randum
402 183 444 222 et
473 182 642 224 hostem
674 181 995 235 opprimendum
1019 181 1271 235 hostemque
1296 195 1320 222 a
1344 184 1386 223 te
1411 181 1528 236 fuga-

193 243 286 281 tum
330 243 371 281 et
413 241 629 282 consulem
674 240 893 281 obsidione
929 240 1174 294 liberatum,
1217 240 1364 281 deinde
1400 240 1526 294 paulo

193 302 291 353 post
327 299 521 354 fugatum
559 300 680 340 illum
717 299 884 340 hostem
922 299 1170 340 arcessitum
1209 301 1426 352 tamquam
1462 313 1527 340 co-

193 358 387 399 heredem
427 361 597 399 mortua
632 372 677 398 re
716 358 885 411 publica
923 357 974 398 ad
1012 358 1123 398 bona
1159 357 1307 411 populi
1345 356 1526 398 Romani

193 416 409 471 capienda,
458 416 673 458 consulem
716 416 982 470 designatum
1023 430 1170 456 rursus
1213 415 1424 457 inclusum
1465 430 1527 471 eo,

193 476 267 517 ubi
317 490 360 516 se
404 490 492 517 non
533 475 771 529 moenibus,
821 475 893 516 sed
932 474 1180 515 fluminibus
1224 477 1266 516 et
1308 474 1526 516 montibus

192 537 393 576 tueretur.
443 533 558 575 Haec
584 534 678 588 quis
705 534 927 574 conabitur
953 533 1190 587 exponere?
1241 533 1335 587 quis
1361 533 1526 574 credere

193 593 391 634 audebit?
446 592 590 634 Liceat
633 592 761 633 semel
804 593 976 646 impune
1018 606 1226 647 peccasse,
1270 592 1326 632 sit
1369 592 1527 633 erranti

192 653 398 693 medicina
435 651 654 693 confessio.
715 650 876 692 Verum
912 651 1023 691 enim
1063 650 1208 691 dicam.
1268 649 1445 691 Utinam
1483 653 1526 691 te

193 711 348 765 potius,
378 710 554 765 Antoni,
579 709 795 750 (lominum
819 724 905 750 11011
931 709 1237 763 expulissemus
1263 723 1390 763 quam
1415 708 1526 750 hunc

192 770 487 824 reciperemus!
530 783 618 810 non
654 782 737 822 quo
776 768 862 809 ulla
902 768 958 808 sit
995 768 1180 821 optanda
1210 767 1409 820 servitus,
1453 767 1525 808 sed

192 829 292 883 quia
328 829 535 882 dignitate
574 827 733 868 domini
765 827 905 867 minus
937 826 1074 880 turpis
1107 830 1171 868 est
1202 826 1374 867 fortuna
1404 826 1522 867 servi.

190 886 241 928 In
277 887 440 928 duobus
471 889 612 927 autem
643 885 765 926 malis
797 900 891 926 cum
922 885 1170 940 fugiendum
1201 885 1337 926 maius
1369 885 1435 938 sit,
1466 884 1524 925 le-

190 947 284 987 vius
329 949 393 987 est
435 945 684 1000 eligendum.
754 943 831 985 Ille
875 959 922 985 ea
964 947 1108 984 tamen
1150 943 1370 997 exorabat,
1419 957 1525 997 quae

190 1005 361 1046 volebat
391 1004 567 1057 auferre,
604 1007 651 1044 tu
684 1006 919 1057 extorques.
980 1001 1058 1043 Ille
1089 1002 1237 1043 consul
1266 1002 1525 1056 provinciam

190 1064 374 1117 petebat,
405 1066 453 1104 tu
484 1063 676 1116 privatus
708 1061 977 1115 concupiscis
1033 1060 1110 1102 Ille
1142 1061 1194 1101 ad
1224 1060 1433 1101 malorum
1464 1075 1524 1101 sa-

190 1123 323 1163 lutem
355 1121 511 1162 iudicia
542 1120 829 1161 constituebat
861 1123 902 1161 et
934 1120 1048 1173 leges
1080 1119 1255 1174 ferebat,
1285 1121 1333 1159 tu
1359 1119 1410 1160 ad
1435 1133 1524 1172 per-

190 1181 342 1222 niciem
375 1180 644 1234 optimorum.
694 1178 772 1219 Ille
804 1194 827 1219 a
860 1179 1063 1232 sanguine
1095 1181 1136 1218 et
1167 1178 1360 1218 incendio
1387 1191 1525 1218 servo-

188 1255 284 1280 rum
316 1238 575 1292 Capitolium
607 1237 819 1290 tuebatur,
848 1240 896 1277 tu
928 1251 1076 1277 cruore
1107 1239 1149 1276 et
1181 1236 1349 1276 flamma
1374 1238 1524 1276 cuncta

190 1298 327 1339 delere
358 1297 432 1338 vis.
496 1295 553 1349 Si,
591 1296 664 1349 qui
695 1295 822 1336 dabat
853 1295 1091 1348 provincias
1124 1292 1270 1335 Cassio
1304 1296 1345 1334 et
1376 1293 1522 1334 Brutis

190 1360 232 1398 et
257 1356 342 1398 illis
369 1355 615 1397 custodibus
641 1354 824 1394 nominis
849 1353 996 1406 nostri,
1016 1352 1233 1407 regnabat,
1259 1351 1360 1405 quid
1385 1352 1523 1405 faciet,

190 1415 263 1469 qui
293 1415 426 1456 vitam
458 1413 637 1454 adimit?
687 1412 744 1464 Si,
769 1412 842 1466 qui
874 1426 923 1452 ex
955 1411 1059 1452 urbe
1091 1411 1280 1465 eiciebat,
1318 1413 1522 1464 tyrannus

189 1477 290 1527 erat,
310 1487 434 1527 quem
453 1472 565 1513 himc
583 1485 792 1525 vocemus,
812 1470 884 1525 qui
903 1484 955 1511 ne
974 1470 1113 1510 locum
1134 1469 1299 1523 quidem
1320 1468 1524 1522 relinquit

189 1532 366 1574 exsilio?
415 1530 582 1584 Itaque,
621 1530 657 1571 si
689 1529 790 1583 quid
820 1529 917 1570 illae
948 1528 1157 1569 maiorum
1186 1530 1432 1568 nostrorum
1464 1541 1523 1567 se-

188 1592 332 1645 pultae
364 1590 567 1644 reliquiae
599 1589 782 1642 sapiunt,
817 1588 852 1628 si
884 1602 970 1628 non
1001 1601 1084 1627 una
1115 1601 1210 1627 cum
1234 1600 1408 1639 corpore
1434 1599 1521 1626 sen-

190 1665 261 1691 sus
294 1649 431 1690 omnis
464 1662 547 1689 uno
575 1650 701 1701 atque
727 1646 871 1687 eodem
897 1648 1173 1699 consumptus
1200 1647 1263 1685 est
1287 1644 1389 1697 igni,
1422 1643 1522 1697 quid

186 1709 273 1750 illis
298 1706 674 1762 interrogantibus,
699 1705 801 1759 quid
827 1707 925 1759 agat
950 1718 1060 1745 nunc
1085 1703 1267 1757 populus
1293 1702 1521 1755 Romanus,

187 1766 460 1820 respondebit
504 1764 657 1818 aliquis
700 1766 912 1817 nostrum,
956 1762 1028 1816 qui
1065 1762 1283 1815 proximus
1320 1761 1365 1801 in
1404 1760 1521 1801 illam

187 1829 398 1867 aeternam
439 1824 609 1864 domum
647 1822 918 1863 discesserit?
963 1823 1036 1862 aut
1074 1835 1198 1874 quem
1235 1819 1441 1873 accipient
1472 1819 1521 1859 de

187 1884 274 1925 suis
317 1883 498 1937 posteris
538 1881 737 1922 nuntium
780 1881 844 1921 illi
882 1882 1043 1920 veteres
1082 1878 1290 1931 Africani,
1333 1877 1520 1931 Maximi,
1540 1896 1554 1920 3

186 1942 327 1996 Pauli,
366 1940 613 1994 Scipiones?
658 1939 759 1993 quid
796 1939 845 1980 de
883 1953 958 1979 sua
994 1937 1133 1991 patria
1170 1937 1358 1990 audient,
1395 1949 1520 1989 quam

188 2001 335 2054 spoliis
385 1998 697 2052 triumphisque
747 1996 1024 2038 decorarunt?
1081 2010 1134 2036 an
1179 2009 1269 2036 esse
1313 1993 1520 2048 quendam

187 2074 320 2100 annos
352 2070 467 2099 XVIII
498 2060 658 2109 natum,
699 2056 816 2097 cuius
849 2069 951 2095 avus
983 2054 1111 2094 fuerit
1144 2052 1421 2108 argentarius,
1453 2051 1519 2092 ad-

187 2117 415 2171 stipulator
446 2119 579 2171 pater,
610 2118 786 2168 uterque
818 2128 916 2154 vero
943 2113 1178 2166 precarium
1210 2113 1431 2165 quaestum
1462 2110 1519 2150 fe-

186 2177 308 2229 cerit,
347 2175 417 2216 sed
449 2175 555 2215 alter
586 2188 720 2227 usque
752 2172 803 2213 ad
835 2174 1102 2224 senectutem,
1140 2173 1188 2211 ut
1218 2184 1304 2210 non
1334 2170 1518 2223 negaret,

186 2234 292 2275 alter
319 2249 342 2275 a
362 2233 554 2287 pueritia,
574 2235 622 2272 ut
646 2245 732 2272 non
752 2233 895 2285 posset
920 2244 1006 2270 non
1032 2228 1239 2283 confiteri,
1265 2242 1361 2268 eum
1385 2240 1519 2281 agere,

183 2307 330 2346 rapere
373 2306 460 2332 rem
503 2290 734 2345 publicam,
778 2289 845 2330 cui
885 2288 1002 2329 nulla
1038 2288 1193 2343 virtus,
1228 2286 1369 2327 nullae
1406 2284 1518 2326 bello

1545 727 1579 751 10

1545 1019 1579 1044 15

1543 1311 1577 1335 20

1541 1603 1576 1628 525

1539 2185 1573 2210 35
