1665 2553
226 81 311 123 500
650 82 697 116 M.
720 82 861 116 TULLI
887 81 1134 117 CICERONIS

227 191 307 231 que
346 191 389 217 se
426 177 658 230 postulare,
697 179 745 217 ut
784 177 930 217 statim
968 177 1173 232 crederes,
1211 178 1298 232 sed,
1337 193 1432 219 cum
1467 179 1557 232 ipse

225 235 524 289 perspexisses,
556 238 648 275 tum
678 237 726 275 ut
758 249 802 276 se
834 250 1006 276 amares.
1061 235 1266 284 Quodnisi
1297 237 1422 278 fidem
1453 237 1557 278 mihi

225 294 405 348 fecisset,
443 294 776 347 iudicassemque
812 293 910 349 hoc,
954 294 1066 347 quod
1104 294 1214 347 dico,
1251 295 1421 336 firmum
1456 296 1557 349 fore,

225 366 312 393 non
342 352 533 393 fecissem
565 352 620 406 id,
658 352 771 405 quod
803 352 991 393 dicturus
1024 367 1127 393 sum.
1188 352 1303 393 Duxi
1335 354 1445 394 enim
1475 369 1556 395 me-

225 425 317 451 cum
357 411 665 451 adulescentem
702 410 753 450 ad
790 410 981 451 Brutum.
1045 410 1112 452 Sic
1149 411 1186 452 ei
1223 412 1450 465 probatum
1481 415 1556 466 est,

227 469 338 523 quod
376 469 427 510 ad
467 471 509 509 te
542 469 699 523 scribo,
736 471 784 509 ut
814 469 904 522 ipse
937 469 1175 523 crediderit,
1211 485 1276 510 me
1309 485 1557 524 sponsorem

226 528 411 581 accipere
447 527 632 568 noluerit
671 542 849 581 eumque
885 527 1059 568 laudans
1100 528 1351 570 amicissime
1381 530 1557 570 mentio-

224 600 320 627 nem
369 586 433 626 tui
481 586 643 639 fecerit,
699 586 940 639 complexus
991 587 1289 641 osculatusque
1338 587 1554 628 dimiserit.

226 643 359 693 Quam
404 645 456 686 ob
501 660 608 700 rem,
652 645 732 684 etsi
772 644 906 699 magis
952 648 1033 698 est,
1078 645 1191 699 quod
1231 646 1419 700 gratuler
1462 646 1556 702 tibi,

226 718 353 756 quam
385 703 498 757 quod
528 706 570 744 te
602 716 765 757 rogem,
802 706 943 743 tamen
976 704 1104 744 etiam
1134 717 1253 758 rogo,
1290 707 1350 760 ut,
1382 704 1418 745 si
1450 719 1555 758 quae

224 762 364 802 minus
409 764 531 803 antea
574 764 748 815 propter
788 762 1077 802 infirmitatem
1119 762 1269 803 aetatis
1313 765 1556 804 constanter

225 820 277 860 ab
310 835 358 860 eo
390 820 481 861 fieri
512 820 774 873 videbantur,
806 835 853 860 ea
878 820 1035 861 iudices
1061 820 1181 861 illum
1207 821 1407 862 abiecisse
1432 821 1554 862 mihi-

226 893 305 932 que
337 879 478 919 credas
510 879 692 919 multum
725 879 947 920 allaturam
979 879 1045 920 vel
1076 879 1303 932 plurimum
1333 880 1477 933 potius
1505 880 1556 921 ad

225 937 339 978 illius
370 937 572 978 iudicium
604 937 935 978 confirmandum
968 938 1264 979 auctoritatem
1295 941 1424 979 tuam.

312 995 445 1036 Bruto
479 1011 572 1036 cum
604 1010 726 1049 saepe
752 996 988 1037 iniecissem
1016 996 1064 1036 de
1091 996 1318 1051 ὁμοπλοίᾳ,
1353 1011 1440 1037 non
1466 1011 1556 1050 per-

225 1054 338 1109 inde,
381 1057 507 1108 atque
544 1068 621 1109 ego
652 1057 861 1110 putaram,
901 1055 1082 1108 arripere
1114 1055 1229 1095 Visus
1262 1058 1336 1096 est.
1398 1055 1555 1095 Existi-

224 1113 389 1153 mabam
420 1115 741 1167 μετεωρότερον
772 1128 875 1167 esse,
907 1116 947 1153 et
977 1113 1146 1153 hercule
1179 1116 1268 1153 erat
1299 1116 1341 1154 et
1372 1114 1554 1154 maxime

226 1171 274 1211 de
305 1171 426 1211 ludis.
483 1171 541 1211 At
572 1171 690 1227 mihi,
722 1186 816 1211 cum
848 1171 896 1212 ad
930 1171 1074 1212 villam
1105 1171 1316 1224 redissem,
1349 1170 1421 1212 Cn.
1449 1171 1552 1212 Luc-

224 1230 354 1283 ceius,
391 1230 464 1282 qui
494 1230 676 1270 multum
707 1230 844 1270 utitur
874 1229 1029 1283 Bruto,
1064 1230 1251 1270 narravit
1282 1230 1403 1270 illum
1434 1230 1553 1270 valde

224 1288 380 1327 morari
420 1302 507 1328 non
538 1288 906 1342 tergiversantem,
943 1288 1015 1328 sed
1047 1290 1376 1342 exspectantem,
1414 1288 1449 1328 si
1482 1289 1554 1342 qui

223 1346 331 1386 forte
370 1360 499 1386 casus.
562 1345 713 1399 Itaque
752 1346 917 1399 dubito,
955 1360 1009 1386 an
1039 1345 1270 1387 Venusiam
1311 1346 1480 1387 tendam
1512 1350 1553 1387 et

222 1404 282 1444 ibi
321 1407 557 1457 exspectem
596 1404 645 1444 de
684 1404 933 1458 legionibus.
996 1403 1041 1445 Si
1072 1405 1268 1460 aberunt,
1305 1407 1353 1445 ut
1385 1405 1553 1458 quidam

222 1463 494 1516 arbitrantur,
534 1462 814 1518 Hydruntem,
852 1463 887 1503 si
917 1466 1114 1503 neutrum
1147 1463 1225 1503 erit
1258 1462 1459 1518 ἀσφαλές,
1489 1478 1554 1504 60-

221 1521 314 1561 dem
346 1524 541 1562 revertar.
591 1521 725 1562 Iocari
756 1536 822 1562 me
854 1522 1008 1575 putas?
1058 1521 1228 1575 Moriar,
1261 1522 1296 1562 si
1329 1522 1552 1575 quisquam

220 1595 286 1620 me
324 1582 439 1620 tenet
477 1583 643 1633 praeter
681 1582 733 1620 te.
795 1580 968 1620 Etenim
1005 1580 1295 1634 circumspice,
1335 1580 1407 1621 sed
1438 1583 1551 1621 ante-

224 1653 349 1692 quam
381 1639 592 1679 erubesco.
655 1637 689 1678 O
722 1638 808 1679 dies
841 1638 885 1678 in
918 1639 1115 1692 auspiciis
1147 1638 1294 1691 Lepidi
1327 1638 1454 1691 lepide
1486 1638 1551 1679 de-

224 1697 403 1750 scriptos
442 1699 483 1737 et
524 1699 620 1750 apte
659 1697 711 1737 ad
748 1697 970 1737 consilium
1001 1697 1160 1737 reditus
1192 1696 1346 1738 nostri!
1396 1696 1551 1751 Magna

224 1755 333 1809 ῥοπὴ
366 1755 416 1795 ad
448 1755 796 1808 proficiscendum
821 1757 867 1796 in
891 1755 977 1795 tuis
1003 1755 1170 1796 litteris.
1220 1754 1362 1808 Atque
1387 1755 1550 1795 utinam

222 1816 263 1854 te
295 1814 399 1854 illic!
444 1812 525 1854 Sed
556 1816 603 1854 ut
636 1814 863 1854 conducere
894 1814 1075 1867 putabis.

310 1871 489 1925 Nepotis
517 1872 743 1925 epistulam
770 1875 974 1925 exspecto.
1021 1870 1207 1925 Cupidus
1234 1871 1304 1911 ille
1330 1871 1550 1911 meorum?

222 1931 294 1983 qui
335 1945 400 1985 ea,
443 1930 596 1983 quibus
638 1930 818 1971 maxime
856 1938 1042 1985 γαυριῶ,
1085 1929 1259 1983 legenda
1295 1943 1382 1969 non
1418 1931 1548 1982 putet.

220 1988 278 2028 Et
310 1989 371 2029 ais
404 1987 501 2042 ‘pet'
535 1988 768 2042 ἀμύμοναἿ
818 1988 882 2028 Tu
908 2003 1005 2029 vero
1027 1988 1253 2042 (ἀμύμωυζ
1285 1987 1355 2027 ille
1382 1987 1549 2040 quidem

221 2046 479 2100 *dysspovogffi
530 2046 719 2087 Mearum
752 2047 1027 2099 epistularum
1058 2046 1174 2086 nulla
1207 2049 1269 2085 est
1302 2047 1550 2100 ouvaycoywq',

220 2105 291 2144 sed
328 2105 454 2145 habet
493 2105 592 2145 Tiro
633 2105 768 2145 instar
800 2105 1085 2159 septuaginta,
1123 2107 1164 2145 et
1197 2103 1365 2157 quidem
1397 2106 1494 2144 sunt
1526 2117 1550 2143 a

220 2165 261 2202 te
300 2164 503 2216 quaedam
543 2163 777 2204 sumendae.
839 2163 924 2203 Eas
964 2177 1041 2217 ego
1082 2165 1249 2216 oportet
1288 2162 1548 2215 perspiciam,

220 2222 438 2275 corrigam.
501 2221 609 2262 Tum
641 2222 819 2275 denique
851 2222 1037 2262 edentur.

1593 430 1609 455 5

1576 723 1609 747 10

1575 1015 1608 1040 15

1574 1306 1607 1331 20

1571 1597 1604 1622 25

1569 1888 1602 1913 30

1568 2177 1601 2203 35
