1665 2553
190 105 275 147 246
614 104 662 139 Μ.
689 104 830 138 TULLI
855 103 1105 138 CICERONIS

191 215 282 242 esse
315 200 538 241 observare
572 198 791 240 Caesarem
824 201 877 252 et,
909 199 945 239 si
978 199 1206 240 secundum
1237 213 1351 240 mare
1378 198 1431 239 ad
1460 212 1528 239 me

190 259 253 300 ire
284 259 505 312 coepisset,
536 258 760 299 confestim
791 258 835 298 in
868 256 1086 298 Samnium
1112 258 1163 298 ad
1193 273 1260 298 me
1291 260 1528 312 venturum,

192 318 259 358 sin
290 320 431 358 autem
462 317 534 358 ille
566 317 722 357 circum
753 317 883 357 istaec
913 316 1004 357 loca
1030 318 1374 370 commoraretur,
1405 318 1446 356 te
1479 315 1529 370 ei,

193 376 228 417 si
259 376 435 430 propius
467 375 722 429 accessisset,
753 375 951 416 resistere
981 375 1099 415 velle.

280 434 338 475 Te
383 434 521 474 animo
565 448 720 488 magno
762 440 803 474 et
845 433 948 474 forti
989 433 1116 474 istam
1156 447 1245 474 rem
1285 446 1407 488 agere
1444 433 1528 473 exi-
1565 451 1582 477 5

193 493 332 546 stimo,
365 493 438 534 sed
471 492 716 547 diligentius
748 492 871 532 nobis
899 494 962 532 est
987 491 1225 547 videndum,
1255 506 1307 532 ne
1336 491 1529 532 distracti

191 566 313 606 pares
346 566 436 592 esse
468 551 706 591 adversa-rio
738 565 824 591 non
856 551 1085 604 possimus,
1126 565 1221 591 cum
1251 550 1324 591 ille
1354 564 1528 604 magnas

192 611 334 665 copias
375 610 530 650 habeat
572 612 613 650 et
653 609 833 650 maiores
873 609 992 650 brevi
1032 609 1257 650 habiturus
1303 608 1368 650 sit.
1430 607 1531 649 Non

193 670 305 709 enim
336 683 412 722 pro
445 671 519 709 tua
550 668 775 722 prudentia
807 667 931 708 debes
963 667 1069 708 illud
1101 667 1239 708 solum
1271 667 1530 708 animadver-

191 730 298 782 tere,
343 730 447 781 quot
492 727 537 767 in
579 726 818 780 praesentia
861 726 1055 767 cohortes
1101 729 1248 767 contra
1290 728 1332 767 te
1374 725 1529 766 habeat
1549 744 1583 769 10

192 785 363 840 Caesar,
403 785 476 826 sed
513 788 693 839 quantas
730 785 849 826 brevi
886 788 1076 838 tempore
1111 785 1301 838 equiturn
1339 787 1380 825 et
1417 784 1530 838 pedi-

192 847 285 885 tum
318 845 461 898 copias
494 846 787 885 contracturus
821 844 886 884 sit.
949 843 1028 885 Cui
1060 843 1121 883 rei
1152 843 1396 884 testimonio
1430 845 1530 883 sunt

190 903 376 957 litterae,
409 917 513 957 quas
546 902 778 943 Bussenius
810 902 861 943 ad
891 917 957 943 me
989 902 1124 956 misit3
1161 902 1206 942 in
1244 902 1399 956 quibus
1432 901 1530 942 scri-

191 961 269 1016 bit,
301 962 343 1002 id
375 961 488 1015 quod
520 961 570 1002 ab
603 961 698 1001 aliis
732 975 899 1015 quoque
929 960 1034 1001 mihi
1067 960 1286 1015 scribitur,
1322 960 1530 1014 praesidia

193 1019 433 1075 Curionem,
465 1034 570 1073 quae
603 1020 646 1060 in
671 1019 851 1061 Umbria
879 1022 919 1060 et
945 1019 1092 1060 Tuscis
1120 1021 1252 1074 erant,
1283 1018 1530 1060 contrahere
1549 1037 1582 1062 15

193 1082 234 1120 et
267 1079 319 1119 ad
351 1077 571 1119 Caesarem
602 1079 683 1118 iter
714 1079 859 1119 facere.
923 1077 1035 1126 Quae
1075 1078 1110 1118 si
1142 1077 1285 1131 copiae
1322 1078 1367 1118 in
1396 1092 1529 1118 unum

191 1137 332 1178 locum
374 1137 532 1177 fuerint
576 1139 760 1190 coactae,
803 1139 851 1176 ut
893 1151 990 1190 pars
1035 1136 1244 1177 exercitus
1288 1136 1340 1177 ad
1371 1135 1527 1176 Albam

191 1196 402 1250 mittatur,
433 1209 529 1248 pars
563 1195 615 1235 ad
645 1197 687 1235 te
720 1195 899 1248 accedat,
931 1198 979 1235 ut
1004 1209 1091 1235 non
1116 1196 1289 1248 pugnet,
1322 1195 1394 1235 sed
1423 1194 1527 1235 locis

193 1253 281 1295 suis
322 1256 547 1307 repugnet,
588 1252 782 1293 haerebis
822 1267 958 1306 neque
1000 1253 1115 1293 solus
1155 1267 1249 1292 cum
1286 1252 1370 1293 ista
1407 1253 1528 1306 copia

192 1314 356 1353 tantam
398 1311 716 1352 multitudinem
758 1311 966 1352 sustinere
1002 1310 1177 1365 poteris,
1213 1313 1262 1351 ut
1299 1311 1528 1351 frumenta·
1547 1328 1582 1352 ρο

192 1373 285 1411 tum
317 1384 396 1411 eas.

283 1428 416 1477 Quam
455 1429 508 1469 ob
546 1443 635 1469 rem
672 1430 714 1469 te
752 1441 906 1482 magno
945 1442 1070 1481 opere
1107 1427 1274 1481 hortor,
1316 1429 1365 1467 ut
1403 1441 1529 1480 quam

193 1488 377 1541 primum
418 1501 512 1528 cum
557 1486 753 1528 omnibus
798 1486 930 1540 copiis
974 1486 1055 1527 hoc
1097 1486 1252 1527 venias.
1324 1484 1529 1526 Consules

194 1546 507 1587 constituerunt
556 1546 665 1586 idem
713 1546 860 1587 facere.
926 1545 1021 1599 Ego
1065 1544 1120 1585 M.
1162 1544 1347 1585 Tuscilio
1393 1544 1444 1584 ad
1487 1547 1529 1585 te

193 1605 391 1646 mandata
417 1604 510 1645 dedi
541 1604 847 1657 providendum
879 1618 980 1658 esse,
1010 1618 1062 1644 ne
1095 1603 1200 1643 duae
1225 1602 1412 1656 legiones
1439 1602 1529 1643 sine
1548 1620 1581 1646 25

192 1662 427 1704 Picentinis
460 1662 705 1703 cohortibus
737 1662 782 1703 in
813 1665 1083 1716 conspectum
1117 1660 1307 1702 Caesaris
1340 1661 1528 1701 commit-

194 1724 394 1762 terentur.
445 1721 579 1770 Quam
611 1721 665 1762 ob
696 1736 786 1762 rem
817 1721 953 1761 nolito
980 1720 1245 1774 commoveri,
1276 1719 1312 1760 si
1344 1719 1527 1760 audieris

193 1795 260 1822 me
292 1780 474 1835 regredi,
513 1781 548 1821 si
585 1781 696 1821 forte
729 1778 882 1820 Caesar
919 1779 970 1819 ad
1007 1793 1073 1819 me
1105 1778 1260 1831 veniet,
1301 1777 1529 1818 cavendum

195 1839 307 1879 enim
338 1842 442 1892 puto
475 1853 583 1893 esse,
618 1852 672 1879 ne
708 1838 948 1892 implicatus
985 1837 1190 1878 haeream.
1252 1834 1363 1876 Nam
1392 1850 1529 1889 neque

195 1900 333 1938 castra
365 1900 538 1951 propter
570 1897 668 1937 anni
700 1899 867 1949 tempus
908 1898 950 1937 et
981 1895 1168 1936 militum
1199 1894 1361 1935 animos
1394 1894 1528 1935 facere
1548 1912 1581 1936 30

194 1970 386 2010 possum,
421 1970 557 2009 neque
590 1969 638 1996 ex
671 1955 867 1996 omnibus
905 1954 1071 2008 oppidis
1109 1952 1354 1995 contrahere
1386 1952 1528 2006 copias

196 2014 382 2068 expedit,
424 2029 476 2054 ne
512 2016 727 2067 receptum
770 2013 973 2053 amittam.
1033 2011 1183 2065 Itaque
1225 2025 1311 2051 non
1348 2011 1528 2064 amplius

197 2084 298 2113 XIIII
346 2072 541 2113 cohortes
590 2071 811 2112 Luceriam
860 2071 988 2125 coegi.
1063 2069 1267 2111 Consules
1322 2069 1530 2123 praesidia

197 2130 338 2171 onmia
370 2131 587 2171 deducturi
620 2132 719 2171 sunt
750 2133 822 2170 aut
853 2130 898 2170 in
930 2129 1118 2170 Siciliam
1150 2128 1263 2168 ituri.
1313 2126 1425 2168 Nam
1456 2129 1529 2168 aut

197 2188 427 2229 exercitum
451 2189 620 2229 firmum
650 2188 805 2229 habere
832 2190 1011 2242 oportet,
1042 2201 1124 2240 quo
1157 2186 1415 2227 confidamus
1440 2200 1530 2239 per-
1548 2202 1582 2228 35

196 2261 389 2300 rumpere
420 2262 497 2288 nos
529 2261 671 2301 posse,
709 2249 782 2287 aut
819 2247 1012 2301 regiones
1052 2245 1140 2285 eius
1180 2245 1294 2286 modi
1327 2242 1530 2297 obtinere,

197 2319 219 2345 e
258 2305 411 2357 quibus
458 2319 759 2360 repugnemus3
801 2305 846 2345 id
890 2304 1002 2358 quod
1041 2306 1239 2344 neutrum
1281 2302 1406 2344 nobis
1449 2301 1530 2344 hoc
