1665 2553
373 113 712 148 EPISTULARUM
731 112 796 147 AD
822 111 1037 147 ATTICUM
1062 112 1096 146 H
1123 117 1152 147 1.
1378 112 1433 152 41

92 210 290 266 progredi
321 212 478 265 posset,
509 209 630 250 valde
662 223 740 264 ego
773 211 814 250 te
840 208 959 249 istim
985 209 1222 249 excitarem.
1274 207 1436 249 Verum

92 270 304 326 praeclare
329 269 528 311 Metellus
561 268 738 322 impedit
770 270 811 308 et
836 267 1049 321 impediet.
1100 266 1211 315 Quid
1237 267 1435 321 quaeris?

93 331 158 371 est
189 328 338 370 consul
369 329 631 382 φιλόπατρις
663 329 721 382 et,
765 328 813 367 ut
845 341 1010 380 semper
1040 326 1242 381 iudicavi,
1282 328 1437 366 natura

94 388 244 429 bonus.
305 385 382 428 Ille
421 389 562 427 autem
598 400 686 427 non
723 385 915 440 simulat,
956 385 1028 426 sed
1068 385 1194 439 plane
1234 385 1435 426 tribunus

57 464 73 490 5
93 447 148 500 pl.
181 446 272 488 fieri
304 446 430 500 cupit.
494 444 584 494 Qua
615 445 662 486 de
698 459 742 485 re
785 458 914 498 quom
953 444 998 485 in
1040 447 1190 485 senatu
1229 446 1437 498 ageretur,

93 506 201 560 fregi
231 505 447 546 hominem
480 507 521 545 et
557 503 889 545 inconstantiam
928 503 1017 544 eius
1055 502 1326 557 reprehendi,
1364 503 1438 556 qui

93 564 253 606 Romae
285 564 552 604 tribunatum
582 563 637 616 pl.
670 565 849 616 peteret,
885 576 981 603 cum
1017 561 1062 602 in
1095 560 1240 602 Sicilia
1277 561 1438 602 heredi-

93 626 226 665 tatem
258 637 302 664 se
334 625 476 676 petere
514 622 770 675 dictitasset,
809 635 945 674 neque
986 635 1141 676 magno
1186 635 1310 674 opere
1350 620 1438 660 dixi

94 696 185 723 esse
215 682 340 723 nobis
372 680 662 734 laborandum,
695 680 807 734 quod
831 679 966 720 nihilo
992 679 1128 734 magis
1156 679 1195 720 ei
1219 679 1438 720 liciturum

41 759 74 783 10
95 743 206 782 esset
238 740 403 794 plebeio
442 754 530 780 rem
571 739 786 793 publicam
826 737 1015 793 perdere,
1058 753 1185 792 quam
1225 738 1438 779 similibus

95 801 184 840 eius
217 813 284 840 me
317 799 489 840 consule
520 798 711 853 patriciis
745 800 857 839 esset
887 797 1063 838 licitum.
1125 796 1233 851 Iam,
1266 811 1363 838 cum
1395 811 1440 837 se

94 859 167 900 ille
208 858 388 912 septimo
430 858 496 898 die
536 857 703 898 venisse
745 871 768 897 a
808 856 917 897 freto
966 870 1101 909 neque
1144 855 1227 896 sibi
1269 856 1441 897 obviam

96 931 350 972 quemquam
380 916 548 970 prodire
573 915 765 970 potuisse
791 917 832 956 et
857 917 988 955 noctu
1014 929 1057 955 se
1084 915 1286 955 introisse
1313 914 1440 955 dixis-

97 979 159 1017 set
191 976 237 1017 in
273 990 407 1029 eoque
449 989 493 1016 se
531 975 576 1015 in
616 974 812 1015 contione
852 973 1071 1028 iactasset,
1112 973 1220 1014 nihil
1262 973 1300 1014 ei
1339 973 1440 1014 novi
1488 1002 1495 1005 -

42 1052 75 1077 15
96 1035 181 1076 dixi
221 1034 431 1076 accidisse.
494 1033 587 1074 ‘Ex
627 1031 806 1074 Sicilia
847 1032 1062 1086 septimo
1102 1032 1180 1073 die
1218 1031 1442 1086 Romam,

96 1097 210 1135 ante
254 1093 422 1134 tribus
472 1092 614 1134 horis
650 1090 806 1133 Roma
848 1089 1199 1132 Interamnam.
1272 1090 1442 1132 Noctu

97 1152 350 1206 introisti,
392 1152 520 1192 idem
564 1152 689 1192 ante.
766 1149 879 1191 Non
929 1152 1004 1190 est
1052 1149 1179 1190 itum
1224 1149 1442 1202 obviam3

94 1226 153 1252 ne
179 1214 283 1251 tum
311 1210 527 1264 quidem,
559 1224 705 1264 quom
731 1209 796 1249 iri
821 1208 1033 1249 maxime
1059 1207 1266 1249 debuit.'
1331 1208 1442 1257 Quid

98 1269 293 1324 quaeris?
344 1269 561 1310 hominem
601 1267 864 1322 petulantem
905 1267 1145 1308 modestum
1186 1267 1314 1308 reddo
1355 1282 1442 1307 non

43 1346 77 1370 20
98 1329 236 1370 solum
256 1331 460 1382 perpetua
479 1327 690 1382 gravitate
711 1326 928 1381 orationis,
948 1326 1021 1367 sed
1040 1326 1169 1367 etiam
1188 1325 1270 1367 hoc
1290 1340 1444 1381 genere

97 1387 318 1428 dictorum.
367 1385 518 1440 Itaque
549 1386 634 1426 iam
657 1385 925 1426 familiariter
954 1399 1049 1426 cum
1073 1384 1166 1439 ipso
1194 1384 1370 1426 cavillor
1396 1399 1444 1425 ac

97 1447 230 1500 iocor,
262 1445 365 1499 quin
398 1445 538 1499 etiam,
569 1459 664 1485 cum
684 1444 954 1485 candidatum
975 1443 1286 1499 deduceremus,
1319 1458 1443 1497 quae-

98 1505 155 1545 rit
185 1518 235 1544 ex
275 1518 360 1557 me,
400 1518 503 1544 num
538 1517 805 1544 consuessem
839 1502 992 1543 Siculis
1024 1503 1165 1543 locum
1197 1502 1445 1557 gladiatori-

99 1564 178 1604 bus
211 1563 319 1604 dare.
380 1561 555 1616 Negavi.
606 1561 686 1602 ‘At
718 1561 844 1617 ego',
874 1561 1034 1617 inquit,
1066 1561 1246 1602 ‘novus
1273 1563 1443 1615 patro-

45 1639 79 1664 25
98 1636 189 1663 nus
221 1621 510 1675 instituam,
553 1620 635 1661 sed
667 1635 827 1673 soror,
870 1634 996 1673 quae
1028 1622 1225 1660 tantum
1257 1619 1444 1660 habeat

101 1680 390 1722 consularis
428 1680 544 1733 loci,
588 1694 743 1720 unum
780 1678 903 1719 mihi
936 1678 1098 1719 solum
1129 1678 1300 1731 pedem
1332 1677 1444 1718 dat’

101 1738 276 1794 ‘Noli',
316 1738 488 1792 inquam
522 1738 593 1778 ‘de
623 1752 719 1778 uno
752 1737 873 1791 pede
910 1736 1102 1777 sororis
1131 1737 1289 1790 queri,
1321 1737 1444 1777 licet

101 1798 255 1839 etiam
288 1798 503 1838 alterum
528 1797 714 1837 tollas.’
763 1795 863 1837 Non
889 1794 1119 1848 consulare,
1151 1795 1330 1848 inquies,
1363 1795 1445 1835 dic-

100 1860 202 1897 tum.
252 1855 424 1909 Fateor,
457 1855 530 1896 sed
556 1869 633 1909 ego
659 1854 777 1895 illam
805 1854 873 1895 odi
898 1853 1006 1894 male
1034 1853 1307 1894 consularem.
1359 1853 1444 1894 ‘Ea

47 1932 82 1956 30
102 1917 178 1955 est
209 1915 320 1955 enim
361 1914 627 1968 seditiosa,
669 1927 723 1954 ea
763 1927 869 1953 cum
907 1912 1015 1952 viro
1058 1911 1246 1952 bellum
1287 1912 1443 1966 gerit'

100 1987 236 2026 neque
268 1973 405 2014 solum
437 1987 531 2013 cum
557 1972 742 2025 Metello,
775 1971 846 2012 sed
879 1971 1006 2011 etiam
1033 1984 1128 2011 cum
1152 1969 1298 2024 Fabio,
1332 1970 1445 2024 quod

102 2046 173 2073 eos
205 2032 338 2084 †esse
369 2032 415 2072 in
445 2031 525 2072 hoc
557 2045 646 2072 esse
678 2030 854 2071 moleste
887 2030 980 2069 fert.

192 2088 312 2138 Quod
352 2090 401 2131 de
442 2090 607 2144 agraria
646 2089 739 2143 lege
781 2088 968 2143 quaeris,
1011 2101 1110 2128 sane
1151 2087 1234 2127 iam
1275 2086 1443 2128 videtur

102 2148 329 2189 refrixisse.
391 2147 512 2197 Quod
547 2163 614 2189 me
653 2147 835 2201 quodam
872 2146 996 2186 modo
1034 2144 1155 2186 molli
1186 2145 1360 2186 brachio
1394 2146 1444 2186 de

49 2223 82 2249 35
102 2206 278 2260 Pompei
309 2206 599 2247 familiaritate
627 2206 839 2260 obiurgas,
870 2205 1004 2245 nolim
1030 2203 1091 2244 ita
1117 2203 1346 2259 existimes,
1377 2219 1444 2245 me

102 2266 185 2306 mei
216 2264 413 2319 praesidii
445 2279 570 2306 causa
602 2279 695 2306 cum
728 2265 802 2305 illo
835 2263 1107 2304 coniunctum
1139 2276 1248 2317 esse,
1280 2263 1353 2304 sed
1384 2263 1445 2304 ita

103 2338 168 2365 res
201 2326 290 2364 erat
322 2323 537 2377 instituta,
578 2326 643 2377 ut,
685 2323 719 2364 si
760 2323 871 2363 inter
908 2335 986 2362 nos
1019 2322 1129 2362 esset
1161 2321 1303 2375 aliqua
1333 2321 1445 2362 forte
