1665 2553
201 57 286 99 286
629 57 678 92 M.
706 57 847 91 TULLI
872 55 1120 91 CiCEROle

202 168 283 208 que
320 167 555 195 sermonem
594 152 791 194 omnibus
823 152 964 193 verbis
999 165 1242 205 expressum
1275 150 1422 192 statim
1452 151 1549 192 mit-

153 216 300 255 4ta1n.
363 212 428 253 Tu
466 226 578 253 nune
617 211 733 252 omni
765 225 905 252 amore
938 210 1114 264 enitere,
1152 213 1199 251 ut
1230 225 1309 251 nos
1341 225 1441 251 eura
1471 213 1547 251 tua

203 274 244 313 et
275 271 500 325 prudentia
532 271 661 311 iuves.
723 269 790 310 Ita
823 270 966 310 subito
1000 269 1191 324 accurrit,
1232 271 1280 309 ut
1311 283 1363 309 ne
1396 269 1440 310 T.
1466 268 1547 310 Re-

202 330 338 371 bilum
372 330 552 383 quidem,
584 331 632 369 ut
659 328 977 381 constitueram,
1010 328 1173 381 possim
1204 327 1365 381 videre3
1408 328 1549 368 omnia

203 389 327 430 nobis
365 388 586 442 imparatis
629 387 800 442 agenda.
853 386 933 427 Sed
965 389 1107 427 tamen
1133 387 1259 428 “ἄλλα
1284 384 1364 440 μὲν
1390 386 1549 441 αὐτός’,
1587 402 1603 429 5

203 450 251 488 ut
291 448 349 487 ait
386 447 475 501 ille,
514 447 639 487 “iimcc
677 443 725 487 δὲ
762 444 833 487 καὶ
866 447 1036 499 δαίμων
1067 445 1366 499 ὑποθήσεται’.
1429 444 1550 493 Quic-

208 506 308 560 quid
340 519 478 560 egero,
510 505 712 546 continuo
746 505 864 545 scies.
922 504 1123 545 Mandata
1155 502 1345 545 Caesaris
1379 503 1430 544 ad
1456 518 1550 544 eon-

206 565 318 605 sules
358 567 399 605 et
437 564 488 605 ad
519 563 786 617 Pompeium,
820 577 926 617 quae
964 577 1108 618 rogas,
1146 562 1264 603 nulla
1295 562 1431 603 habeo
1464 563 1550 616 †et

207 623 414 676 descripta
453 623 600 663 attulit
632 622 706 663 illa
737 637 775 675 e,
816 636 863 663 ea
894 621 992 662 misi
1026 622 1076 662 ad
1107 624 1149 662 te
1182 624 1297 675 ante3
1341 635 1362 661 e
1394 621 1549 674 quibus

205 682 404 722 mandata
441 684 545 735 puto
585 681 776 736 intellegi
809 695 942 734 posse.
1004 679 1228 733 Philippus
1260 678 1443 733 Neapoli
1475 682 1551 733 est,
1570 698 1605 723 10

206 740 412 781 Lentulus
439 740 641 781 Puteolis.
685 739 749 781 De
769 739 974 794 Domitio,
1006 742 1054 780 ut
1081 739 1197 794 facis,
1230 739 1457 794 sciscitare,
1476 738 1551 779 ubi

209 800 278 852 sit,
312 799 413 852 quid
446 799 616 853 cogitet.

160 870 179 901 5
297 858 416 907 Quod
467 857 616 898 scribis
669 857 857 912 asperius
905 872 987 912 me,
1037 871 1163 910 quam
1207 856 1290 897 mei
1334 856 1552 910 patiantur

207 931 366 972 mores,
411 916 459 957 de
497 916 705 970 Dionysio
740 916 977 970 scripsisse,
1016 916 1130 971 vide,
1169 930 1295 969 quam
1334 915 1413 956 sim
1446 914 1552 955 anti-

209 990 389 1029 quorum
429 975 662 1017 hominum.
725 975 782 1016 Te
824 975 987 1016 medius
1028 975 1152 1015 fidius
1191 974 1299 1014 hane
1339 988 1429 1015 rem
1461 987 1552 1028 gra-
1572 991 1605 1017 15

207 1035 301 1075 vius
341 1035 489 1088 putavi
531 1034 719 1075 laturum
763 1048 853 1074 esse
892 1049 1017 1088 quam
1056 1048 1133 1074 me.
1196 1031 1326 1087 Nam,
1369 1035 1552 1086 praeter-

209 1108 334 1146 quam
374 1093 486 1147 quod
523 1095 565 1133 te
597 1093 758 1133 moveri
790 1093 975 1133 arbitror
1008 1095 1203 1145 oportere
1234 1091 1407 1145 iniuria,
1447 1105 1552 1145 quae

208 1151 313 1192 mihi
347 1167 370 1192 a
402 1166 616 1205 quoquam
647 1152 758 1192 facta
785 1152 851 1205 sit,
883 1154 1100 1204 praeterea
1134 1154 1175 1191 te
1201 1150 1342 1203 ipsum
1370 1150 1552 1203 quodam

208 1210 332 1251 modo
377 1210 445 1250 hie
488 1209 683 1263 violavit,
727 1224 821 1250 cum
866 1209 911 1250 in
953 1224 1019 1250 me
1062 1212 1151 1250 tam
1195 1208 1414 1262 improbus
1458 1208 1550 1248 fuit.

210 1267 308 1323 Sed,
352 1271 400 1309 tu
438 1269 482 1309 id
523 1269 672 1321 quanti
705 1268 919 1322 aestimes,
964 1270 1087 1308 tuum
1118 1267 1320 1308 iudicium
1352 1270 1432 1321 est,
1476 1281 1551 1307 neo
1572 1284 1606 1309 20

208 1330 350 1368 tamen
401 1327 446 1367 in
488 1327 568 1367 hoo
612 1327 693 1367 tibi
739 1327 966 1380 quiequam
1013 1326 1151 1367 oneris
1196 1326 1382 1379 impono.
1456 1325 1552 1380 Ego

209 1389 351 1426 autem
389 1385 511 1426 illum
550 1385 657 1426 male
691 1400 840 1426 sanum
873 1400 1037 1439 semper
1069 1384 1235 1439 putavi,
1278 1398 1391 1425 nuno
1423 1384 1552 1424 etiam

208 1445 423 1498 impurum
461 1447 503 1485 et
542 1444 790 1485 sceleratum
830 1447 934 1498 puto
971 1457 1048 1485 nec
1086 1446 1229 1484 tamen
1267 1442 1374 1483 mihi
1416 1442 1552 1483 inimi-

209 1504 364 1544 ciorem
403 1518 529 1557 quam
562 1503 655 1544 sibi.
717 1502 970 1557 Philargyro
1004 1502 1110 1543 bene
1141 1502 1308 1543 curasti.
1371 1499 1552 1542 Causam

209 1565 319 1603 certe
355 1562 546 1602 habuisti
585 1564 627 1603 et
664 1576 806 1602 veram
846 1565 888 1602 et
920 1562 1092 1616 bonam,
1137 1561 1332 1601 relietum
1363 1574 1453 1601 esse
1485 1575 1552 1601 me
1573 1577 1605 1602 25

208 1621 351 1675 potius
385 1635 511 1675 quam
543 1621 776 1674 reliquisse.

162 1692 181 1721 6
297 1678 405 1721 Cum
444 1679 651 1720 dedissem
690 1681 774 1720 iam
814 1679 979 1720 litteras
1019 1694 1053 1719 a.
1086 1678 1121 1718 d.
1154 1689 1236 1718 V111
1273 1676 1381 1732 Kal,
1419 1677 1552 1731 pueri,

210 1753 315 1792 quos
349 1753 443 1779 eum
476 1738 610 1779 Matio
645 1741 685 1779 et
718 1738 918 1779 Trebatio
951 1737 1161 1791 miseram,
1194 1736 1419 1790 epistulam
1445 1735 1552 1776 mihi

209 1797 447 1838 attulerunt
478 1797 559 1838 hoe
591 1797 803 1851 exemplo:

257 1888 480 1923 ‘MATIUS
512 1888 580 1922 ET
613 1888 930 1922 TREBATIUS
964 1886 1228 1934 CICERONI
1259 1886 1365 1920 IMP.
1388 1885 1495 1920 SAL.
1570 1892 1605 1917 30
1646 1915 1647 1918 ,

297 1972 416 2014 Cum
461 1971 629 2026 Capua
677 1973 974 2026 exissemus,
1024 1971 1074 2012 in
1118 1971 1305 2011 itinere
1350 1969 1550 2010 audivi-

208 2046 313 2071 mus
356 2031 647 2085 Pompeium
691 2030 968 2071 Brundisio
1003 2045 1036 2070 a.
1072 2030 1107 2070 d.
1140 2041 1220 2069 XVI
1257 2028 1308 2069 K.
1341 2027 1548 2081 Apriles

209 2105 313 2130 cum
358 2090 588 2130 omnibus
630 2089 810 2143 copiis,
856 2103 978 2143 quas
1019 2087 1219 2142 habuit,
1263 2087 1549 2140 profectum

210 2162 334 2202 esse,
374 2147 636 2189 Caesarem
674 2150 880 2202 postero
920 2147 996 2187 die
1027 2147 1081 2186 in
1113 2145 1351 2199 oppidum
1382 2145 1549 2185 intro-

208 2206 327 2260 isse,
373 2207 727 2248 eontionatum
771 2220 895 2261 esse,
938 2205 1052 2246 inde
1095 2204 1300 2245 Romam
1344 2205 1602 2245 conten-35

210 2264 358 2318 disse,
398 2265 525 2305 velle
559 2268 673 2306 ante
704 2264 755 2306 Κ.
789 2279 896 2305 esse
929 2264 986 2305 ad
1018 2263 1191 2304 urbem
1223 2265 1274 2303 et
1305 2261 1547 2316 pauculos
