1665 2553
349 71 690 106 EPISTULARUM
715 71 779 105 AD
805 69 1020 105 ATTICUM
1045 70 1131 105 VIII
1159 74 1212 114 13,
1242 74 1295 104 14.
1405 69 1492 110 249

151 171 247 210 11133
273 167 476 222 epistulas
502 167 612 222 lego,
643 166 779 208 multo
807 166 935 208 etiam
960 166 1107 221 magis.
1159 164 1343 206 Omnino
1371 165 1492 206 intel-

150 227 246 282 lego
278 226 443 267 nullum
474 226 605 267 fuisse
638 229 805 279 tempus
836 228 935 279 post
965 225 1043 266 has
1075 225 1199 279 fugas
1231 227 1272 265 et
1303 223 1492 265 formidi-

150 301 224 327 nes
256 288 438 339 nostras,
470 284 583 339 quod
613 285 749 339 magis
780 284 973 325 debuerit
1004 286 1171 324 mutum
1203 297 1294 325 esse
1326 298 1349 323 a
1379 283 1492 323 litte-

152 344 229 399 ris,
271 346 496 409 propterea
535 343 647 397 quod
683 357 819 397 neque
856 342 1018 384 Romae
1057 343 1283 396 quicquam
1321 341 1492 382 auditur

118 421 133 446 5
151 403 251 444 novi
281 417 357 443 nec
385 403 430 443 in
457 402 524 443 1113
550 402 667 456 10013,
696 416 802 456 quae
829 417 852 442 a
877 401 1105 442 Brundisio
1133 401 1289 442 absunt
1315 400 1491 454 propius

152 462 317 515 †quam
341 463 389 502 tu
425 461 598 502 biduum
624 463 696 501 aut
722 460 920 502 triduum
970 460 1173 501 Brundisi
1199 462 1341 500 autem
1369 473 1492 500 omne

153 522 365 561 certamen
395 519 577 560 vertitur
607 519 733 560 huius
765 519 893 573 primi
923 519 1140 572 temporis.
1198 517 1288 566 Qua
1321 518 1492 572 quidem

154 579 467 633 exspectatione
504 581 715 632 torqueor.
779 577 859 618 Sed
896 578 1038 619 omnia
1076 580 1173 618 ante
1204 576 1352 618 Nonas
1392 577 1492 617 scie-

152 652 257 678 mus.
302 637 464 678 Eodem
496 637 608 677 enim
640 637 706 677 die
731 637 851 678 video
879 635 1099 678 Caesarem
1131 651 1154 677 a
1179 634 1366 677 Corfinio
1394 638 1493 689 post

101 713 135 738 ιο
154 696 372 737 meridiem
403 696 640 749 profectum
670 710 772 748 esse,
803 695 847 736 id
878 698 942 736 est
974 694 1208 749 Feralibus,
1240 709 1324 748 quo
1358 693 1493 735 Canu-

154 755 216 796 sio
249 769 371 795 mane
396 754 655 808 Pompeium.
704 754 769 795 Eo
801 754 927 794 modo
954 757 1096 795 autem
1122 753 1313 794 ambulat
1340 751 1494 794 Caesar

156 816 197 854 et
222 813 274 854 iis
300 813 526 868 congiariis
553 813 739 853 militum
765 813 1025 854 celeritatem
1049 813 1211 865 incitat,
1236 815 1284 853 ut
1310 812 1495 867 timeam,

153 886 207 913 ne
247 872 372 912 citius
411 871 462 912 ad
498 871 792 925 Brundisium,
836 887 962 925 quam
1000 886 1104 925 opus
1142 871 1217 924 sit,
1261 871 1493 912 accesserit.

154 930 297 971 Dices:
348 929 479 978 ‘Quid
520 930 653 984 igitur
696 930 882 984 proficis,
926 930 999 984 qui
1045 929 1250 984 anticipes
1298 930 1387 970 eius
1434 929 1495 970 rei

102 1006 135 1031 15
155 989 412 1042 molestiam,
458 1003 584 1043 quam
626 989 767 1029 triduo
812 989 994 1029 sciturus
1039 989 1147 1029 sis?’
1218 988 1341 1029 Nihil
1382 988 1512 1042 equi-'

157 1047 266 1102 dem,
299 1047 382 1100 sed,
412 1050 459 1088 ut
492 1061 619 1100 supra
651 1047 755 1100 dixi,
787 1050 928 1088 tecum
960 1047 1218 1101 perlibenter
1248 1047 1423 1101 loquor,
1454 1049 1496 1087 et

157 1106 285 1147 simul
316 1106 421 1146 scito
454 1106 597 1146 labare
628 1121 770 1146 meum
808 1106 1032 1146 consilium
1072 1105 1196 1160 illud,
1238 1105 1350 1159 quod
1392 1105 1496 1146 satis

155 1165 240 1206 iam
282 1164 413 1205 fixum
456 1164 689 1205 videbatur.
759 1163 859 1205 Non
907 1164 1013 1205 mihi
1066 1165 1170 1205 satis
1212 1164 1354 1205 idonei
1397 1166 1497 1204 sunt

157 1226 350 1264 auctores
382 1223 426 1277 ii,
458 1223 531 1277 qui
562 1238 586 1263 a
617 1225 658 1263 10
690 1223 936 1277 probantur.
1000 1222 1120 1271 Quod.
1152 1223 1264 1263 enim
1295 1237 1498 1276 umquam

104 1299 138 1324 20
158 1296 304 1322 eorum
343 1282 388 1322 in
427 1296 471 1322 re
511 1281 681 1335 publica
721 1282 830 1322 forte
867 1282 1027 1322 factum
1060 1281 1254 1322 exstitit?
1296 1284 1369 1322 aut
1402 1281 1497 1335 quis

159 1341 211 1381 ab
242 1340 295 1381 iis
327 1340 454 1380 ullam
483 1355 572 1380 rem
596 1340 719 1380 laude
745 1340 915 1395 dignam
942 1340 1179 1381 desiderat?
1217 1339 1307 1381 Nec
1338 1340 1498 1380 melier-

158 1398 250 1439 cule
279 1398 511 1439 laudandos
544 1399 755 1451 existimo,
787 1399 860 1452 qui
891 1402 1008 1440 trans
1041 1413 1156 1439 mare
1188 1398 1290 1439 belli
1322 1398 1499 1452 parandi

159 1471 284 1498 causa
332 1457 511 1510 profecti
555 1460 664 1498 sunt.
735 1456 1000 1511 Quamquam
1043 1457 1146 1498 11300
1195 1457 1366 1498 ferenda
1411 1471 1499 1498 non

161 1518 290 1556 erant.
359 1515 493 1556 Video
539 1516 672 1571 enim,
721 1519 928 1570 quantum
977 1516 1020 1557 id
1070 1516 1230 1557 bellum
1279 1519 1320 1556 et
1371 1530 1498 1569 quam

107 1591 140 1616 25
158 1574 409 1627 pestiferum
450 1574 643 1614 futurum
690 1574 758 1615 sit.
829 1573 910 1615 Sed
958 1589 1025 1615 me
1074 1577 1215 1615 movet
1263 1589 1372 1615 unus
1416 1574 1500 1629 Vir3

160 1633 278 1673 cuius
310 1632 513 1686 fugientis
545 1647 702 1687 0011103,
739 1647 829 1673 rem
866 1633 1079 1686 publicam
1116 1633 1404 1686 recuperantis
1436 1647 1500 1673 so-

161 1691 250 1732 cius
281 1691 426 1731 videor
458 1705 546 1731 esse
578 1691 739 1731 debere.
803 1691 1046 1732 ‘Totiensne
1077 1691 1211 1745 igitur
1244 1691 1499 1731 sententiam

161 1750 346 1790 mutas?'
407 1748 501 1801 Ego
540 1752 679 1790 tecum
715 1752 935 1802 tamquam
974 1764 1137 1790 mecum
1168 1749 1332 1803 loquor.
1395 1748 1499 1797 Quis

163 1810 304 1848 autem
336 1810 412 1863 031,
442 1810 562 1848 131113
595 1807 764 1861 quidem
795 1808 844 1848 de
875 1822 920 1848 re
952 1808 1056 1861 quin
1086 1807 1200 1848 varie
1236 1822 1378 1848 secum
1408 1807 1500 1860 ipse

110 1883 144 1908 30
165 1865 380 1919 disputet?
421 1866 549 1906 simul
588 1869 630 1906 01
668 1866 815 1907 elicere
846 1866 969 1919 cupio
1002 1866 1256 1906 sententiam
1286 1868 1423 1920 tuam,
1464 1865 1500 1906 si

162 1927 316 1979 manet,
346 1927 394 1965 ut
425 1924 588 1965 firmior
614 1924 707 1979 sim,
738 1925 773 1965 31
798 1927 963 1965 111111313
989 1927 1065 1979 031,
1095 1927 1142 1965 111
1168 1924 1249 1964 11111
1275 1924 1498 1964 3(130111131·.

165 1980 345 2022 Omnino
378 1982 430 2023 ad
460 1983 515 2037 id,
546 1983 595 2023 de
628 1998 710 2036 quo
744 1983 905 2037 dubito,
937 1983 1120 2036 pertinet
1151 1997 1217 2023 me
1249 1982 1365 2037 scire,
1399 1983 1499 2036 quid

163 2039 379 2081 Domitius
411 2044 580 2082 acturus
613 2042 680 2094 sit,
714 2042 814 2095 quid
844 2045 991 2082 noster
1022 2040 1239 2081 Lentulus.

252 2097 316 2139 De
342 2098 531 2140 Domitio
564 2100 680 2140 varia
712 2100 905 2140 audimus
937 2100 966 2153 ἡ·
992 2099 1116 2140 modo
1144 2114 1234 2140 esse
1260 2099 1305 2139 in
1330 2098 1501 2140 Tiburti

112 2173 146 2198 35
166 2158 239 2196 aut
269 2157 398 2210 lepidi
430 2172 513 2211 quo
546 2172 640 2198 cum
670 2158 834 2211 lepidus
868 2158 1087 2199 accessisse
1113 2158 1164 2198 ad
1196 2157 1355 2211 urbem,
1389 2158 1502 2211 quod

164 2214 268 2255 item
298 2215 454 2255 falsum
484 2216 606 2256 video
639 2231 741 2257 esse.
778 2216 853 2257 Ait
886 2217 997 2257 enim
1022 2215 1206 2269 Lepidus
1238 2230 1333 2256 eum
1358 2216 1500 2257 1103010

165 2287 248 2327 quo
290 2276 532 2327 penetrasse
573 2274 798 2315 itineribus
830 2276 859 2328 †
901 2274 1137 2316 occultandi
1179 2275 1243 2315 sui
1284 2289 1408 2316 causa
1449 2290 1503 2316 an

1526 1994 1546 2023 02
