1665 2553
200 203 222 233 4

204 1903 223 1932 [ὓ

247 95 332 136 476
688 96 735 130 Μ.
763 95 903 130 TULLI
928 95 1176 130 CICERONIS

336 192 394 232 Et
431 191 536 232 heus
574 193 639 233 tu!
685 205 739 232 ne
779 191 890 232 forte
931 192 988 232 sis
1029 192 1213 245 nescius,
1256 191 1479 233 Dolabella
1519 205 1586 232 me

249 250 332 291 sibi
374 251 535 305 legavit
579 265 612 291 a.
652 250 687 290 d.
726 262 794 290 1111
831 249 989 291 Nonas.
1060 249 1109 291 Id
1148 250 1253 291 mihi
1291 250 1382 290 heri
1420 250 1585 303 vesperi

247 309 492 350 nuntiatum
531 311 605 349 est.
666 308 825 349 votiva
862 323 914 349 ne
951 309 1032 349 tibi
1072 309 1241 362 quidem
1273 308 1482 363 placebat3
1528 311 1585 349 et-

250 368 360 408 enim
392 370 481 409 erat
508 367 750 421 absurdum,
783 382 900 421 quae,
933 367 968 408 si
995 368 1184 408 stetisset
1210 382 1276 409 res
1303 367 1485 422 publiea,
1515 381 1585 408 vo-

248 427 415 482 vissem,
447 440 494 467 ea
523 440 591 466 me
623 440 766 467 eversa
797 426 872 467 illa
903 428 1003 467 vota
1036 425 1274 467 dissolvere.
1325 426 1384 466 Et
1414 425 1585 480 habent,
1622 445 1638 470 5

249 486 412 539 opinor,
442 485 600 525 liberae
631 484 866 538 legationes
898 484 1118 526 definitum
1150 487 1316 538 tempus
1348 484 1440 539 lege
1465 483 1586 537 Iulia,

248 558 323 584 nee
355 543 476 584 facile
503 543 598 584 addi
623 545 776 597 potest.
826 542 943 584 Aveo
971 557 1103 598 genus
1131 543 1371 597 leo-ationis,
1401 545 1460 595 ut,
1492 558 1586 584 eum

249 602 373 658 velis,
412 602 602 656 introire,
642 602 754 643 exile
786 601 928 657 liceat,
974 602 1087 656 quod
1117 616 1228 643 nune
1259 601 1365 642 mihi
1398 601 1587 642 additum

249 664 324 702 est.
380 660 499 701 Bella
531 663 595 702 est
628 663 769 701 autem
800 660 926 701 huius
960 661 1065 701 iuris
1098 661 1378 715 quinquennii
1403 660 1585 701 licentia.

250 720 513 773 Quamquam
557 720 658 772 quid
699 721 746 760 de
790 719 1077 773 quinquennio
1121 719 1331 774 cogitem?
1382 717 1587 760 Contrahi
1607 739 1641 764 10

250 778 354 819 mihi
385 779 606 832 negotium
638 777 815 818 videtur.
879 777 960 818 Sed
990 779 1225 833 βλάσφημα
1257 778 1486 819 mittamus.

873 894 965 936 XII.

423 975 496 1011 Ser.
517 977 558 1010 in
584 976 731 1010 Antiati
763 975 796 1009 V
818 979 882 1010 aut
907 976 969 1009 IV
991 976 1047 1010 Id.
1069 976 1153 1010 Imz.
1175 988 1207 1010 α.
1232 978 1301 1010 710
1328 978 1416 1019 (44),

652 1057 843 1092 CICERO
868 1058 902 1091 A
911 1057 1061 1092 TTICO
1086 1058 1194 1093 SAL.

339 1130 453 1171 Bene
497 1129 733 1170 mehercule
777 1129 825 1170 de
870 1129 1094 1170 Buthroto.
1163 1129 1222 1170 At
1266 1143 1343 1184 ego
1389 1129 1587 1170 Tironem
1608 1149 1640 1174 15

252 1188 302 1228 ad
339 1188 607 1229 Dolabellam
645 1203 738 1228 eum
777 1188 953 1242 litteris,
997 1188 1096 1241 quia
1134 1188 1336 1242 iusseras,
1380 1188 1586 1229 miseram.

252 1246 359 1295 Quid
399 1247 551 1287 nocet?
602 1246 664 1287 De
696 1246 856 1286 nostris
889 1249 1029 1286 autem
1061 1246 1310 1287 Antiatibus
1343 1247 1446 1286 satis
1479 1247 1588 1286 vide-

252 1306 327 1345 bar
369 1306 491 1358 plane
536 1305 772 1358 scripsisse,
817 1307 864 1344 ut
901 1319 987 1345 non
1026 1304 1262 1359 dubitares,
1307 1305 1407 1358 quin
1447 1308 1588 1346 essent

252 1364 380 1404 otiosi
423 1364 557 1404 futuri
595 1363 796 1416 usurique
834 1363 1038 1404 beneficio
1070 1362 1233 1404 Antoni
1271 1363 1586 1405 contumelioso.

252 1421 424 1463 Cassius
456 1422 777 1462 frumentariam
809 1436 897 1462 rem
929 1422 1254 1475 aspernabatur,
1286 1437 1377 1462 eam
1410 1421 1587 1463 Servilia
1607 1442 1641 1467 20

252 1481 515 1521 sublaturam
542 1495 591 1520 ex
618 1483 787 1521 senatus
809 1480 1003 1521 Consulto
1031 1495 1073 1521 se
1100 1495 1188 1521 esse
1210 1481 1386 1521 dicebat.
1430 1479 1589 1521 Noster

251 1554 349 1580 vero
383 1538 453 1580 καὶ
486 1540 599 1593 μάλα
632 1547 797 1592 σεμνῶς
828 1540 871 1579 111
898 1538 1058 1593 Asiam,
1089 1542 1366 1593 posteaquam
1391 1539 1497 1579 mihi
1523 1542 1587 1580 est

252 1598 453 1638 adsensus
492 1601 587 1638 tuto
627 1612 670 1638 se
702 1597 862 1638 Romae
901 1612 990 1638 esse
1030 1612 1115 1638 non
1147 1612 1270 1651 posse
1303 1597 1443 1653 (ludos
1476 1598 1588 1638 enim

252 1657 404 1698 absens
443 1657 578 1697 facere
616 1655 836 1711 malebat),
882 1656 1028 1697 statim
1067 1656 1126 1696 ait
1165 1671 1207 1697 se
1245 1657 1423 1711 iturum,
1462 1656 1587 1697 simul

253 1730 298 1756 ae
329 1715 527 1755 ludorum
559 1718 808 1768 apparatum
840 1715 910 1768 iis,
951 1715 1023 1768 qui
1054 1715 1241 1755 curaturi
1273 1717 1425 1770 essent,
1461 1715 1587 1756 tradi—
1606 1734 1641 1759 25

252 1774 394 1814 disset.
456 1773 640 1827 Navigia
671 1773 916 1827 colligebat3
948 1776 1037 1813 erat
1070 1774 1234 1814 animus
1267 1774 1310 1813 in
1342 1788 1476 1814 eursu.
1520 1773 1587 1814 In-

252 1836 365 1873 terea
404 1832 448 1873 in
486 1832 619 1873 isdem
656 1832 760 1872 loeis
793 1834 911 1872 erant
943 1832 1087 1872 futuri.
1149 1832 1307 1872 Brutus
1343 1832 1511 1885 quidem
1545 1847 1588 1873 se

252 1891 391 1932 aiebat
422 1890 616 1932 Asturae.
668 1890 711 1931 L.
734 1890 903 1944 quidem
934 1889 1148 1931 Antonius
1174 1890 1406 1931 liberaliter
1431 1891 1586 1931 litteris

253 1950 342 1990 sine
385 1963 484 1990 cura
527 1964 592 1989 me
638 1963 727 1989 esse
771 1949 899 1989 iubet.
968 1948 1116 1989 Habeo
1159 1963 1288 1989 unum
1326 1949 1586 2004 beneficium,

253 2008 433 2048 alterum
464 2008 658 2061 fortasse,
688 2009 726 2048 si
751 2007 795 2047 111
822 2007 1107 2048 Tusculanum
1134 2008 1305 2048 venerit.
1356 2006 1390 2047 O
1416 2008 1587 2062 negotia
1606 2026 1641 2050 30

251 2081 337 2107 non
362 2066 547 2107 ferenda!
591 2080 696 2120 quae
722 2067 917 2106 feruntur
943 2068 1096 2106 tamen.
1152 2067 1298 2106 Τῶνδε
1331 2067 1475 2107 αἰτίαν
1499 2074 1588 2107 τῶν

252 2125 463 2178 Βρούτων
506 2127 570 2173 τίς
612 2126 718 2178 ἔχει;
762 2123 811 2165 In
849 2123 1098 2178 Octaviano,
1143 2127 1190 2164 ut
1228 2124 1444 2178 perspexi,
1483 2124 1586 2165 satis

251 2183 429 2237 ingenii,
467 2183 570 2223 satis
604 2183 745 2236 animi,
776 2182 1080 2236 videbaturque
1113 2196 1212 2237 erga
1242 2185 1412 2223 nostros
1445 2183 1588 2237 ἥρωας

252 2241 312 2281 ita
342 2242 455 2295 fore,
492 2244 540 2281 ut
571 2256 648 2282 nos
680 2241 896 2295 vellemus,
929 2241 1150 2281 animatus.
1213 2239 1293 2282 Sed
1326 2241 1427 2294 quid
1458 2241 1588 2282 aetati

252 2299 501 2339 eredendum
551 2299 625 2353 sit,
671 2299 772 2353 quid
815 2299 995 2354 nomini,
1048 2299 1148 2353 quid
1190 2299 1435 2354 hereditati,
1486 2299 1587 2353 quid
1607 2315 1640 2341 35
