1665 2553
322 83 659 119 EPISTULARUM
685 83 749 117 AD
775 82 990 117 ATTICUM
1015 83 1031 117 Ι
1058 86 1158 118 6-9.
1383 82 1411 123 9

77 181 176 235 peti.
237 179 356 229 Quod
393 182 435 221 te
473 179 522 220 de
559 179 745 221 Tadiano
785 179 958 234 negotio
1005 178 1207 219 decidisse
1249 177 1413 233 scribis,

78 239 121 280 id
147 252 224 294 ego
251 239 381 280 Tadio
407 241 449 280 et
481 241 651 293 gratum
684 252 773 279 esse
804 237 995 279 intellexi
1027 240 1068 278 et
1099 250 1253 291 magno
1287 250 1411 290 opere

77 297 314 339 iucundum.
374 296 452 339 Ille
485 300 630 338 noster
662 297 832 351 amicus,
862 297 927 338 vir
957 296 1192 338 mehercule
1225 294 1411 348 optimus

79 359 121 398 et
164 356 269 397 mihi
313 356 609 410 amicissimus,
653 370 750 396 sane
793 355 874 396 tibi
918 355 1052 396 iratus
1097 357 1171 395 est.
1238 352 1332 394 Hoc
1376 353 1412 394 si

43 431 59 458 5
79 415 227 470 quanti
252 418 300 456 tu
326 415 521 455 aestimes
548 415 688 469 sciam,
718 417 822 470 tum,
853 414 955 468 quid
979 413 1084 454 mihi
1112 412 1412 454 elaborandum

79 473 148 530 sit,
179 474 285 515 scire
314 474 485 527 possim.

165 531 210 573 L.
237 531 381 574 Cincio
413 530 485 572 HS
514 542 642 574 CCIOO
669 542 797 574 CCIOO
825 541 936 572 0000
968 545 1045 585 pro
1074 529 1206 584 signis
1233 528 1412 583 Megari-

79 591 151 647 cis,
180 594 228 632 ut
258 593 308 631 tu
339 590 390 631 ad
420 605 486 630 me
520 590 759 646 scripseras,
790 589 942 630 curavi.
1001 587 1182 629 Hermae
1213 588 1279 628 tui
1309 586 1412 627 Pen-

77 650 193 692 telici
225 664 319 690 cum
345 649 555 703 capitibus
582 648 734 703 aeneis,
766 648 815 689 de
842 648 997 702 quibus
1025 647 1076 687 ad
1100 661 1166 687 me
1193 645 1414 701 scripsisti,

26 726 60 752 10
77 709 162 750 iam
192 722 304 749 nunc
333 722 399 748 me
431 707 654 748 admodum
686 706 904 748 delectant.
955 705 1091 754 Quare
1122 705 1249 746 velim
1273 707 1315 745 et
1341 718 1413 745 eos

80 770 122 809 et
148 767 269 822 signa
295 768 336 808 et
361 768 509 821 cetera,
536 780 641 820 quae
666 765 747 806 tibi
774 766 861 806 eius
886 765 970 806 loci
995 767 1036 804 et
1060 764 1198 805 nostri
1222 763 1351 804 studii
1372 765 1414 803 et

79 829 176 868 tuae
216 825 448 880 elegantiae
485 839 574 865 esse
605 824 880 879 videbuntur,
918 837 1044 877 quam
1074 822 1255 876 plurima
1287 836 1415 876 quam

79 885 346 939 primumque
394 883 559 937 mittas,
608 886 649 923 et
697 883 878 923 maxime
929 896 1034 936 quae
1082 881 1163 921 tibi
1204 879 1415 935 gymnasii

80 944 278 998 xystique
309 942 563 983 videbuntur
595 955 696 982 esse.
758 940 868 981 Nam
899 941 944 981 in
975 954 1023 981 eo
1056 953 1205 994 genere
1238 939 1297 979 sic
1329 941 1414 978 stu-

28 1019 61 1045 15
82 1003 149 1043 dio
182 1001 409 1056 efferimur,
447 1003 495 1040 ut
527 999 601 1041 abs
634 1002 676 1040 te
708 999 950 1054 adiuvandi,
981 998 1033 1039 ab
1066 998 1159 1039 aliis
1192 1011 1323 1051 prope
1354 1011 1414 1037 re·
1486 1005 1493 1008 ’

80 1059 362 1116 prehendendi
406 1059 546 1100 simus.
617 1057 663 1100 Si
699 1058 872 1099 Lentuli
907 1057 1027 1098 navis
1065 1071 1152 1097 non
1189 1056 1286 1110 erit,
1331 1069 1413 1109 quo

80 1120 162 1160 tibi
204 1118 404 1173 placebit,
446 1117 665 1171 imponito.
733 1116 936 1171 Tulliola,
979 1115 1193 1156 deliciolae
1232 1116 1416 1168 nostrae,

80 1180 202 1219 tuum
226 1176 522 1218 munusculum
547 1175 712 1230 flagitat
733 1178 774 1216 et
793 1190 859 1216 me
878 1178 926 1215 ut
947 1188 1194 1229 sponsorem
1215 1172 1416 1227 appellat3

80 1237 141 1278 mi
172 1238 312 1278 autem
343 1235 536 1276 abiurare
568 1235 723 1275 certius
755 1237 819 1275 est
852 1248 978 1288 quam
1010 1232 1249 1287 dependere.

30 1371 63 1395 20
152 1381 156 1384 >
710 1350 782 1391 IX.

377 1432 452 1467 Ser.
478 1432 613 1466 Romae
633 1435 715 1475 post
740 1442 791 1475 ep.
820 1434 843 1465 8
869 1442 901 1464 α.
930 1431 1004 1464 687
1031 1431 1123 1473 (67).

505 1512 672 1548 CICERO
699 1511 871 1547 ATTICO
899 1511 996 1546 SAL.

171 1585 364 1628 Nimium
388 1599 483 1626 raro
509 1585 633 1626 nobis
660 1585 735 1626 abs
761 1587 802 1625 te
833 1584 1000 1624 litterae
1033 1582 1291 1636 adferuntur,
1323 1596 1418 1622 cum

86 1649 127 1688 et
157 1646 292 1687 multo
324 1647 373 1685 tu
404 1643 568 1685 facilius
599 1643 802 1697 reperias,
839 1642 912 1696 qui
943 1641 1122 1681 Romam
1153 1640 1417 1694 proficiscan-

33 1722 66 1748 25
85 1708 175 1760 tur,
213 1718 339 1758 quam
376 1716 453 1757 ego
464 1737 475 1757 ,
512 1702 585 1756 qui
621 1701 831 1755 Athenas,
869 1703 910 1741 et
948 1700 1102 1740 certius
1140 1699 1221 1740 tibi
1259 1699 1315 1739 sit
1352 1712 1418 1738 me

86 1778 176 1805 esse
212 1762 372 1804 Romae
411 1775 536 1815 quam
578 1760 684 1801 mihi
726 1763 768 1800 te
805 1758 999 1799 Athenis,
1058 1757 1207 1811 Itaque
1244 1759 1418 1810 propter

85 1822 194 1863 hanc
230 1820 539 1861 dubitationem
578 1833 713 1859 meam
751 1817 920 1858 brevior
961 1817 1064 1857 haec
1099 1816 1193 1869 ipsa
1236 1814 1419 1868 epistula

87 1883 169 1936 est,
212 1879 341 1934 quod,
382 1893 477 1919 cum
519 1878 705 1918 incertus
743 1890 895 1930 essem,
936 1875 1011 1915 ubi
1051 1888 1179 1928 esses,
1222 1873 1419 1913 nolebam

87 1938 209 1980 illum
237 1940 434 1979 nostrum
463 1936 714 1977 familiarem
746 1948 979 1975 sermonem
1009 1933 1055 1973 in
1086 1932 1242 1973 alienas
1268 1945 1418 1971 manus

35 2014 69 2040 30
88 1996 289 2038 devenire.

177 2053 306 2108 Signa
352 2052 565 2108 Megarica
613 2055 655 2093 et
703 2051 901 2106 Hermas,
949 2050 999 2091 de
1049 2049 1202 2103 quibus
1252 2047 1304 2088 ad
1351 2061 1418 2088 me

91 2113 314 2167 scripsisti,
367 2112 634 2153 vehementer
687 2112 893 2164 exspecto.
974 2106 1180 2160 Quicquid
1235 2105 1420 2146 eiusdem

90 2171 255 2227 generis
278 2170 468 2225 habebis,
499 2170 673 2224 dignum
697 2167 921 2209 Academia
945 2166 1027 2206 tibi
1060 2165 1171 2219 quod
1195 2164 1420 2219 videbitur,

87 2244 140 2271 ne
172 2228 379 2270 dubitaris
410 2229 577 2269 mittere
609 2230 650 2269 et
677 2241 793 2268 arcae
817 2227 989 2266 nostrae
1015 2223 1225 2264 confidito.
1276 2221 1419 2263 Genus

37 2305 70 2331 35
88 2288 168 2330 hoc
209 2290 272 2329 est
312 2285 545 2339 voluptatis
587 2300 719 2339 meae3
764 2299 869 2338 quae
913 2283 1193 2337 γυμνασιώδη
1237 2281 1420 2322 maxime
