1665 2553
110 2138 129 2167 6

111 2312 129 2342 7

147 103 233 144 236
603 103 651 138 Μ.
678 102 819 137 TULLI
845 101 1092 136 CICERONIS

148 199 235 240 iam
273 198 436 253 pridem
476 198 692 252 appetitur
729 197 896 252 multis,
943 197 1016 251 qui
1054 212 1137 238 una
1176 199 1294 252 sunt,
1331 197 1499 251 cupien-

149 257 278 298 tibus.
340 256 410 298 An
454 271 597 298 censes
639 256 750 298 nihil
793 257 903 296 inter
943 271 1013 297 eos
1053 256 1295 311 convenire,
1335 256 1498 297 nullam

150 316 391 369 pactionem
434 315 526 356 fieri
570 315 790 369 potuisse?
840 314 978 355 Hodie
1021 317 1173 368 potest.
1238 313 1320 355 Sed
1357 314 1499 355 neutri

152 375 312 423 σκοπὸς
353 377 417 415 est
454 374 544 428 ille,
584 377 630 414 ut
662 387 740 414 nos
772 373 887 414 beati
920 373 1069 428 simus3
1113 375 1291 427 uterque
1321 387 1498 427 regnare

149 433 253 473 vult.

234 491 350 532 Haec
375 506 398 531 a
423 493 466 531 te
492 491 697 531 invitatus
724 490 910 531 breviter
936 490 1123 544 exposui.
1168 489 1359 531 Voluisti
1385 489 1497 531 enim

151 564 234 604 me,
279 549 379 603 quid
418 549 467 589 de
506 549 572 589 his
611 549 734 589 malis
767 548 986 603 sentirem,
1030 548 1259 589 ostendere.
1322 551 1498 603 Προθε-

152 611 284 659 σπίζω
318 608 463 662 igitur,
493 610 639 648 noster
671 606 826 662 Attice,
864 621 951 647 non
982 606 1196 648 hariolans
1232 609 1281 648 ut
1313 607 1400 662 illa,
1430 607 1497 647 cui

150 681 274 708 nemo
308 666 495 720 credidit,
528 666 601 706 sed
632 666 872 706 coniectura
902 665 1184 720 prospiciens:

242 748 469 802 ‘Iamque
505 747 630 788 mari
666 761 843 802 magno
877 747 948 776 ——'

152 857 239 883 non
278 842 433 895 multo,
471 841 666 895 inquam,
706 855 824 881 secus
861 855 1035 894 possum
1067 839 1300 881 vaticinari.
1363 839 1499 881 Tanta

152 901 363 941 malorum
401 900 616 965 impendet
646 899 786 948 ’mag
848 898 991 953 Atque
1031 899 1113 940 hoc
1149 902 1296 940 nostia
1328 898 1498 965 gravior

155 962 218 1000 est
257 973 399 1012 causa,
439 959 512 1013 qui
551 958 664 999 domi
702 973 866 1012 sumus,
906 973 1032 1012 quam
1068 958 1260 1012 illorum,
1304 958 1377 1011 qui
1414 972 1498 999 una

152 1017 435 1071 transierunt,
483 1017 596 1070 quod
639 1016 703 1057 illi
750 1016 873 1071 [qui]
919 1017 1099 1057 alterum
1148 1019 1366 1072 metuunt,
1418 1030 1496 1057 nos

154 1079 393 1129 utrumque.
463 1074 564 1116 ‘Cur
607 1075 768 1129 igitur',
812 1075 973 1129 inquis,
1017 1075 1355 1115 ‘remansimus‘R'
1416 1074 1498 1116 Vel

153 1135 236 1175 tibi
273 1134 491 1188 paruimus
523 1133 591 1174 vel
620 1148 707 1174 non
737 1134 1054 1187 †occurrimus,
1091 1133 1158 1174 vel
1188 1133 1268 1174 hoc
1298 1134 1381 1174 fuit
1413 1147 1497 1175 rec-

154 1194 251 1233 tius.
302 1191 562 1246 Conculcari,
588 1191 771 1245 inquam,
797 1192 995 1232 miseram
1021 1191 1190 1232 Italiam
1214 1191 1377 1233 videbis
1403 1206 1497 1245 pro-

153 1252 270 1291 xima
309 1253 469 1291 aestate
509 1250 656 1303 †qaut
694 1250 916 1303 utriusque
954 1250 1000 1290 in
1036 1249 1256 1303 mancipiis
1299 1264 1349 1290 ex
1382 1250 1496 1291 omni

154 1323 310 1364 genere
347 1308 552 1363 collectis,
592 1322 669 1348 nec
700 1311 788 1348 tam
819 1308 969 1361 †iptio
1002 1308 1352 1362 pertimescenda,
1390 1323 1496 1362 quae

155 1367 358 1408 Luceriae
401 1366 549 1407 multis
595 1367 861 1407 sermonibus
906 1366 1153 1406 denuntiata
1198 1380 1288 1407 esse
1331 1366 1497 1421 dicitur,

156 1441 283 1480 quam
314 1425 536 1466 universae
566 1426 627 1466 rei
644 1439 688 1477 p.
715 1424 925 1465 interitus.
972 1425 1130 1465 Tantas
1158 1425 1203 1465 in
1228 1424 1493 1479 confligendo

153 1485 377 1538 utriusque
433 1484 543 1524 vires
593 1484 713 1524 video
762 1483 939 1523 futuras.
1019 1483 1162 1524 Habes
1212 1483 1496 1524 coniecturam

153 1557 303 1584 meam.
371 1542 436 1583 Tu
481 1545 621 1582 autem
665 1542 968 1582 consolationis
1012 1542 1192 1582 fortasse
1230 1542 1390 1595 aliquid
1430 1557 1497 1583 ex-

156 1601 367 1655 spectasti.
430 1600 552 1641 Nihil
594 1601 782 1654 invenio,
827 1600 936 1641 nihil
979 1600 1071 1641 fieri
1108 1603 1250 1654 potest
1288 1600 1496 1654 miserius,

154 1660 265 1701 nihil
296 1659 515 1713 perditius,
545 1659 655 1699 nihil
685 1659 859 1700 foedius.

245 1717 366 1767 Quod
398 1717 584 1771 quaeris,
622 1716 722 1771 quid
753 1716 907 1758 Caesar
939 1717 990 1757 ad
1020 1731 1086 1757 me
1118 1717 1347 1770 scripserit,
1384 1716 1496 1770 quod

156 1792 300 1831 saepe,
339 1776 626 1831 gratissimum
669 1776 751 1816 sibi
783 1790 891 1831 esse,
929 1775 1041 1829 quod
1073 1775 1270 1829 quierim,
1308 1777 1496 1830 oratque,

154 1836 200 1876 in
232 1850 280 1876 eo
312 1838 360 1875 ut
391 1849 666 1889 perseverem.
715 1834 875 1875 Balbus
907 1834 1046 1874 minor
1077 1833 1179 1874 haec
1211 1833 1353 1873 eadem
1381 1847 1496 1873 man-

155 1894 263 1935 data.
313 1893 402 1934 Iter
433 1896 575 1934 autem
600 1893 689 1933 eius
717 1895 806 1933 erat
832 1892 883 1933 ad
908 1891 1136 1933 Lentulum
1162 1891 1375 1932 consulem
1401 1905 1495 1932 cum

154 1952 312 1993 litteris
347 1951 537 1993 Caesaris
569 1950 938 2005 praemiorumque
969 1949 1211 2004 promissis,
1249 1949 1283 1989 si
1315 1949 1495 1991 Romam

154 2011 409 2051 revertisset.
465 2009 638 2064 Verum,
669 2024 763 2050 cum
793 2009 929 2050 habeo
961 2009 1168 2049 rationem
1194 2008 1367 2062 dierum,
1399 2011 1495 2049 ante

155 2071 261 2122 puto
293 2068 602 2123 tramissurum,
634 2082 760 2121 quam
791 2067 979 2121 potuerit
1011 2066 1235 2107 conveniri.

244 2127 540 2180 Epistularum
575 2126 750 2180 Pompei
788 2126 983 2180 duarum,
1027 2139 1130 2178 quas
1175 2124 1226 2164 ad
1262 2139 1328 2165 me
1365 2124 1496 2178 misit,

156 2185 471 2239 neglegentiam
496 2198 716 2238 meamque
741 2184 786 2224 in
808 2183 1074 2225 rescribendo
1096 2183 1360 2237 diligentiam
1379 2183 1496 2224 volui

156 2243 237 2282 tibi
268 2246 414 2284 notam
446 2258 546 2285 esse.
608 2243 769 2284 Earum
800 2242 990 2296 exempla
1021 2241 1072 2281 ad
1103 2244 1145 2281 te
1176 2241 1283 2282 misi.

247 2299 438 2341 Caesaris
481 2301 550 2342 hic
595 2316 668 2355 per
705 2300 906 2354 Apuliam
949 2299 1000 2341 ad
1037 2299 1312 2341 Brundisium
1350 2313 1496 2341 cursus

1518 764 1554 788 10

1517 1091 1552 1118 15

1517 1384 1552 1408 20

1516 1675 1551 1701 25

1515 1967 1552 1992 30

1515 2256 1549 2284 35
