<?xml version="1.0" encoding="UTF-8"?>
<!DOCTYPE html PUBLIC "-//W3C//DTD XHTML 1.0 Transitional//EN"
    "http://www.w3.org/TR/xhtml1/DTD/xhtml1-transitional.dtd">
<html xmlns="http://www.w3.org/1999/xhtml" xml:lang="en" lang="en">
 <head>
  <title>
</title>
<meta http-equiv="Content-Type" content="text/html;charset=utf-8" />
  <meta name='ocr-system' content='tesseract 3.04.00' />
  <meta name='ocr-capabilities' content='ocr_page ocr_carea ocr_par ocr_line ocrx_word'/>
</head>
<body>
  <div class='ocr_page' id='page_1' title='image "./p2scriptaquaemanse03ciceuoft_0153.png"; bbox 0 0 1665 2553; ppageno 0'>
   <div class='ocr_carea' id='block_1_1' title="bbox 645 76 1437 116">
    <p class='ocr_par' dir='ltr' id='par_1_1' title="bbox 645 76 1437 116">
     <span class='ocr_line' id='line_1_1' title="bbox 645 76 1437 116; baseline -0.009 0"><span class='ocrx_word' id='word_1_1' title='bbox 645 81 683 116; x_wconf 90' lang='lat' dir='ltr'>P.</span> <span class='ocrx_word' id='word_1_2' title='bbox 704 84 900 115; x_wconf 86' lang='grc'>480-486,</span> <span class='ocrx_word' id='word_1_3' title='bbox 1330 76 1437 111; x_wconf 86' lang='lat' dir='ltr'>CXLI</span> 
     </span>
    </p>
   </div>
   <div class='ocr_carea' id='block_1_2' title="bbox 105 169 1494 2317">
    <p class='ocr_par' dir='ltr' id='par_1_2' title="bbox 105 169 1494 1944">
     <span class='ocr_line' id='line_1_2' title="bbox 106 169 1436 219; baseline -0.006 -9"><span class='ocrx_word' id='word_1_4' title='bbox 106 177 191 210; x_wconf 87' lang='lat' dir='ltr'>diss.</span> <span class='ocrx_word' id='word_1_5' title='bbox 224 175 340 210; x_wconf 87' lang='lat' dir='ltr'>Marb.</span> <span class='ocrx_word' id='word_1_6' title='bbox 375 177 465 209; x_wconf 85' lang='lat'>1883</span> <span class='ocrx_word' id='word_1_7' title='bbox 490 186 524 219; x_wconf 89' lang='lat' dir='ltr'>p.</span> <span class='ocrx_word' id='word_1_8' title='bbox 547 177 584 216; x_wconf 85' lang='lat'>9,</span> <span class='ocrx_word' id='word_1_9' title='bbox 617 173 761 217; x_wconf 72' lang='lat' dir='ltr'>Tyr-rell</span> <span class='ocrx_word' id='word_1_10' title='bbox 793 183 847 217; x_wconf 89' lang='lat' dir='ltr'>ep.</span> <span class='ocrx_word' id='word_1_11' title='bbox 871 175 954 215; x_wconf 88' lang='grc'>750,</span> <span class='ocrx_word' id='word_1_12' title='bbox 982 175 1065 216; x_wconf 78' lang='lat' dir='ltr'>post</span> <span class='ocrx_word' id='word_1_13' title='bbox 1093 171 1181 206; x_wconf 80' lang='lat' dir='ltr'>med.</span> <span class='ocrx_word' id='word_1_14' title='bbox 1212 180 1317 205; x_wconf 77' lang='lat' dir='ltr'>mens.</span> <span class='ocrx_word' id='word_1_15' title='bbox 1353 169 1436 202; x_wconf 75' lang='lat' dir='ltr'>Iun.</span> 
     </span>
     <span class='ocr_line' id='line_1_3' title="bbox 105 217 1439 266; baseline -0.006 -9"><span class='ocrx_word' id='word_1_16' title='bbox 105 224 247 266; x_wconf 90' lang='lat' dir='ltr'>Baiter,</span> <span class='ocrx_word' id='word_1_17' title='bbox 274 221 446 256; x_wconf 88' lang='lat' dir='ltr'>Wesenb.</span> <span class='ocrx_word' id='word_1_18' title='bbox 474 242 520 246; x_wconf 94' lang='lat'>—</span> <span class='ocrx_word' id='word_1_19' title='bbox 545 224 588 255; x_wconf 91' lang='grc'>28</span> <span class='ocrx_word' id='word_1_20' title='bbox 615 221 792 266; x_wconf 73' lang='lat' dir='ltr'>ayendum</span> <span class='ocrx_word' id='word_1_21' title='bbox 819 218 990 262; x_wconf 72' lang='lat' dir='ltr'>Schuetz,</span> <span class='ocrx_word' id='word_1_22' title='bbox 1016 218 1207 260; x_wconf 87' lang='lat' dir='ltr'>Wesenb.,</span> <span class='ocrx_word' id='word_1_23' title='bbox 1233 217 1439 252; x_wconf 75' lang='lat' dir='ltr'>audemlmn</span> 
     </span>
     <span class='ocr_line' id='line_1_4' title="bbox 106 262 1437 314; baseline -0.007 -10"><span class='ocrx_word' id='word_1_24' title='bbox 106 270 223 313; x_wconf 79' lang='lat' dir='ltr'>codd,</span> <span class='ocrx_word' id='word_1_25' title='bbox 249 269 346 314; x_wconf 87' lang='lat' dir='ltr'>vulg.</span> <span class='ocrx_word' id='word_1_26' title='bbox 384 268 443 302; x_wconf 90' lang='lat' dir='ltr'>Ad</span> <span class='ocrx_word' id='word_1_27' title='bbox 467 280 502 312; x_wconf 91' lang='lat' dir='ltr'>p.</span> <span class='ocrx_word' id='word_1_28' title='bbox 521 271 643 301; x_wconf 82' lang='lat'>71.18.</span> <span class='ocrx_word' id='word_1_29' title='bbox 665 288 710 292; x_wconf 94' lang='lat'>-—</span> <span class='ocrx_word' id='word_1_30' title='bbox 735 270 778 300; x_wconf 82' lang='lat'>29</span> <span class='ocrx_word' id='word_1_31' title='bbox 804 265 876 301; x_wconf 74' lang='lat' dir='ltr'>sit?</span> <span class='ocrx_word' id='word_1_32' title='bbox 907 266 973 300; x_wconf 82' lang='lat' dir='ltr'>Sat</span> <span class='ocrx_word' id='word_1_33' title='bbox 996 266 1104 310; x_wconf 75' lang='lat' dir='ltr'>eyisse</span> <span class='ocrx_word' id='word_1_34' title='bbox 1136 262 1437 299; x_wconf 84' lang='lat' dir='ltr'>scr.mus.Rhen.</span> 
     </span>
     <span class='ocr_line' id='line_1_5' title="bbox 108 308 1439 361; baseline -0.006 -10"><span class='ocrx_word' id='word_1_35' title='bbox 108 321 196 351; x_wconf 89' lang='grc'>1898</span> <span class='ocrx_word' id='word_1_36' title='bbox 222 329 256 361; x_wconf 89' lang='lat' dir='ltr'>p.</span> <span class='ocrx_word' id='word_1_37' title='bbox 280 320 363 359; x_wconf 85' lang='lat'>135,</span> <span class='ocrx_word' id='word_1_38' title='bbox 394 317 526 350; x_wconf 65' lang='lat' dir='ltr'>stetisse</span> <span class='ocrx_word' id='word_1_39' title='bbox 553 314 676 356; x_wconf 77' lang='lat' dir='ltr'>codd,</span> <span class='ocrx_word' id='word_1_40' title='bbox 709 313 844 356; x_wconf 85' lang='lat' dir='ltr'>Baiter,</span> <span class='ocrx_word' id='word_1_41' title='bbox 878 313 982 355; x_wconf 90' lang='lat' dir='ltr'>Boot,</span> <span class='ocrx_word' id='word_1_42' title='bbox 1008 311 1152 356; x_wconf 83' lang='lat' dir='ltr'>Tyrrell</span> <span class='ocrx_word' id='word_1_43' title='bbox 1176 322 1231 355; x_wconf 90' lang='lat' dir='ltr'>ep.</span> <span class='ocrx_word' id='word_1_44' title='bbox 1253 314 1331 352; x_wconf 85' lang='lat'>751,</span> <span class='ocrx_word' id='word_1_45' title='bbox 1368 308 1439 344; x_wconf 74' lang='lat' dir='ltr'>sit?</span> 
     </span>
     <span class='ocr_line' id='line_1_6' title="bbox 106 356 1440 409; baseline -0.006 -11"><span class='ocrx_word' id='word_1_46' title='bbox 106 364 234 409; x_wconf 75' lang='lat' dir='ltr'>Eyisse</span> <span class='ocrx_word' id='word_1_47' title='bbox 267 361 460 403; x_wconf 87' lang='lat' dir='ltr'>Wesenb.,</span> <span class='ocrx_word' id='word_1_48' title='bbox 497 361 598 406; x_wconf 87' lang='lat' dir='ltr'>prob.</span> <span class='ocrx_word' id='word_1_49' title='bbox 626 361 728 394; x_wconf 89' lang='lat' dir='ltr'>Boot.</span> <span class='ocrx_word' id='word_1_50' title='bbox 783 361 794 404; x_wconf 81' lang='grc' dir='ltr'>ΙΙ</span> <span class='ocrx_word' id='word_1_51' title='bbox 849 360 894 394; x_wconf 88' lang='grc' dir='ltr'>Ρ.</span> <span class='ocrx_word' id='word_1_52' title='bbox 915 358 1006 394; x_wconf 85' lang='lat'>484.</span> <span class='ocrx_word' id='word_1_53' title='bbox 1027 363 1047 392; x_wconf 92' lang='grc'>2</span> <span class='ocrx_word' id='word_1_54' title='bbox 1086 363 1118 393; x_wconf 87' lang='lat' dir='ltr'>et</span> <span class='ocrx_word' id='word_1_55' title='bbox 1147 362 1188 393; x_wconf 89' lang='lat' dir='ltr'>ut</span> <span class='ocrx_word' id='word_1_56' title='bbox 1218 358 1283 392; x_wconf 74' lang='lat' dir='ltr'>ais.</span> <span class='ocrx_word' id='word_1_57' title='bbox 1312 356 1440 391; x_wconf 81' lang='lat' dir='ltr'>Coram</span> 
     </span>
     <span class='ocr_line' id='line_1_7' title="bbox 106 403 1438 452; baseline -0.007 -8"><span class='ocrx_word' id='word_1_58' title='bbox 106 410 295 444; x_wconf 81' lang='lat' dir='ltr'>Lehmann</span> <span class='ocrx_word' id='word_1_59' title='bbox 327 408 492 450; x_wconf 84' lang='lat' dir='ltr'>Quaestt.</span> <span class='ocrx_word' id='word_1_60' title='bbox 518 420 554 452; x_wconf 89' lang='lat' dir='ltr'>p.</span> <span class='ocrx_word' id='word_1_61' title='bbox 576 412 619 441; x_wconf 88' lang='lat'>33</span> <span class='ocrx_word' id='word_1_62' title='bbox 635 419 706 451; x_wconf 88' lang='lat' dir='ltr'>sq.,</span> <span class='ocrx_word' id='word_1_63' title='bbox 739 406 891 451; x_wconf 79' lang='lat' dir='ltr'>Tyrrell,</span> <span class='ocrx_word' id='word_1_64' title='bbox 917 411 960 449; x_wconf 90' lang='lat' dir='ltr'>et,</span> <span class='ocrx_word' id='word_1_65' title='bbox 989 410 1031 441; x_wconf 90' lang='lat' dir='ltr'>ut</span> <span class='ocrx_word' id='word_1_66' title='bbox 1055 406 1122 448; x_wconf 77' lang='lat' dir='ltr'>ais,</span> <span class='ocrx_word' id='word_1_67' title='bbox 1147 416 1275 439; x_wconf 78' lang='lat' dir='ltr'>coram.</span> <span class='ocrx_word' id='word_1_68' title='bbox 1302 403 1438 445; x_wconf 90' lang='lat' dir='ltr'>Baiter,</span> 
     </span>
     <span class='ocr_line' id='line_1_8' title="bbox 106 450 1439 500; baseline -0.006 -8"><span class='ocrx_word' id='word_1_69' title='bbox 106 458 194 500; x_wconf 79' lang='lat' dir='ltr'>sed,</span> <span class='ocrx_word' id='word_1_70' title='bbox 227 461 267 492; x_wconf 84' lang='lat' dir='ltr'>ut</span> <span class='ocrx_word' id='word_1_71' title='bbox 291 457 358 498; x_wconf 78' lang='lat' dir='ltr'>ais,</span> <span class='ocrx_word' id='word_1_72' title='bbox 384 466 513 490; x_wconf 76' lang='lat' dir='ltr'>coram.</span> <span class='ocrx_word' id='word_1_73' title='bbox 547 454 733 496; x_wconf 85' lang='lat' dir='ltr'>Wesenb.,</span> <span class='ocrx_word' id='word_1_74' title='bbox 759 459 797 488; x_wconf 82' lang='lat' dir='ltr'>at</span> <span class='ocrx_word' id='word_1_75' title='bbox 823 453 898 495; x_wconf 87' lang='lat' dir='ltr'>alii,</span> <span class='ocrx_word' id='word_1_76' title='bbox 925 454 1089 498; x_wconf 46' lang='lat' dir='ltr'>†co⁴ram.</span> <span class='ocrx_word' id='word_1_77' title='bbox 1122 452 1216 485; x_wconf 91' lang='lat' dir='ltr'>Boot</span> <span class='ocrx_word' id='word_1_78' title='bbox 1242 450 1332 485; x_wconf 88' lang='lat' dir='ltr'>coni.</span> <span class='ocrx_word' id='word_1_79' title='bbox 1360 461 1439 484; x_wconf 68' lang='lat' dir='ltr'>cuo·-</span> 
     </span>
     <span class='ocr_line' id='line_1_9' title="bbox 106 497 1440 546; baseline -0.007 -8"><span class='ocrx_word' id='word_1_80' title='bbox 106 515 239 539; x_wconf 83' lang='lat' dir='ltr'>ramus.</span> <span class='ocrx_word' id='word_1_81' title='bbox 265 524 311 528; x_wconf 80' lang='lat'>—-</span> <span class='ocrx_word' id='word_1_82' title='bbox 336 506 356 536; x_wconf 90' lang='lat'><strong>3</strong></span> <span class='ocrx_word' id='word_1_83' title='bbox 382 503 574 546; x_wconf 75' lang='lat' dir='ltr'>scripserat</span> <span class='ocrx_word' id='word_1_84' title='bbox 598 502 692 536; x_wconf 69' lang='lat' dir='ltr'>enim</span> <span class='ocrx_word' id='word_1_85' title='bbox 717 501 765 535; x_wconf 84' lang='lat' dir='ltr'>ad</span> <span class='ocrx_word' id='word_1_86' title='bbox 789 512 842 535; x_wconf 84' lang='lat' dir='ltr'>me</span> <span class='ocrx_word' id='word_1_87' title='bbox 866 501 904 534; x_wconf 88' lang='lat' dir='ltr'>in</span> <span class='ocrx_word' id='word_1_88' title='bbox 928 499 1096 544; x_wconf 87' lang='lat' dir='ltr'>parenth.</span> <span class='ocrx_word' id='word_1_89' title='bbox 1124 497 1310 540; x_wconf 70' lang='lat' dir='ltr'>Wesenb,</span> <span class='ocrx_word' id='word_1_90' title='bbox 1335 497 1440 530; x_wconf 87' lang='lat' dir='ltr'>Boot.</span> 
     </span>
     <span class='ocr_line' id='line_1_10' title="bbox 107 544 1440 595; baseline -0.005 -11"><span class='ocrx_word' id='word_1_91' title='bbox 107 551 166 585; x_wconf 89' lang='lat' dir='ltr'>Ad</span> <span class='ocrx_word' id='word_1_92' title='bbox 190 562 224 595; x_wconf 89' lang='lat' dir='ltr'>p.</span> <span class='ocrx_word' id='word_1_93' title='bbox 248 553 371 584; x_wconf 87' lang='lat'>16.14.</span> <span class='ocrx_word' id='word_1_94' title='bbox 399 570 444 574; x_wconf 93' lang='lat'>—</span> <span class='ocrx_word' id='word_1_95' title='bbox 471 552 512 582; x_wconf 87' lang='lat'>13</span> <span class='ocrx_word' id='word_1_96' title='bbox 539 548 658 594; x_wconf 79' lang='lat' dir='ltr'>[iam]</span> <span class='ocrx_word' id='word_1_97' title='bbox 676 547 860 590; x_wconf 72' lang='lat' dir='ltr'>Wesenh,</span> <span class='ocrx_word' id='word_1_98' title='bbox 887 558 955 580; x_wconf 90' lang='lat' dir='ltr'>om.</span> <span class='ocrx_word' id='word_1_99' title='bbox 982 548 1082 589; x_wconf 74' lang='lat' dir='ltr'>vett,</span> <span class='ocrx_word' id='word_1_100' title='bbox 1108 545 1245 587; x_wconf 89' lang='lat' dir='ltr'>Baiter,</span> <span class='ocrx_word' id='word_1_101' title='bbox 1271 544 1374 578; x_wconf 91' lang='lat' dir='ltr'>Boot.</span> <span class='ocrx_word' id='word_1_102' title='bbox 1396 563 1440 567; x_wconf 90' lang='lat'><em>-</em></span> 
     </span>
     <span class='ocr_line' id='line_1_11' title="bbox 108 590 1442 638; baseline -0.005 -7"><span class='ocrx_word' id='word_1_103' title='bbox 108 601 151 631; x_wconf 90' lang='grc'>22</span> <span class='ocrx_word' id='word_1_104' title='bbox 183 609 213 631; x_wconf 83' lang='lat' dir='ltr'>v.</span> <span class='ocrx_word' id='word_1_105' title='bbox 241 596 281 630; x_wconf 93' lang='lat' dir='ltr'>O.</span> <span class='ocrx_word' id='word_1_106' title='bbox 296 596 335 630; x_wconf 84' lang='lat' dir='ltr'>E.</span> <span class='ocrx_word' id='word_1_107' title='bbox 363 595 531 630; x_wconf 85' lang='lat' dir='ltr'>Schmidt</span> <span class='ocrx_word' id='word_1_108' title='bbox 554 594 731 628; x_wconf 79' lang='lat' dir='ltr'>Fleckeis.</span> <span class='ocrx_word' id='word_1_109' title='bbox 760 604 841 627; x_wconf 92' lang='lat' dir='ltr'>ann.</span> <span class='ocrx_word' id='word_1_110' title='bbox 871 597 961 627; x_wconf 87' lang='lat'>1884</span> <span class='ocrx_word' id='word_1_111' title='bbox 979 605 1013 638; x_wconf 89' lang='lat' dir='ltr'>p.</span> <span class='ocrx_word' id='word_1_112' title='bbox 1036 596 1120 636; x_wconf 86' lang='lat'>347,</span> <span class='ocrx_word' id='word_1_113' title='bbox 1154 593 1317 626; x_wconf 76' lang='lat'>17.—20.</span> <span class='ocrx_word' id='word_1_114' title='bbox 1347 590 1442 625; x_wconf 71' lang='lat' dir='ltr'>ani</span> 
     </span>
     <span class='ocr_line' id='line_1_12' title="bbox 107 638 1439 685; baseline -0.005 -8"><span class='ocrx_word' id='word_1_115' title='bbox 107 644 225 678; x_wconf 82' lang='lat' dir='ltr'>Ruete</span> <span class='ocrx_word' id='word_1_116' title='bbox 259 643 345 677; x_wconf 86' lang='lat' dir='ltr'>diss.</span> <span class='ocrx_word' id='word_1_117' title='bbox 373 642 490 675; x_wconf 89' lang='lat' dir='ltr'>Marb.</span> <span class='ocrx_word' id='word_1_118' title='bbox 519 645 608 675; x_wconf 91' lang='lat'>1883</span> <span class='ocrx_word' id='word_1_119' title='bbox 634 653 667 685; x_wconf 89' lang='lat' dir='ltr'>p.</span> <span class='ocrx_word' id='word_1_120' title='bbox 690 646 729 683; x_wconf 89' lang='lat'>9,</span> <span class='ocrx_word' id='word_1_121' title='bbox 754 639 897 684; x_wconf 83' lang='lat' dir='ltr'>Tyrrell</span> <span class='ocrx_word' id='word_1_122' title='bbox 922 650 976 684; x_wconf 93' lang='lat' dir='ltr'>ep.</span> <span class='ocrx_word' id='word_1_123' title='bbox 999 643 1082 683; x_wconf 90' lang='grc'>752,</span> <span class='ocrx_word' id='word_1_124' title='bbox 1111 643 1193 683; x_wconf 76' lang='lat' dir='ltr'>post</span> <span class='ocrx_word' id='word_1_125' title='bbox 1216 638 1371 672; x_wconf 81' lang='lat' dir='ltr'>medium</span> <span class='ocrx_word' id='word_1_126' title='bbox 1395 648 1439 670; x_wconf 85' lang='lat' dir='ltr'>m.</span> 
     </span>
     <span class='ocr_line' id='line_1_13' title="bbox 107 683 1442 733; baseline -0.005 -9"><span class='ocrx_word' id='word_1_127' title='bbox 107 691 192 724; x_wconf 82' lang='lat' dir='ltr'>Iun.</span> <span class='ocrx_word' id='word_1_128' title='bbox 219 690 362 733; x_wconf 87' lang='lat' dir='ltr'>Baiter,</span> <span class='ocrx_word' id='word_1_129' title='bbox 397 688 569 722; x_wconf 86' lang='lat' dir='ltr'>Wesenb.</span> <span class='ocrx_word' id='word_1_130' title='bbox 604 709 648 712; x_wconf 97' lang='lat'><strong>—</strong></span> <span class='ocrx_word' id='word_1_131' title='bbox 680 691 723 721; x_wconf 88' lang='grc'>25</span> <span class='ocrx_word' id='word_1_132' title='bbox 756 688 778 732; x_wconf 89' lang='lat'><em>†</em></span> <span class='ocrx_word' id='word_1_133' title='bbox 798 688 886 721; x_wconf 73' lang='lat' dir='ltr'>mihi</span> <span class='ocrx_word' id='word_1_134' title='bbox 908 686 1081 721; x_wconf 87' lang='lat' dir='ltr'>Wesenb.</span> <span class='ocrx_word' id='word_1_135' title='bbox 1109 685 1200 720; x_wconf 88' lang='lat' dir='ltr'>coni.</span> <span class='ocrx_word' id='word_1_136' title='bbox 1226 685 1328 719; x_wconf 82' lang='lat' dir='ltr'>modo</span> <span class='ocrx_word' id='word_1_137' title='bbox 1353 683 1442 717; x_wconf 68' lang='lat' dir='ltr'>mim·</span> 
     </span>
     <span class='ocr_line' id='line_1_14' title="bbox 108 730 1443 781; baseline -0.006 -9"><span class='ocrx_word' id='word_1_138' title='bbox 108 738 249 781; x_wconf 80' lang='lat' dir='ltr'>aliquid</span> <span class='ocrx_word' id='word_1_139' title='bbox 281 738 346 770; x_wconf 89' lang='lat' dir='ltr'>aut</span> <span class='ocrx_word' id='word_1_140' title='bbox 376 736 479 770; x_wconf 81' lang='lat' dir='ltr'>modo</span> <span class='ocrx_word' id='word_1_141' title='bbox 511 735 661 778; x_wconf 75' lang='lat' dir='ltr'>aliquid,</span> <span class='ocrx_word' id='word_1_142' title='bbox 700 734 793 767; x_wconf 90' lang='lat' dir='ltr'>Boot</span> <span class='ocrx_word' id='word_1_143' title='bbox 825 733 916 768; x_wconf 79' lang='lat' dir='ltr'>coni.</span> <span class='ocrx_word' id='word_1_144' title='bbox 942 735 974 768; x_wconf 74' lang='lat' dir='ltr'>si</span> <span class='ocrx_word' id='word_1_145' title='bbox 997 733 1091 767; x_wconf 73' lang='lat' dir='ltr'>m&#39;hz&#39;z</span> <span class='ocrx_word' id='word_1_146' title='bbox 1116 732 1236 773; x_wconf 80' lang='lat' dir='ltr'>aliud,</span> <span class='ocrx_word' id='word_1_147' title='bbox 1268 730 1443 775; x_wconf 75' lang='lat' dir='ltr'>quaelibet</span> 
     </span>
     <span class='ocr_line' id='line_1_15' title="bbox 108 775 1442 827; baseline -0.007 -9"><span class='ocrx_word' id='word_1_148' title='bbox 108 785 208 826; x_wconf 71' lang='lat' dir='ltr'>mihi,</span> <span class='ocrx_word' id='word_1_149' title='bbox 233 783 374 827; x_wconf 75' lang='lat' dir='ltr'>aliquid</span> <span class='ocrx_word' id='word_1_150' title='bbox 399 782 452 816; x_wconf 68' lang='lat' dir='ltr'>vel</span> <span class='ocrx_word' id='word_1_151' title='bbox 477 781 628 825; x_wconf 83' lang='lat' dir='ltr'>TyrreH.</span> <span class='ocrx_word' id='word_1_152' title='bbox 662 802 707 805; x_wconf 97' lang='lat'><strong>—</strong></span> <span class='ocrx_word' id='word_1_153' title='bbox 739 784 782 814; x_wconf 92' lang='grc'>27</span> <span class='ocrx_word' id='word_1_154' title='bbox 809 785 891 815; x_wconf 83' lang='lat' dir='ltr'>aute</span> <span class='ocrx_word' id='word_1_155' title='bbox 915 779 1005 814; x_wconf 75' lang='lat' dir='ltr'>uos?</span> <span class='ocrx_word' id='word_1_156' title='bbox 1037 778 1196 821; x_wconf 73' lang='lat' dir='ltr'>Coi-rad,</span> <span class='ocrx_word' id='word_1_157' title='bbox 1221 777 1358 819; x_wconf 90' lang='lat' dir='ltr'>Baiter,</span> <span class='ocrx_word' id='word_1_158' title='bbox 1384 775 1442 810; x_wconf 85' lang='lat' dir='ltr'>vel</span> 
     </span>
     <span class='ocr_line' id='line_1_16' title="bbox 109 823 1441 872; baseline -0.006 -8"><span class='ocrx_word' id='word_1_159' title='bbox 109 830 162 864; x_wconf 89' lang='lat' dir='ltr'>sic</span> <span class='ocrx_word' id='word_1_160' title='bbox 193 830 250 864; x_wconf 87' lang='lat' dir='ltr'>vel</span> <span class='ocrx_word' id='word_1_161' title='bbox 283 828 392 864; x_wconf 75' lang='lat' dir='ltr'>ante?</span> <span class='ocrx_word' id='word_1_162' title='bbox 423 829 534 863; x_wconf 72' lang='lat' dir='ltr'>Nune</span> <span class='ocrx_word' id='word_1_163' title='bbox 570 829 667 872; x_wconf 87' lang='lat' dir='ltr'>(cum</span> <span class='ocrx_word' id='word_1_164' title='bbox 697 826 824 861; x_wconf 88' lang='lat' dir='ltr'>Lamb.</span> <span class='ocrx_word' id='word_1_165' title='bbox 850 828 981 871; x_wconf 83' lang='lat' dir='ltr'>marg.)</span> <span class='ocrx_word' id='word_1_166' title='bbox 1012 825 1070 859; x_wconf 85' lang='lat' dir='ltr'>vel</span> <span class='ocrx_word' id='word_1_167' title='bbox 1103 825 1225 869; x_wconf 81' lang='lat' dir='ltr'>‘plura</span> <span class='ocrx_word' id='word_1_168' title='bbox 1250 823 1441 864; x_wconf 79' lang='lat' dir='ltr'>excidisse,</span> 
     </span>
     <span class='ocr_line' id='line_1_17' title="bbox 110 869 1441 919; baseline -0.005 -9"><span class='ocrx_word' id='word_1_169' title='bbox 110 877 223 911; x_wconf 87' lang='lat' dir='ltr'>etiam</span> <span class='ocrx_word' id='word_1_170' title='bbox 248 876 345 910; x_wconf 88' lang='lat' dir='ltr'>unde</span> <span class='ocrx_word' id='word_1_171' title='bbox 370 887 489 909; x_wconf 69' lang='lat' dir='ltr'>nunc.</span> <span class='ocrx_word' id='word_1_172' title='bbox 507 903 512 908; x_wconf 96' lang='lat'>.</span> <span class='ocrx_word' id='word_1_173' title='bbox 531 904 536 909; x_wconf 91' lang='lat'>.</span> <span class='ocrx_word' id='word_1_174' title='bbox 559 875 745 919; x_wconf 73' lang='lat' dir='ltr'>leyatz‘om&#39;s</span> <span class='ocrx_word' id='word_1_175' title='bbox 768 873 947 918; x_wconf 84' lang='lat' dir='ltr'>penderet</span> <span class='ocrx_word' id='word_1_176' title='bbox 973 873 1081 906; x_wconf 86' lang='lat' dir='ltr'>&#39;coni.</span> <span class='ocrx_word' id='word_1_177' title='bbox 1100 871 1286 912; x_wconf 87' lang='lat' dir='ltr'>Wesenb.,</span> <span class='ocrx_word' id='word_1_178' title='bbox 1311 869 1441 905; x_wconf 89' lang='lat' dir='ltr'>Bosius</span> 
     </span>
     <span class='ocr_line' id='line_1_18' title="bbox 111 917 1442 965; baseline -0.007 -7"><span class='ocrx_word' id='word_1_179' title='bbox 111 923 201 958; x_wconf 79' lang='lat' dir='ltr'>eoni.</span> <span class='ocrx_word' id='word_1_180' title='bbox 231 922 269 958; x_wconf 80' lang='grc' dir='ltr'>ἐν</span> <span class='ocrx_word' id='word_1_181' title='bbox 295 925 398 965; x_wconf 79' lang='grc' dir='ltr'>κενῶ,</span> <span class='ocrx_word' id='word_1_182' title='bbox 431 922 456 955; x_wconf 86' lang='lat' dir='ltr'>I.</span> <span class='ocrx_word' id='word_1_183' title='bbox 478 922 535 955; x_wconf 87' lang='lat' dir='ltr'>Fr.</span> <span class='ocrx_word' id='word_1_184' title='bbox 563 921 715 955; x_wconf 55' lang='lat' dir='ltr'>Gronov</span> <span class='ocrx_word' id='word_1_185' title='bbox 743 921 919 963; x_wconf 78' lang='grc' dir='ltr'>λεπτύνει,</span> <span class='ocrx_word' id='word_1_186' title='bbox 946 919 1068 953; x_wconf 82' lang='lat' dir='ltr'>Moser</span> <span class='ocrx_word' id='word_1_187' title='bbox 1093 929 1214 963; x_wconf 82' lang='lat' dir='ltr'>progr.</span> <span class='ocrx_word' id='word_1_188' title='bbox 1240 917 1326 951; x_wconf 87' lang='lat' dir='ltr'>Ulm</span> <span class='ocrx_word' id='word_1_189' title='bbox 1352 919 1442 951; x_wconf 84' lang='lat'>1848</span> 
     </span>
     <span class='ocr_line' id='line_1_19' title="bbox 109 959 1494 1014; baseline -0.006 -10"><span class='ocrx_word' id='word_1_190' title='bbox 109 983 143 1014; x_wconf 90' lang='lat' dir='ltr'>p.</span> <span class='ocrx_word' id='word_1_191' title='bbox 168 974 209 1003; x_wconf 94' lang='grc'>12</span> <span class='ocrx_word' id='word_1_192' title='bbox 226 981 277 1013; x_wconf 89' lang='lat' dir='ltr'>sq.</span> <span class='ocrx_word' id='word_1_193' title='bbox 305 959 430 1013; x_wconf 69' lang='grc' dir='ltr'>ἀνέχοι</span> <span class='ocrx_word' id='word_1_194' title='bbox 456 970 521 1002; x_wconf 85' lang='lat' dir='ltr'>aut</span> <span class='ocrx_word' id='word_1_195' title='bbox 547 966 724 1012; x_wconf 81' lang='grc' dir='ltr'>ἀνέχοιτο,</span> <span class='ocrx_word' id='word_1_196' title='bbox 751 967 808 1000; x_wconf 86' lang='lat' dir='ltr'>Fr.</span> <span class='ocrx_word' id='word_1_197' title='bbox 836 966 1003 1001; x_wconf 80' lang='lat' dir='ltr'>Schmidt</span> <span class='ocrx_word' id='word_1_198' title='bbox 1026 976 1147 1010; x_wconf 81' lang='lat' dir='ltr'>progr.</span> <span class='ocrx_word' id='word_1_199' title='bbox 1171 964 1335 999; x_wconf 88' lang='lat' dir='ltr'>Norimb.</span> <span class='ocrx_word' id='word_1_200' title='bbox 1352 966 1442 997; x_wconf 84' lang='grc'>1879</span> <span class='ocrx_word' id='word_1_201' title='bbox 1487 1005 1494 1008; x_wconf 42' lang='grc'>-</span> 
     </span>
     <span class='ocr_line' id='line_1_20' title="bbox 109 1012 1444 1061; baseline -0.005 -10"><span class='ocrx_word' id='word_1_202' title='bbox 109 1029 144 1061; x_wconf 91' lang='lat' dir='ltr'>p.</span> <span class='ocrx_word' id='word_1_203' title='bbox 167 1020 209 1050; x_wconf 89' lang='lat'>39</span> <span class='ocrx_word' id='word_1_204' title='bbox 225 1028 277 1059; x_wconf 88' lang='lat' dir='ltr'>sq.</span> <span class='ocrx_word' id='word_1_205' title='bbox 299 1014 346 1050; x_wconf 74' lang='grc' dir='ltr'>ἂν</span> <span class='ocrx_word' id='word_1_206' title='bbox 373 1015 474 1060; x_wconf 77' lang='grc' dir='ltr'>ἔγνω,</span> <span class='ocrx_word' id='word_1_207' title='bbox 500 1015 594 1048; x_wconf 88' lang='lat' dir='ltr'>Boot</span> <span class='ocrx_word' id='word_1_208' title='bbox 614 1014 767 1048; x_wconf 79' lang='grc' dir='ltr'>ἐντύνοι.</span> <span class='ocrx_word' id='word_1_209' title='bbox 811 1015 822 1057; x_wconf 71' lang='grc' dir='ltr'>ΙΙ</span> <span class='ocrx_word' id='word_1_210' title='bbox 865 1013 910 1047; x_wconf 89' lang='lat' dir='ltr'>P.</span> <span class='ocrx_word' id='word_1_211' title='bbox 932 1012 1021 1047; x_wconf 82' lang='lat'>485.</span> <span class='ocrx_word' id='word_1_212' title='bbox 1044 1017 1061 1046; x_wconf 89' lang='lat'>1</span> <span class='ocrx_word' id='word_1_213' title='bbox 1089 1023 1157 1056; x_wconf 74' lang='lat' dir='ltr'>quo</span> <span class='ocrx_word' id='word_1_214' title='bbox 1183 1022 1294 1046; x_wconf 79' lang='lat' dir='ltr'>causa</span> <span class='ocrx_word' id='word_1_215' title='bbox 1318 1020 1444 1045; x_wconf 80' lang='lat' dir='ltr'>cursus</span> 
     </span>
     <span class='ocr_line' id='line_1_21' title="bbox 110 1058 1442 1106; baseline -0.005 -9"><span class='ocrx_word' id='word_1_216' title='bbox 110 1068 159 1098; x_wconf 81' lang='lat' dir='ltr'>est</span> <span class='ocrx_word' id='word_1_217' title='bbox 184 1063 309 1104; x_wconf 90' lang='grc' dir='ltr'>Το1·11.,</span> <span class='ocrx_word' id='word_1_218' title='bbox 347 1073 415 1106; x_wconf 74' lang='lat' dir='ltr'>quo</span> <span class='ocrx_word' id='word_1_219' title='bbox 440 1072 568 1096; x_wconf 79' lang='lat' dir='ltr'>causae</span> <span class='ocrx_word' id='word_1_220' title='bbox 593 1072 718 1096; x_wconf 81' lang='lat' dir='ltr'>cursus</span> <span class='ocrx_word' id='word_1_221' title='bbox 742 1064 792 1095; x_wconf 82' lang='lat' dir='ltr'>est</span> <span class='ocrx_word' id='word_1_222' title='bbox 816 1059 975 1104; x_wconf 90' lang='lat' dir='ltr'>Popma,</span> <span class='ocrx_word' id='word_1_223' title='bbox 1014 1058 1206 1100; x_wconf 87' lang='lat' dir='ltr'>Wesenb.,</span> <span class='ocrx_word' id='word_1_224' title='bbox 1232 1068 1300 1101; x_wconf 78' lang='lat' dir='ltr'>quo</span> <span class='ocrx_word' id='word_1_225' title='bbox 1327 1058 1442 1102; x_wconf 80' lang='lat' dir='ltr'>†cau-</span> 
     </span>
     <span class='ocr_line' id='line_1_22' title="bbox 109 1103 1443 1151; baseline -0.007 -7"><span class='ocrx_word' id='word_1_226' title='bbox 109 1121 216 1145; x_wconf 79' lang='lat' dir='ltr'>surus</span> <span class='ocrx_word' id='word_1_227' title='bbox 246 1113 296 1144; x_wconf 82' lang='lat' dir='ltr'>est</span> <span class='ocrx_word' id='word_1_228' title='bbox 326 1119 370 1142; x_wconf 86' lang='lat' dir='ltr'>ex</span> <span class='ocrx_word' id='word_1_229' title='bbox 401 1108 456 1142; x_wconf 87' lang='lat' dir='ltr'>Ml</span> <span class='ocrx_word' id='word_1_230' title='bbox 481 1107 624 1150; x_wconf 83' lang='lat' dir='ltr'>Baiter,</span> <span class='ocrx_word' id='word_1_231' title='bbox 657 1118 725 1151; x_wconf 75' lang='lat' dir='ltr'>quo</span> <span class='ocrx_word' id='word_1_232' title='bbox 743 1108 930 1151; x_wconf 75' lang='lat' dir='ltr'>†casurus</span> <span class='ocrx_word' id='word_1_233' title='bbox 954 1110 1066 1141; x_wconf 80' lang='lat' dir='ltr'>estex</span> <span class='ocrx_word' id='word_1_234' title='bbox 1084 1105 1142 1138; x_wconf 78' lang='lat' dir='ltr'>M2</span> <span class='ocrx_word' id='word_1_235' title='bbox 1159 1105 1264 1146; x_wconf 91' lang='lat' dir='ltr'>Boot,</span> <span class='ocrx_word' id='word_1_236' title='bbox 1290 1103 1443 1147; x_wconf 78' lang='lat' dir='ltr'>Tyrrell,</span> 
     </span>
     <span class='ocr_line' id='line_1_23' title="bbox 111 1149 1443 1201; baseline -0.007 -10"><span class='ocrx_word' id='word_1_237' title='bbox 111 1157 206 1201; x_wconf 79' lang='lat' dir='ltr'>quod</span> <span class='ocrx_word' id='word_1_238' title='bbox 230 1166 409 1200; x_wconf 75' lang='lat' dir='ltr'>passurus</span> <span class='ocrx_word' id='word_1_239' title='bbox 439 1159 488 1189; x_wconf 81' lang='lat' dir='ltr'>est</span> <span class='ocrx_word' id='word_1_240' title='bbox 518 1155 574 1188; x_wconf 87' lang='lat' dir='ltr'>Fr.</span> <span class='ocrx_word' id='word_1_241' title='bbox 603 1153 770 1188; x_wconf 83' lang='lat' dir='ltr'>Schmidt</span> <span class='ocrx_word' id='word_1_242' title='bbox 797 1153 955 1187; x_wconf 71' lang='lat' dir='ltr'>‘Blatter</span> <span class='ocrx_word' id='word_1_243' title='bbox 979 1152 1003 1186; x_wconf 89' lang='lat' dir='ltr'>f.</span> <span class='ocrx_word' id='word_1_244' title='bbox 1032 1152 1064 1185; x_wconf 92' lang='lat' dir='ltr'>d.</span> <span class='ocrx_word' id='word_1_245' title='bbox 1091 1152 1216 1196; x_wconf 83' lang='lat' dir='ltr'>bayer.</span> <span class='ocrx_word' id='word_1_246' title='bbox 1245 1150 1368 1186; x_wconf 60' lang='lat' dir='ltr'>(ak-W?</span> <span class='ocrx_word' id='word_1_247' title='bbox 1394 1149 1443 1182; x_wconf 79' lang='lat' dir='ltr'>X]</span> 
     </span>
     <span class='ocr_line' id='line_1_24' title="bbox 110 1196 1442 1247; baseline -0.006 -10"><span class='ocrx_word' id='word_1_248' title='bbox 110 1215 144 1247; x_wconf 90' lang='lat' dir='ltr'>p.</span> <span class='ocrx_word' id='word_1_249' title='bbox 168 1206 254 1246; x_wconf 90' lang='lat'>116,</span> <span class='ocrx_word' id='word_1_250' title='bbox 285 1213 353 1247; x_wconf 75' lang='lat' dir='ltr'>quo</span> <span class='ocrx_word' id='word_1_251' title='bbox 381 1202 530 1237; x_wconf 77' lang='lat' dir='ltr'>Catulus</span> <span class='ocrx_word' id='word_1_252' title='bbox 553 1212 641 1235; x_wconf 83' lang='lat' dir='ltr'>usus</span> <span class='ocrx_word' id='word_1_253' title='bbox 665 1205 714 1235; x_wconf 84' lang='lat' dir='ltr'>est</span> <span class='ocrx_word' id='word_1_254' title='bbox 737 1200 889 1244; x_wconf 87' lang='lat' dir='ltr'>Madvig</span> <span class='ocrx_word' id='word_1_255' title='bbox 912 1199 1002 1233; x_wconf 85' lang='lat' dir='ltr'>Adv.</span> <span class='ocrx_word' id='word_1_256' title='bbox 1029 1199 1079 1232; x_wconf 81' lang='lat' dir='ltr'>m</span> <span class='ocrx_word' id='word_1_257' title='bbox 1102 1211 1136 1242; x_wconf 92' lang='lat' dir='ltr'>p.</span> <span class='ocrx_word' id='word_1_258' title='bbox 1160 1202 1224 1232; x_wconf 90' lang='lat'>191</span> <span class='ocrx_word' id='word_1_259' title='bbox 1241 1209 1311 1241; x_wconf 88' lang='lat' dir='ltr'>sq.,</span> <span class='ocrx_word' id='word_1_260' title='bbox 1339 1196 1442 1241; x_wconf 89' lang='lat' dir='ltr'>prob.</span> 
     </span>
     <span class='ocr_line' id='line_1_25' title="bbox 111 1243 1444 1290; baseline -0.006 -6"><span class='ocrx_word' id='word_1_261' title='bbox 111 1250 214 1283; x_wconf 88' lang='lat' dir='ltr'>Boot.</span> <span class='ocrx_word' id='word_1_262' title='bbox 236 1269 279 1274; x_wconf 81' lang='lat'><em>-</em></span> <span class='ocrx_word' id='word_1_263' title='bbox 306 1253 325 1282; x_wconf 90' lang='lat'>5</span> <span class='ocrx_word' id='word_1_264' title='bbox 354 1248 503 1283; x_wconf 67' lang='lat' dir='ltr'>Carteia</span> <span class='ocrx_word' id='word_1_265' title='bbox 522 1259 588 1281; x_wconf 84' lang='lat' dir='ltr'>scr.</span> <span class='ocrx_word' id='word_1_266' title='bbox 614 1259 705 1281; x_wconf 90' lang='lat' dir='ltr'>mus.</span> <span class='ocrx_word' id='word_1_267' title='bbox 726 1247 841 1280; x_wconf 43' lang='lat' dir='ltr'>then.</span> <span class='ocrx_word' id='word_1_268' title='bbox 864 1250 952 1280; x_wconf 91' lang='lat'>1898</span> <span class='ocrx_word' id='word_1_269' title='bbox 975 1259 1010 1290; x_wconf 91' lang='lat' dir='ltr'>p.</span> <span class='ocrx_word' id='word_1_270' title='bbox 1033 1249 1112 1287; x_wconf 84' lang='lat'>136,</span> <span class='ocrx_word' id='word_1_271' title='bbox 1140 1245 1306 1279; x_wconf 75' lang='lat' dir='ltr'>Cartlzela</span> <span class='ocrx_word' id='word_1_272' title='bbox 1327 1243 1444 1284; x_wconf 78' lang='lat' dir='ltr'>codd,</span> 
     </span>
     <span class='ocr_line' id='line_1_26' title="bbox 111 1290 1444 1338; baseline -0.006 -8"><span class='ocrx_word' id='word_1_273' title='bbox 111 1296 204 1330; x_wconf 76' lang='lat' dir='ltr'>miro</span> <span class='ocrx_word' id='word_1_274' title='bbox 243 1306 421 1330; x_wconf 90' lang='lat' dir='ltr'>consensu</span> <span class='ocrx_word' id='word_1_275' title='bbox 459 1295 647 1338; x_wconf 81' lang='lat' dir='ltr'>corrigunt</span> <span class='ocrx_word' id='word_1_276' title='bbox 684 1294 764 1327; x_wconf 88' lang='lat' dir='ltr'>edd.</span> <span class='ocrx_word' id='word_1_277' title='bbox 805 1295 870 1327; x_wconf 88' lang='lat' dir='ltr'>aut</span> <span class='ocrx_word' id='word_1_278' title='bbox 908 1293 1069 1328; x_wconf 76' lang='lat' dir='ltr'>Carteiae</span> <span class='ocrx_word' id='word_1_279' title='bbox 1100 1292 1255 1336; x_wconf 81' lang='lat' dir='ltr'>(Baiter,</span> <span class='ocrx_word' id='word_1_280' title='bbox 1287 1290 1444 1334; x_wconf 64' lang='lat' dir='ltr'>Tyrrell)</span> 
     </span>
     <span class='ocr_line' id='line_1_27' title="bbox 113 1337 1445 1385; baseline -0.005 -8"><span class='ocrx_word' id='word_1_281' title='bbox 113 1344 179 1376; x_wconf 88' lang='lat' dir='ltr'>aut</span> <span class='ocrx_word' id='word_1_282' title='bbox 210 1342 390 1377; x_wconf 75' lang='lat' dir='ltr'>Carteiam</span> <span class='ocrx_word' id='word_1_283' title='bbox 414 1341 617 1385; x_wconf 68' lang='lat' dir='ltr'>(Wesenb,</span> <span class='ocrx_word' id='word_1_284' title='bbox 652 1341 767 1383; x_wconf 87' lang='lat' dir='ltr'>Boot).</span> <span class='ocrx_word' id='word_1_285' title='bbox 795 1361 840 1365; x_wconf 86' lang='lat'>——</span> <span class='ocrx_word' id='word_1_286' title='bbox 866 1344 886 1373; x_wconf 87' lang='lat'>6</span> <span class='ocrx_word' id='word_1_287' title='bbox 901 1351 952 1383; x_wconf 87' lang='lat' dir='ltr'>sq.</span> <span class='ocrx_word' id='word_1_288' title='bbox 986 1339 1104 1374; x_wconf 80' lang='lat' dir='ltr'>media</span> <span class='ocrx_word' id='word_1_289' title='bbox 1127 1359 1173 1364; x_wconf 93' lang='lat'>—</span> <span class='ocrx_word' id='word_1_290' title='bbox 1197 1339 1382 1372; x_wconf 76' lang='lat' dir='ltr'>Antouius</span> <span class='ocrx_word' id='word_1_291' title='bbox 1407 1337 1445 1370; x_wconf 92' lang='lat' dir='ltr'>in</span> 
     </span>
     <span class='ocr_line' id='line_1_28' title="bbox 111 1384 1444 1433; baseline -0.004 -11"><span class='ocrx_word' id='word_1_292' title='bbox 111 1389 280 1433; x_wconf 88' lang='lat' dir='ltr'>parenth.</span> <span class='ocrx_word' id='word_1_293' title='bbox 306 1388 478 1422; x_wconf 88' lang='lat' dir='ltr'>Wesenb.</span> <span class='ocrx_word' id='word_1_294' title='bbox 517 1388 576 1421; x_wconf 88' lang='lat' dir='ltr'>Ad</span> <span class='ocrx_word' id='word_1_295' title='bbox 593 1399 627 1432; x_wconf 89' lang='lat' dir='ltr'>p.</span> <span class='ocrx_word' id='word_1_296' title='bbox 645 1391 762 1420; x_wconf 91' lang='lat'>16.14.</span> <span class='ocrx_word' id='word_1_297' title='bbox 790 1407 832 1411; x_wconf 90' lang='lat'>—</span> <span class='ocrx_word' id='word_1_298' title='bbox 866 1390 885 1420; x_wconf 93' lang='lat'>8</span> <span class='ocrx_word' id='word_1_299' title='bbox 912 1388 999 1420; x_wconf 74' lang='lat' dir='ltr'>iuva</span> <span class='ocrx_word' id='word_1_300' title='bbox 1023 1385 1139 1429; x_wconf 73' lang='lat' dir='ltr'>vulg,</span> <span class='ocrx_word' id='word_1_301' title='bbox 1164 1390 1230 1419; x_wconf 84' lang='lat' dir='ltr'>tua</span> <span class='ocrx_word' id='word_1_302' title='bbox 1256 1384 1291 1428; x_wconf 80' lang='lat' dir='ltr'>(i.</span> <span class='ocrx_word' id='word_1_303' title='bbox 1313 1394 1341 1417; x_wconf 87' lang='lat' dir='ltr'>e.</span> <span class='ocrx_word' id='word_1_304' title='bbox 1363 1384 1444 1425; x_wconf 67' lang='lat' dir='ltr'>iuer,</span> 
     </span>
     <span class='ocr_line' id='line_1_29' title="bbox 115 1431 1443 1479; baseline -0.005 -10"><span class='ocrx_word' id='word_1_305' title='bbox 115 1436 163 1469; x_wconf 89' lang='lat' dir='ltr'>ad</span> <span class='ocrx_word' id='word_1_306' title='bbox 181 1448 215 1479; x_wconf 87' lang='lat' dir='ltr'>p.</span> <span class='ocrx_word' id='word_1_307' title='bbox 231 1439 308 1469; x_wconf 85' lang='grc'>219.</span> <span class='ocrx_word' id='word_1_308' title='bbox 325 1437 382 1479; x_wconf 87' lang='grc'>32)</span> <span class='ocrx_word' id='word_1_309' title='bbox 404 1434 453 1477; x_wconf 87' lang='lat' dir='ltr'>M,</span> <span class='ocrx_word' id='word_1_310' title='bbox 473 1439 514 1468; x_wconf 88' lang='lat' dir='ltr'>tu</span> <span class='ocrx_word' id='word_1_311' title='bbox 532 1436 618 1468; x_wconf 80' lang='lat' dir='ltr'>iuva</span> <span class='ocrx_word' id='word_1_312' title='bbox 633 1433 803 1467; x_wconf 89' lang='lat' dir='ltr'>Wesenb.</span> <span class='ocrx_word' id='word_1_313' title='bbox 824 1454 869 1458; x_wconf 96' lang='lat'><strong>—</strong></span> <span class='ocrx_word' id='word_1_314' title='bbox 896 1437 937 1467; x_wconf 94' lang='grc'>11</span> <span class='ocrx_word' id='word_1_315' title='bbox 958 1433 1028 1467; x_wconf 82' lang='lat' dir='ltr'>Dii</span> <span class='ocrx_word' id='word_1_316' title='bbox 1045 1433 1148 1467; x_wconf 87' lang='lat' dir='ltr'>Boot.</span> <span class='ocrx_word' id='word_1_317' title='bbox 1174 1431 1233 1465; x_wconf 85' lang='lat' dir='ltr'>Ad</span> <span class='ocrx_word' id='word_1_318' title='bbox 1245 1443 1280 1475; x_wconf 84' lang='lat' dir='ltr'>p.</span> <span class='ocrx_word' id='word_1_319' title='bbox 1294 1434 1373 1464; x_wconf 86' lang='lat'>460.</span> <span class='ocrx_word' id='word_1_320' title='bbox 1391 1433 1443 1464; x_wconf 83' lang='lat'>17.</span> 
     </span>
     <span class='ocr_line' id='line_1_30' title="bbox 114 1478 1444 1524; baseline -0.005 -8"><span class='ocrx_word' id='word_1_321' title='bbox 114 1503 159 1507; x_wconf 85' lang='lat'>——</span> <span class='ocrx_word' id='word_1_322' title='bbox 191 1486 235 1515; x_wconf 90' lang='grc'>20</span> <span class='ocrx_word' id='word_1_323' title='bbox 268 1482 428 1524; x_wconf 73' lang='lat' dir='ltr'>offendit</span> <span class='ocrx_word' id='word_1_324' title='bbox 457 1481 551 1514; x_wconf 85' lang='lat' dir='ltr'>Boot</span> <span class='ocrx_word' id='word_1_325' title='bbox 580 1480 619 1514; x_wconf 87' lang='lat' dir='ltr'>in</span> <span class='ocrx_word' id='word_1_326' title='bbox 654 1480 709 1514; x_wconf 86' lang='lat' dir='ltr'>ed.</span> <span class='ocrx_word' id='word_1_327' title='bbox 742 1480 775 1513; x_wconf 93' lang='grc' dir='ltr'>Π</span> <span class='ocrx_word' id='word_1_328' title='bbox 805 1480 906 1514; x_wconf 89' lang='lat' dir='ltr'>tacit.</span> <span class='ocrx_word' id='word_1_329' title='bbox 933 1479 1057 1513; x_wconf 88' lang='lat' dir='ltr'>nescio</span> <span class='ocrx_word' id='word_1_330' title='bbox 1084 1490 1131 1512; x_wconf 88' lang='lat' dir='ltr'>an</span> <span class='ocrx_word' id='word_1_331' title='bbox 1155 1478 1302 1512; x_wconf 85' lang='lat' dir='ltr'>invitus.</span> <span class='ocrx_word' id='word_1_332' title='bbox 1330 1498 1375 1502; x_wconf 73' lang='lat'>——</span> <span class='ocrx_word' id='word_1_333' title='bbox 1401 1481 1444 1510; x_wconf 86' lang='grc'>23</span> 
     </span>
     <span class='ocr_line' id='line_1_31' title="bbox 113 1524 1445 1571; baseline -0.005 -9"><span class='ocrx_word' id='word_1_334' title='bbox 113 1530 176 1563; x_wconf 79' lang='lat' dir='ltr'>hoc</span> <span class='ocrx_word' id='word_1_335' title='bbox 202 1528 271 1562; x_wconf 79' lang='lat' dir='ltr'>del.</span> <span class='ocrx_word' id='word_1_336' title='bbox 299 1527 423 1571; x_wconf 78' lang='lat' dir='ltr'>Orelli,</span> <span class='ocrx_word' id='word_1_337' title='bbox 449 1527 632 1569; x_wconf 78' lang='lat' dir='ltr'>Wesenb.,</span> <span class='ocrx_word' id='word_1_338' title='bbox 658 1527 760 1561; x_wconf 90' lang='lat' dir='ltr'>Boot.</span> <span class='ocrx_word' id='word_1_339' title='bbox 788 1548 832 1551; x_wconf 97' lang='lat'><strong>—</strong></span> <span class='ocrx_word' id='word_1_340' title='bbox 858 1530 901 1560; x_wconf 87' lang='grc'>25</span> <span class='ocrx_word' id='word_1_341' title='bbox 928 1528 1004 1561; x_wconf 83' lang='lat' dir='ltr'>volo</span> <span class='ocrx_word' id='word_1_342' title='bbox 1030 1526 1069 1559; x_wconf 88' lang='lat' dir='ltr'>in</span> <span class='ocrx_word' id='word_1_343' title='bbox 1089 1526 1203 1570; x_wconf 75' lang='lat' dir='ltr'>paulo</span> <span class='ocrx_word' id='word_1_344' title='bbox 1227 1524 1445 1558; x_wconf 90' lang='lat' dir='ltr'>mutandum</span> 
     </span>
     <span class='ocr_line' id='line_1_32' title="bbox 115 1570 1443 1618; baseline -0.004 -9"><span class='ocrx_word' id='word_1_345' title='bbox 115 1586 209 1610; x_wconf 81' lang='lat' dir='ltr'>oens.</span> <span class='ocrx_word' id='word_1_346' title='bbox 243 1574 328 1608; x_wconf 90' lang='lat' dir='ltr'>Otto</span> <span class='ocrx_word' id='word_1_347' title='bbox 358 1586 450 1608; x_wconf 87' lang='lat' dir='ltr'>mus.</span> <span class='ocrx_word' id='word_1_348' title='bbox 482 1574 597 1608; x_wconf 87' lang='lat' dir='ltr'>Rhen.</span> <span class='ocrx_word' id='word_1_349' title='bbox 631 1577 719 1608; x_wconf 86' lang='lat'>1886</span> <span class='ocrx_word' id='word_1_350' title='bbox 744 1585 779 1618; x_wconf 88' lang='lat' dir='ltr'>p.</span> <span class='ocrx_word' id='word_1_351' title='bbox 801 1577 879 1607; x_wconf 87' lang='grc'>375.</span> <span class='ocrx_word' id='word_1_352' title='bbox 914 1595 959 1598; x_wconf 79' lang='lat'>—</span> <span class='ocrx_word' id='word_1_353' title='bbox 995 1573 1045 1606; x_wconf 87' lang='lat' dir='ltr'>Ib.</span> <span class='ocrx_word' id='word_1_354' title='bbox 1081 1573 1241 1617; x_wconf 75' lang='lat' dir='ltr'>†laaeius</span> <span class='ocrx_word' id='word_1_355' title='bbox 1270 1570 1443 1604; x_wconf 87' lang='lat' dir='ltr'>Wesenb.</span> 
     </span>
     <span class='ocr_line' id='line_1_33' title="bbox 115 1618 1446 1665; baseline -0.005 -9"><span class='ocrx_word' id='word_1_356' title='bbox 115 1622 208 1656; x_wconf 89' lang='lat' dir='ltr'>coni.</span> <span class='ocrx_word' id='word_1_357' title='bbox 237 1622 419 1665; x_wconf 75' lang='lat' dir='ltr'>prolioeius</span> <span class='ocrx_word' id='word_1_358' title='bbox 451 1623 515 1654; x_wconf 89' lang='lat' dir='ltr'>aut</span> <span class='ocrx_word' id='word_1_359' title='bbox 549 1621 698 1665; x_wconf 58' lang='lat' dir='ltr'>lougius,</span> <span class='ocrx_word' id='word_1_360' title='bbox 738 1621 873 1654; x_wconf 79' lang='lat' dir='ltr'>lautius</span> <span class='ocrx_word' id='word_1_361' title='bbox 897 1619 1048 1664; x_wconf 83' lang='lat' dir='ltr'>Madvig</span> <span class='ocrx_word' id='word_1_362' title='bbox 1072 1619 1163 1652; x_wconf 82' lang='lat' dir='ltr'>Adv.</span> <span class='ocrx_word' id='word_1_363' title='bbox 1183 1618 1216 1651; x_wconf 91' lang='grc' dir='ltr'>Π</span> <span class='ocrx_word' id='word_1_364' title='bbox 1239 1630 1274 1662; x_wconf 86' lang='lat' dir='ltr'>p.</span> <span class='ocrx_word' id='word_1_365' title='bbox 1297 1621 1374 1651; x_wconf 83' lang='grc'>240.</span> <span class='ocrx_word' id='word_1_366' title='bbox 1401 1639 1446 1643; x_wconf 85' lang='grc'><strong>-</strong></span> 
     </span>
     <span class='ocr_line' id='line_1_34' title="bbox 115 1664 1445 1712; baseline -0.002 -10"><span class='ocrx_word' id='word_1_367' title='bbox 115 1672 158 1702; x_wconf 92' lang='grc'>27</span> <span class='ocrx_word' id='word_1_368' title='bbox 184 1669 216 1702; x_wconf 74' lang='lat' dir='ltr'>ei</span> <span class='ocrx_word' id='word_1_369' title='bbox 241 1667 408 1712; x_wconf 84' lang='lat' dir='ltr'>Malasp.,</span> <span class='ocrx_word' id='word_1_370' title='bbox 434 1667 543 1711; x_wconf 68' lang='lat' dir='ltr'>vulg,</span> <span class='ocrx_word' id='word_1_371' title='bbox 568 1672 600 1701; x_wconf 85' lang='lat' dir='ltr'>et</span> <span class='ocrx_word' id='word_1_372' title='bbox 624 1667 651 1700; x_wconf 88' lang='lat' dir='ltr'>F</span> <span class='ocrx_word' id='word_1_373' title='bbox 672 1666 873 1710; x_wconf 89' lang='lat' dir='ltr'>(Lehmann</span> <span class='ocrx_word' id='word_1_374' title='bbox 898 1667 974 1700; x_wconf 88' lang='lat' dir='ltr'>Att.</span> <span class='ocrx_word' id='word_1_375' title='bbox 1000 1678 1034 1710; x_wconf 88' lang='lat' dir='ltr'>p.</span> <span class='ocrx_word' id='word_1_376' title='bbox 1058 1669 1111 1709; x_wconf 85' lang='lat'>15,</span> <span class='ocrx_word' id='word_1_377' title='bbox 1128 1667 1197 1708; x_wconf 90' lang='grc'>18),</span> <span class='ocrx_word' id='word_1_378' title='bbox 1223 1665 1262 1698; x_wconf 74' lang='lat' dir='ltr'>id</span> <span class='ocrx_word' id='word_1_379' title='bbox 1281 1664 1329 1706; x_wconf 90' lang='lat' dir='ltr'>M,</span> <span class='ocrx_word' id='word_1_380' title='bbox 1352 1664 1445 1699; x_wconf 70' lang='lat' dir='ltr'>Cice-</span> 
     </span>
     <span class='ocr_line' id='line_1_35' title="bbox 113 1710 1445 1757; baseline -0.005 -8"><span class='ocrx_word' id='word_1_381' title='bbox 113 1716 198 1749; x_wconf 73' lang='lat' dir='ltr'>roni</span> <span class='ocrx_word' id='word_1_382' title='bbox 220 1714 344 1756; x_wconf 73' lang='lat' dir='ltr'>Klotz,</span> <span class='ocrx_word' id='word_1_383' title='bbox 375 1714 534 1757; x_wconf 73' lang='lat' dir='ltr'>Tyrrell,</span> <span class='ocrx_word' id='word_1_384' title='bbox 562 1714 643 1747; x_wconf 69' lang='lat' dir='ltr'>illi?</span> <span class='ocrx_word' id='word_1_385' title='bbox 668 1734 714 1738; x_wconf 75' lang='lat'>-</span> <span class='ocrx_word' id='word_1_386' title='bbox 745 1717 787 1747; x_wconf 90' lang='lat'>31</span> <span class='ocrx_word' id='word_1_387' title='bbox 814 1714 993 1757; x_wconf 56' lang='lat' dir='ltr'>explicata</span> <span class='ocrx_word' id='word_1_388' title='bbox 1019 1713 1114 1746; x_wconf 79' lang='lat' dir='ltr'>‘cdd</span> <span class='ocrx_word' id='word_1_389' title='bbox 1141 1711 1332 1753; x_wconf 85' lang='lat' dir='ltr'>Memmii’,</span> <span class='ocrx_word' id='word_1_390' title='bbox 1359 1710 1445 1754; x_wconf 83' lang='lat' dir='ltr'>Tyr—</span> 
     </span>
     <span class='ocr_line' id='line_1_36' title="bbox 115 1757 1446 1804; baseline -0.004 -9"><span class='ocrx_word' id='word_1_391' title='bbox 115 1761 194 1803; x_wconf 90' lang='lat' dir='ltr'>rell,</span> <span class='ocrx_word' id='word_1_392' title='bbox 223 1761 275 1794; x_wconf 87' lang='lat' dir='ltr'>‘in</span> <span class='ocrx_word' id='word_1_393' title='bbox 301 1761 427 1795; x_wconf 85' lang='lat' dir='ltr'>codic-e</span> <span class='ocrx_word' id='word_1_394' title='bbox 453 1760 601 1794; x_wconf 85' lang='lat' dir='ltr'>Turnes.</span> <span class='ocrx_word' id='word_1_395' title='bbox 630 1759 786 1793; x_wconf 73' lang='lat' dir='ltr'>dimidia</span> <span class='ocrx_word' id='word_1_396' title='bbox 810 1760 886 1793; x_wconf 85' lang='lat' dir='ltr'>fere</span> <span class='ocrx_word' id='word_1_397' title='bbox 911 1770 995 1804; x_wconf 87' lang='lat' dir='ltr'>pars</span> <span class='ocrx_word' id='word_1_398' title='bbox 1020 1759 1130 1792; x_wconf 87' lang='lat' dir='ltr'>huius</span> <span class='ocrx_word' id='word_1_399' title='bbox 1156 1758 1254 1792; x_wconf 86' lang='lat' dir='ltr'>vocis</span> <span class='ocrx_word' id='word_1_400' title='bbox 1279 1757 1378 1791; x_wconf 86' lang='lat' dir='ltr'>iacet</span> <span class='ocrx_word' id='word_1_401' title='bbox 1407 1757 1446 1790; x_wconf 92' lang='lat' dir='ltr'>in</span> 
     </span>
     <span class='ocr_line' id='line_1_37' title="bbox 115 1803 1445 1852; baseline -0.002 -11"><span class='ocrx_word' id='word_1_402' title='bbox 115 1808 262 1841; x_wconf 84' lang='lat' dir='ltr'>lacuna’</span> <span class='ocrx_word' id='word_1_403' title='bbox 291 1810 334 1851; x_wconf 76' lang='lat' dir='ltr'>(v,</span> <span class='ocrx_word' id='word_1_404' title='bbox 360 1807 549 1840; x_wconf 85' lang='lat' dir='ltr'>Lehmann</span> <span class='ocrx_word' id='word_1_405' title='bbox 574 1807 648 1840; x_wconf 86' lang='lat' dir='ltr'>Att.</span> <span class='ocrx_word' id='word_1_406' title='bbox 675 1819 711 1850; x_wconf 87' lang='lat' dir='ltr'>p.</span> <span class='ocrx_word' id='word_1_407' title='bbox 734 1808 881 1850; x_wconf 82' lang='lat' dir='ltr'>116m.),</span> <span class='ocrx_word' id='word_1_408' title='bbox 906 1806 1105 1852; x_wconf 76' lang='lat' dir='ltr'>[excitata]</span> <span class='ocrx_word' id='word_1_409' title='bbox 1124 1804 1283 1844; x_wconf 86' lang='lat' dir='ltr'>Ernesti,</span> <span class='ocrx_word' id='word_1_410' title='bbox 1308 1803 1445 1846; x_wconf 85' lang='lat' dir='ltr'>Baiter,</span> 
     </span>
     <span class='ocr_line' id='line_1_38' title="bbox 115 1850 1445 1899; baseline -0.005 -10"><span class='ocrx_word' id='word_1_411' title='bbox 115 1855 306 1899; x_wconf 76' lang='lat' dir='ltr'>†eaeeitata</span> <span class='ocrx_word' id='word_1_412' title='bbox 330 1853 524 1895; x_wconf 87' lang='lat' dir='ltr'>Wesenb.,</span> <span class='ocrx_word' id='word_1_413' title='bbox 555 1854 729 1888; x_wconf 70' lang='lat' dir='ltr'>ecctricata</span> <span class='ocrx_word' id='word_1_414' title='bbox 753 1853 895 1894; x_wconf 85' lang='lat' dir='ltr'>Bosius,</span> <span class='ocrx_word' id='word_1_415' title='bbox 920 1853 1023 1887; x_wconf 90' lang='lat' dir='ltr'>Boot.</span> <span class='ocrx_word' id='word_1_416' title='bbox 1050 1873 1094 1877; x_wconf 89' lang='lat'>—</span> <span class='ocrx_word' id='word_1_417' title='bbox 1121 1855 1162 1885; x_wconf 89' lang='grc'>31</span> <span class='ocrx_word' id='word_1_418' title='bbox 1180 1863 1231 1893; x_wconf 87' lang='lat' dir='ltr'>sq.</span> <span class='ocrx_word' id='word_1_419' title='bbox 1259 1850 1377 1884; x_wconf 81' lang='lat' dir='ltr'>Haec</span> <span class='ocrx_word' id='word_1_420' title='bbox 1402 1870 1445 1875; x_wconf 92' lang='lat'>—</span> 
     </span>
     <span class='ocr_line' id='line_1_39' title="bbox 116 1898 1447 1944; baseline -0.004 -9"><span class='ocrx_word' id='word_1_421' title='bbox 116 1901 308 1936; x_wconf 75' lang='lat' dir='ltr'>scribenda</span> <span class='ocrx_word' id='word_1_422' title='bbox 332 1900 485 1944; x_wconf 82' lang='lat' dir='ltr'>Tyrrell,</span> <span class='ocrx_word' id='word_1_423' title='bbox 506 1900 615 1934; x_wconf 80' lang='lat' dir='ltr'>Hane</span> <span class='ocrx_word' id='word_1_424' title='bbox 639 1921 683 1924; x_wconf 97' lang='lat'><strong>—</strong></span> <span class='ocrx_word' id='word_1_425' title='bbox 708 1911 837 1934; x_wconf 76' lang='lat' dir='ltr'>manus</span> <span class='ocrx_word' id='word_1_426' title='bbox 861 1900 1049 1934; x_wconf 77' lang='lat' dir='ltr'>scribenda</span> <span class='ocrx_word' id='word_1_427' title='bbox 1072 1898 1119 1931; x_wconf 90' lang='lat' dir='ltr'>M.</span> <span class='ocrx_word' id='word_1_428' title='bbox 1146 1898 1205 1931; x_wconf 87' lang='lat' dir='ltr'>Ad</span> <span class='ocrx_word' id='word_1_429' title='bbox 1223 1900 1327 1941; x_wconf 86' lang='lat' dir='ltr'>p.54.</span> <span class='ocrx_word' id='word_1_430' title='bbox 1344 1900 1396 1931; x_wconf 90' lang='grc'>15.</span> <span class='ocrx_word' id='word_1_431' title='bbox 1435 1898 1447 1943; x_wconf 83' lang='grc' dir='ltr'>Η</span> 
     </span>
    </p>

    <p class='ocr_par' dir='ltr' id='par_1_3' title="bbox 118 1942 1445 2317">
     <span class='ocr_line' id='line_1_40' title="bbox 163 1942 1445 1990; baseline -0.003 -10"><span class='ocrx_word' id='word_1_432' title='bbox 163 1947 210 1981; x_wconf 83' lang='lat' dir='ltr'>P.</span> <span class='ocrx_word' id='word_1_433' title='bbox 225 1946 314 1982; x_wconf 79' lang='lat'>486.</span> <span class='ocrx_word' id='word_1_434' title='bbox 330 1951 349 1980; x_wconf 92' lang='grc'>2</span> <span class='ocrx_word' id='word_1_435' title='bbox 376 1959 406 1980; x_wconf 90' lang='lat' dir='ltr'>v.</span> <span class='ocrx_word' id='word_1_436' title='bbox 421 1947 539 1980; x_wconf 84' lang='lat' dir='ltr'>Ruete</span> <span class='ocrx_word' id='word_1_437' title='bbox 566 1946 650 1980; x_wconf 81' lang='lat' dir='ltr'>diss.</span> <span class='ocrx_word' id='word_1_438' title='bbox 666 1946 783 1980; x_wconf 86' lang='lat' dir='ltr'>Marb.</span> <span class='ocrx_word' id='word_1_439' title='bbox 800 1950 889 1979; x_wconf 90' lang='lat'>1883</span> <span class='ocrx_word' id='word_1_440' title='bbox 915 1958 949 1990; x_wconf 88' lang='lat' dir='ltr'>p.</span> <span class='ocrx_word' id='word_1_441' title='bbox 966 1950 996 1988; x_wconf 89' lang='lat'>9,</span> <span class='ocrx_word' id='word_1_442' title='bbox 1024 1944 1062 1979; x_wconf 89' lang='lat' dir='ltr'>O.</span> <span class='ocrx_word' id='word_1_443' title='bbox 1077 1944 1117 1978; x_wconf 86' lang='lat' dir='ltr'>E.</span> <span class='ocrx_word' id='word_1_444' title='bbox 1134 1943 1300 1977; x_wconf 84' lang='lat' dir='ltr'>Schmidt</span> <span class='ocrx_word' id='word_1_445' title='bbox 1318 1942 1445 1977; x_wconf 83' lang='lat' dir='ltr'>Fleck-</span> 
     </span>
     <span class='ocr_line' id='line_1_41' title="bbox 118 1990 1443 2037; baseline -0.002 -11"><span class='ocrx_word' id='word_1_446' title='bbox 118 1992 219 2026; x_wconf 87' lang='lat' dir='ltr'>eisen</span> <span class='ocrx_word' id='word_1_447' title='bbox 245 2004 326 2027; x_wconf 86' lang='lat' dir='ltr'>ann.</span> <span class='ocrx_word' id='word_1_448' title='bbox 350 1997 439 2027; x_wconf 84' lang='lat'>1884</span> <span class='ocrx_word' id='word_1_449' title='bbox 463 2005 498 2037; x_wconf 89' lang='lat' dir='ltr'>p.</span> <span class='ocrx_word' id='word_1_450' title='bbox 521 1997 599 2036; x_wconf 84' lang='lat'>347,</span> <span class='ocrx_word' id='word_1_451' title='bbox 624 1992 767 2037; x_wconf 73' lang='lat' dir='ltr'>Tyri-el]</span> <span class='ocrx_word' id='word_1_452' title='bbox 793 2003 848 2036; x_wconf 90' lang='lat' dir='ltr'>ep.</span> <span class='ocrx_word' id='word_1_453' title='bbox 865 1996 942 2034; x_wconf 89' lang='grc'>753,</span> <span class='ocrx_word' id='word_1_454' title='bbox 971 1993 1036 2026; x_wconf 85' lang='lat' dir='ltr'>XI</span> <span class='ocrx_word' id='word_1_455' title='bbox 1058 1992 1142 2025; x_wconf 84' lang='lat' dir='ltr'>Kal.</span> <span class='ocrx_word' id='word_1_456' title='bbox 1161 1990 1282 2034; x_wconf 70' lang='lat' dir='ltr'>Quint.</span> <span class='ocrx_word' id='word_1_457' title='bbox 1307 1990 1443 2033; x_wconf 89' lang='lat' dir='ltr'>Baiter,</span> 
     </span>
     <span class='ocr_line' id='line_1_42' title="bbox 118 2037 1445 2084; baseline -0.002 -12"><span class='ocrx_word' id='word_1_458' title='bbox 118 2038 288 2074; x_wconf 89' lang='lat' dir='ltr'>Wesenb.</span> <span class='ocrx_word' id='word_1_459' title='bbox 322 2061 366 2065; x_wconf 92' lang='lat'>—</span> <span class='ocrx_word' id='word_1_460' title='bbox 403 2044 421 2074; x_wconf 90' lang='grc'>7</span> <span class='ocrx_word' id='word_1_461' title='bbox 457 2041 556 2084; x_wconf 77' lang='lat' dir='ltr'>‘post</span> <span class='ocrx_word' id='word_1_462' title='bbox 580 2040 729 2083; x_wconf 69' lang='lat' dir='ltr'>efficeret</span> <span class='ocrx_word' id='word_1_463' title='bbox 753 2039 988 2073; x_wconf 85' lang='lat' dir='ltr'>inserendum</span> <span class='ocrx_word' id='word_1_464' title='bbox 1013 2038 1158 2071; x_wconf 88' lang='lat' dir='ltr'>videtur</span> <span class='ocrx_word' id='word_1_465' title='bbox 1183 2037 1226 2071; x_wconf 83' lang='lat' dir='ltr'>et’</span> <span class='ocrx_word' id='word_1_466' title='bbox 1254 2037 1348 2071; x_wconf 88' lang='lat' dir='ltr'>Boot</span> <span class='ocrx_word' id='word_1_467' title='bbox 1373 2048 1445 2071; x_wconf 90' lang='lat' dir='ltr'>non</span> 
     </span>
     <span class='ocr_line' id='line_1_43' title="bbox 118 2084 1445 2130; baseline -0.001 -12"><span class='ocrx_word' id='word_1_468' title='bbox 118 2097 265 2130; x_wconf 87' lang='lat' dir='ltr'>prorsus</span> <span class='ocrx_word' id='word_1_469' title='bbox 297 2088 400 2129; x_wconf 68' lang='lat' dir='ltr'>cert,</span> <span class='ocrx_word' id='word_1_470' title='bbox 440 2087 504 2120; x_wconf 89' lang='lat' dir='ltr'>sed</span> <span class='ocrx_word' id='word_1_471' title='bbox 537 2086 735 2120; x_wconf 89' lang='lat' dir='ltr'>admodum</span> <span class='ocrx_word' id='word_1_472' title='bbox 758 2086 833 2119; x_wconf 83' lang='lat' dir='ltr'>veri</span> <span class='ocrx_word' id='word_1_473' title='bbox 857 2086 954 2127; x_wconf 80' lang='lat' dir='ltr'>sim,</span> <span class='ocrx_word' id='word_1_474' title='bbox 993 2094 1216 2128; x_wconf 84' lang='lat' dir='ltr'>quamquam</span> <span class='ocrx_word' id='word_1_475' title='bbox 1243 2084 1445 2127; x_wconf 85' lang='lat' dir='ltr'>asyndeton</span> 
     </span>
     <span class='ocr_line' id='line_1_44' title="bbox 120 2131 1444 2177; baseline -0.002 -12"><span class='ocrx_word' id='word_1_476' title='bbox 120 2132 287 2166; x_wconf 88' lang='lat' dir='ltr'>defendit</span> <span class='ocrx_word' id='word_1_477' title='bbox 315 2132 504 2166; x_wconf 89' lang='lat' dir='ltr'>Lehmann</span> <span class='ocrx_word' id='word_1_478' title='bbox 536 2132 698 2174; x_wconf 83' lang='lat' dir='ltr'>Quaestt.</span> <span class='ocrx_word' id='word_1_479' title='bbox 725 2145 758 2177; x_wconf 96' lang='lat' dir='ltr'>p.</span> <span class='ocrx_word' id='word_1_480' title='bbox 781 2136 835 2166; x_wconf 88' lang='grc'>27.</span> <span class='ocrx_word' id='word_1_481' title='bbox 868 2153 913 2156; x_wconf 84' lang='grc'><strong>-</strong></span> <span class='ocrx_word' id='word_1_482' title='bbox 946 2135 988 2165; x_wconf 89' lang='grc'>13</span> <span class='ocrx_word' id='word_1_483' title='bbox 1004 2143 1056 2174; x_wconf 88' lang='lat' dir='ltr'>sq.</span> <span class='ocrx_word' id='word_1_484' title='bbox 1089 2131 1326 2165; x_wconf 76' lang='lat' dir='ltr'>cerritiorem</span> <span class='ocrx_word' id='word_1_485' title='bbox 1353 2131 1444 2164; x_wconf 87' lang='lat' dir='ltr'>coni.</span> 
     </span>
     <span class='ocr_line' id='line_1_45' title="bbox 119 2176 1444 2224; baseline -0.001 -13"><span class='ocrx_word' id='word_1_486' title='bbox 119 2178 261 2222; x_wconf 81' lang='lat' dir='ltr'>Tyrrell</span> <span class='ocrx_word' id='word_1_487' title='bbox 303 2179 453 2222; x_wconf 84' lang='lat' dir='ltr'>proba-b.</span> <span class='ocrx_word' id='word_1_488' title='bbox 514 2180 573 2213; x_wconf 89' lang='lat' dir='ltr'>Ad</span> <span class='ocrx_word' id='word_1_489' title='bbox 603 2192 636 2224; x_wconf 92' lang='lat' dir='ltr'>p.</span> <span class='ocrx_word' id='word_1_490' title='bbox 659 2183 735 2213; x_wconf 86' lang='grc'>230.</span> <span class='ocrx_word' id='word_1_491' title='bbox 758 2183 789 2214; x_wconf 88' lang='grc'>2.</span> <span class='ocrx_word' id='word_1_492' title='bbox 835 2199 877 2203; x_wconf 84' lang='grc'>-</span> <span class='ocrx_word' id='word_1_493' title='bbox 923 2182 965 2211; x_wconf 88' lang='grc'>15</span> <span class='ocrx_word' id='word_1_494' title='bbox 1009 2178 1310 2212; x_wconf 72' lang='lat' dir='ltr'>deliberantium</span> <span class='ocrx_word' id='word_1_495' title='bbox 1353 2176 1444 2211; x_wconf 89' lang='lat' dir='ltr'>coni.</span> 
     </span>
     <span class='ocr_line' id='line_1_46' title="bbox 120 2224 1445 2270; baseline -0.001 -12"><span class='ocrx_word' id='word_1_496' title='bbox 120 2224 240 2259; x_wconf 85' lang='lat' dir='ltr'>Moser</span> <span class='ocrx_word' id='word_1_497' title='bbox 263 2236 382 2269; x_wconf 83' lang='lat' dir='ltr'>progr.</span> <span class='ocrx_word' id='word_1_498' title='bbox 409 2225 494 2259; x_wconf 80' lang='lat' dir='ltr'>Ulm</span> <span class='ocrx_word' id='word_1_499' title='bbox 521 2229 609 2260; x_wconf 81' lang='lat'>1846</span> <span class='ocrx_word' id='word_1_500' title='bbox 634 2238 668 2270; x_wconf 91' lang='lat' dir='ltr'>p.</span> <span class='ocrx_word' id='word_1_501' title='bbox 692 2230 744 2259; x_wconf 88' lang='lat'>14.</span> <span class='ocrx_word' id='word_1_502' title='bbox 777 2245 823 2250; x_wconf 40' lang='lat'>-*</span> <span class='ocrx_word' id='word_1_503' title='bbox 853 2228 897 2258; x_wconf 92' lang='grc'>20</span> <span class='ocrx_word' id='word_1_504' title='bbox 926 2224 1028 2268; x_wconf 74' lang='lat' dir='ltr'>Quod</span> <span class='ocrx_word' id='word_1_505' title='bbox 1061 2224 1192 2268; x_wconf 73' lang='lat' dir='ltr'>Quinto</span> <span class='ocrx_word' id='word_1_506' title='bbox 1224 2224 1315 2259; x_wconf 79' lang='lat' dir='ltr'>coni.</span> <span class='ocrx_word' id='word_1_507' title='bbox 1341 2224 1445 2265; x_wconf 91' lang='lat' dir='ltr'>Boot,</span> 
     </span>
     <span class='ocr_line' id='line_1_47' title="bbox 121 2271 1432 2317; baseline -0.001 -12"><span class='ocrx_word' id='word_1_508' title='bbox 121 2283 187 2306; x_wconf 84' lang='lat' dir='ltr'>ser.</span> <span class='ocrx_word' id='word_1_509' title='bbox 214 2271 366 2316; x_wconf 84' lang='lat' dir='ltr'>Tyrrell.</span> <span class='ocrx_word' id='word_1_510' title='bbox 393 2293 438 2296; x_wconf 97' lang='lat'><strong>—</strong></span> <span class='ocrx_word' id='word_1_511' title='bbox 468 2276 511 2306; x_wconf 87' lang='grc'>23</span> <span class='ocrx_word' id='word_1_512' title='bbox 537 2273 752 2317; x_wconf 73' lang='lat' dir='ltr'>Hydrunte.</span> <span class='ocrx_word' id='word_1_513' title='bbox 786 2271 849 2306; x_wconf 74' lang='lat' dir='ltr'>Me</span> <span class='ocrx_word' id='word_1_514' title='bbox 874 2271 1013 2315; x_wconf 67' lang='lat' dir='ltr'>quidem</span> <span class='ocrx_word' id='word_1_515' title='bbox 1038 2271 1221 2306; x_wconf 70' lang='lat' dir='ltr'>movebant</span> <span class='ocrx_word' id='word_1_516' title='bbox 1244 2275 1326 2306; x_wconf 80' lang='lat' dir='ltr'>tuae</span> <span class='ocrx_word' id='word_1_517' title='bbox 1353 2271 1432 2305; x_wconf 86' lang='lat' dir='ltr'>coni</span> 
     </span>
    </p>
   </div>
  </div>
 </body>
</html>
