1665 2553
380 86 719 122 EPISTULARUM
744 86 808 121 AD
834 85 1049 120 ATTICUM
1073 85 1090 119 Ι
1117 88 1171 119 17.
1386 83 1441 124 27

105 184 150 225 111
182 198 265 237 qua
295 182 483 237 exponis,
516 197 620 237 quas
652 181 873 223 facultates
907 184 980 222 aut
1011 179 1338 235 provincialium
1370 181 1444 219 aut

106 243 365 283 urbanorum
407 241 723 282 commodorum
766 243 808 281 et
851 240 944 281 aliis
985 239 1248 293 temporibus
1294 240 1335 278 et
1378 251 1444 278 me

105 302 200 355 ipso
233 300 403 342 consule
435 299 776 354 praetermiseris.
837 298 944 339 Mihi
983 299 1094 339 enim
1125 299 1346 352 perspecta
1382 298 1445 336 est

107 363 148 401 et
173 359 412 414 ingenuitas
443 361 485 399 et
515 358 764 413 magnitudo
797 357 926 398 animi
951 357 1034 412 tui3
1065 370 1200 410 neque
1227 369 1305 410 ego
1331 355 1444 395 inter

69 436 87 462 5
107 433 174 459 me
199 421 325 472 atque
350 420 393 458 te
424 417 650 471 quic-quam
680 417 883 457 interesse
913 430 1115 469 umquam
1147 414 1248 455 duxi
1278 416 1445 468 praeter

107 477 370 518 voluntatem
394 476 618 517 institutae
643 475 768 531 vitae,
799 474 912 529 quod
942 489 1009 515 me
1035 473 1213 515 ambitio
1241 472 1445 526 quaedam

107 536 159 577 ad
189 535 399 576 honorum
430 534 629 589 studium,
659 536 702 575 te
734 536 874 575 autem
905 533 987 574 alia
1018 533 1190 573 minime
1222 531 1444 585 reprehen-

108 594 242 635 denda
254 594 363 635 ratio
379 594 431 634 ad
450 593 676 634 honestum
696 593 830 633 otium
846 592 976 633 duxit.
1002 591 1115 632 Vera
1135 590 1305 645 quidem
1322 588 1445 630 laude

107 652 354 708 probitatis,
386 652 646 706 diligentiae,
684 651 902 705 religionis
933 665 1069 704 neque
1100 664 1166 690 me
1197 649 1279 689 tibi
1308 661 1446 702 neque

52 730 89 754 10
109 726 362 765 quemquam
388 714 611 764 antepono,
643 710 798 751 amoris
825 724 923 750 vero
951 722 1049 763 erga
1074 723 1152 763 me,
1184 722 1279 748 cum
1312 722 1335 748 a
1365 707 1446 747 fra-

107 773 227 811 terno
267 784 407 811 amore
445 769 758 822 domesticoque
807 768 991 823 discessi,
1040 767 1122 808 tibi
1171 766 1330 820 primas
1380 765 1446 805 de-

107 831 207 869 fero.
275 828 377 869 Vidi
420 828 550 883 enim,
591 827 678 868 vidi
720 827 972 880 penitusque
1016 825 1211 880 perspexi
1253 825 1299 865 in
1341 823 1445 864 meis

108 887 236 928 variis
280 887 543 940 temporibus
584 888 626 927 et
669 885 973 926 solIicitudines
1025 887 1066 925 et
1108 883 1293 924 laetitias
1337 884 1444 923 tuas.

108 945 207 986 Fuit
244 945 350 986 mihi
387 959 509 999 saepe
547 947 588 985 et
623 944 760 985 laudis
797 946 969 985 nostrae
1006 942 1237 997 gratulatio
1275 944 1349 982 tua
1386 940 1447 981 iu-

54 1022 88 1047 15
109 1003 243 1045 cunda
274 1006 315 1045 et
346 1003 513 1044 timoris
546 1003 780 1044 consolatio
812 1005 945 1057 grata.
995 1001 1108 1050 Quin
1137 1000 1243 1041 mihi
1266 1013 1380 1040 nunc
1404 1001 1446 1039 te
1486 1005 1493 1008 ”

109 1063 283 1104 absente
324 1077 413 1103 non
455 1062 594 1103 solum
637 1061 879 1117 consilium,
922 1074 1005 1114 quo
1049 1062 1098 1100 tu
1142 1058 1332 1113 excellis,
1376 1057 1448 1098 sed

109 1122 236 1162 etiam
277 1121 481 1162 sermonis
519 1119 863 1174 communicatio,
907 1117 1158 1173 quaemihi
1195 1116 1447 1158 suavissima

108 1183 248 1221 tecum
285 1180 393 1221 solet
432 1194 539 1235 esse,
581 1179 762 1220 maxime
802 1178 917 1218 deest
956 1202 1011 1206 —-
1051 1176 1153 1230 quid
1195 1175 1359 1216 dicam?
1402 1175 1449 1214 in

109 1239 331 1292 publicane
362 1253 424 1293 re,
463 1252 545 1292 quo
571 1238 616 1278 in
647 1251 798 1291 genere
828 1236 934 1277 mihi
964 1234 1208 1289 neglegenti
1240 1248 1330 1274 esse
1360 1247 1449 1273 non

52 1316 91 1340 >20
110 1298 226 1352 licet,
258 1311 312 1337 an
341 1297 387 1337 in
417 1296 577 1337 forensi
606 1296 769 1351 labore,
801 1310 926 1348 quem
958 1297 1080 1334 antea
1112 1295 1287 1346 propter
1319 1290 1449 1331 ambi-

109 1356 269 1396 tionem
306 1355 586 1409 sustinebam,
621 1368 750 1408 nunc,
786 1356 834 1393 ut
873 1353 1125 1405 dignitatem
1161 1350 1274 1388 tueri
1311 1349 1450 1402 gratia

111 1414 284 1468 possim,
316 1427 369 1453 an
398 1414 444 1453 ‘m
475 1412 579 1464 ipsis
611 1411 853 1451 domesticis
883 1408 1082 1462 negotiis,
1113 1407 1159 1446 in
1188 1406 1343 1459 quibus
1370 1419 1448 1459 ego

111 1486 207 1512 cum
250 1473 372 1511 antea
414 1472 507 1509 tum
548 1482 647 1509 vero
692 1470 789 1520 post
827 1467 1058 1506 discessum
1097 1464 1242 1504 fratris
1281 1466 1323 1503 te
1367 1477 1450 1503 ser-

111 1542 341 1581 monesque
365 1530 535 1568 nostros
562 1525 779 1566 desidero?
813 1524 1035 1565 Postremo
1061 1537 1149 1563 non
1173 1522 1294 1562 labor
1318 1535 1451 1575 meus,

60 1605 93 1630 25
112 1601 199 1627 non
229 1586 413 1640 requies,
447 1599 536 1625 non
564 1583 803 1639 negotium,
838 1597 926 1623 non
958 1582 1110 1636 otium,
1143 1595 1231 1621 non
1261 1580 1449 1620 forenses

113 1660 193 1700 res,
222 1659 308 1685 non
340 1643 604 1697 domesticae,
632 1656 715 1684 non
737 1641 937 1695 publicae,
971 1654 1059 1680 non
1089 1639 1278 1692 privatae
1311 1651 1451 1678 carere

115 1704 273 1744 diutius
305 1705 380 1743 tuo
414 1702 663 1743 suavissimo
703 1702 829 1754 atque
867 1697 1160 1739 amantissimo
1194 1696 1371 1737 consilio
1405 1709 1452 1736 ac

117 1775 306 1803 sermone
337 1762 529 1815 possunt.

202 1820 345 1874 Atque
373 1819 525 1860 harum
555 1832 697 1858 rerum
728 1813 1168 1856 commemorationem
1202 1810 1453 1852 verecundia

64 1896 98 1921 30
119 1893 241 1932 saepe
283 1877 501 1931 impedivit
544 1876 766 1928 utriusque
807 1876 1020 1926 nostrum,
1064 1885 1177 1911 nunc
1221 1872 1362 1910 autem
1405 1884 1453 1910 ea

117 1937 198 1977 fuit
227 1936 461 1977 necessaria
491 1937 664 1989 propter
696 1947 787 1974 eam
817 1934 981 1986 partem
1007 1929 1212 1983 epistulae
1237 1931 1348 1982 tuae,
1378 1942 1454 1981 per

119 2009 244 2048 quam
285 1997 328 2035 te
371 2009 418 2035 ac
459 2007 597 2034 mores
641 1995 738 2032 tuos
778 1990 884 2031 1111111
921 1990 1125 2043 purgatos
1165 2001 1212 2027 ac
1247 1986 1453 2040 probatos

119 2067 209 2093 esse
250 2053 436 2093 voluisti.
502 2051 645 2105 Atque
686 2050 733 2090 in
774 2049 857 2089 ista
900 2046 1244 2088 incommoditate
1282 2044 1454 2085 alienati

119 2111 234 2152 illius
262 2111 389 2151 animi
415 2113 455 2151 et
482 2109 631 2151 offensi
656 2108 761 2149 illud
792 2108 902 2148 inest
928 2109 1070 2146 tamen
1095 2103 1316 2158 commodi,
1341 2103 1455 2157 quod

64 2186 100 2213 35
121 2172 161 2211 et
192 2169 297 2210 mihi
329 2172 370 2210 et
401 2169 549 2209 ceteris
582 2167 725 2209 amicis
757 2166 843 2206 tuis
880 2166 983 2205 nota
1013 2163 1096 2204 fuit
1129 2165 1170 2202 et
1202 2161 1276 2202 abs
1308 2163 1351 2202 te
1383 2161 1455 2202 ali-

121 2227 287 2282 quando
325 2229 421 2268 ante
456 2227 683 2267 testificata
718 2227 792 2265 tua
829 2223 1026 2264 voluntas
1066 2219 1323 2261 omittendae
1361 2234 1456 2273 pro-

119 2286 298 2341 vinciae,
334 2288 400 2340 ut,
438 2285 550 2338 quod
585 2299 668 2325 una
704 2297 791 2323 non
829 2281 950 2336 estis,
986 2294 1072 2320 non
1109 2279 1371 2320 dissensione
1409 2292 1457 2318 ac
