1665 2553
169 1141 189 1170 Ν)

210 100 295 142 208
638 100 685 134 Μ.
713 99 853 134 TULLI
879 99 1127 134 CICERONIS

211 195 314 250 quid
349 198 465 249 puto.
527 194 637 236 Amo
671 196 797 235 etiam
827 193 1034 236 Pisonem.
1097 193 1228 236 Cuius
1260 194 1463 236 iudicium
1494 194 1544 235 de

210 268 365 309 genero
403 254 593 308 suspicor
630 254 768 294 visun]
808 253 861 294 iri
893 267 1029 307 grave.
1092 252 1373 308 Quamquam,
1410 267 1543 308 genus

211 313 314 354 belli
345 313 456 366 quod
488 313 555 366 sit,
586 312 713 353 vides.
763 310 830 353 Ita
861 312 981 352 civile
1013 314 1089 366 est,
1120 315 1168 352 ut
1198 326 1285 353 non
1315 326 1365 353 ex
1390 312 1544 353 civium

212 372 492 425 dissensione,
533 370 605 411 sed
637 385 686 410 ex
718 371 842 411 unius
874 370 1029 424 perditi
1060 370 1162 411 civis
1195 371 1367 411 audacia
1396 373 1544 411 natum

213 430 280 471 sit.
329 429 371 470 Is
404 432 544 470 autem
575 429 688 469 valet
721 429 918 484 exercitu,
947 431 1064 469 tenet
1095 429 1253 470 multos
1287 444 1359 483 spe
1385 431 1427 470 et
1451 443 1546 483 pro·
1581 446 1597 471 5

213 489 368 542 missis,
408 489 549 528 omnia
581 487 770 528 omnium
802 487 1051 541 concupivit.
1112 487 1223 528 Huic
1254 488 1411 528 tradita
1441 487 1544 528 urbs

213 550 278 588 est
308 547 419 587 nuda
451 546 671 601 praesidio,
710 546 865 586 referta
896 546 1039 599 copiis.
1101 545 1209 594 Quid
1240 549 1315 601 est,
1349 546 1461 600 quod
1492 546 1544 587 ab

214 620 262 647 eo
294 620 380 646 non
410 608 587 660 metuas,-
623 605 695 658 qui
726 604 800 645 illa
831 605 990 658 templa
1022 607 1063 645 et
1093 607 1205 645 tecta
1235 619 1322 646 non
1351 604 1545 658 patriam,

215 664 288 705 sed
324 664 521 718 praedam
553 663 701 717 putet‘?
753 663 861 712 Quid
893 666 1033 704 autem
1066 663 1122 703 sit
1154 666 1323 704 acturus
1356 666 1428 704 aut
1461 677 1544 717 quo

214 722 350 776 modo,
381 723 541 776 1163610,
581 722 670 763 31116
702 724 863 776 senatu,
894 722 983 762 sine
1014 722 1345 776 magistratibus.
1396 721 1462 763 Ne
1494 722 1545 762 si·
1566 738 1599 763 ιο

213 782 374 822 mulare
408 781 575 834 quidem
606 781 764 834 poterit
796 781 1020 834 quicquam
1051 784 1291 829 πολιτικῶς.
1353 779 1445 822 Nos
1477 795 1547 821 au-

213 843 301 881 tem
343 840 417 880 ubi
462 853 686 894 exsurgere
726 839 959 892 poterimus
1001 842 1073 879 aut
1111 839 1309 893 quando?
1359 838 1547 887 Quorum

214 899 301 939 dux
351 913 477 952 quani
526 898 866 952 ἀστρατήγητος,
921 900 969 938 tu
1020 912 1186 951 quoque
1236 898 1547 952 animadvertis,

216 958 317 1011 quoi
348 972 400 997 ne
424 957 576 998 Picena
609 956 777 1010 quidem
801 959 903 997 nota
929 957 1104 1010 fuerint,
1137 971 1264 1010 quam
1290 959 1430 997 autem
1456 956 1546 997 sine

217 1016 406 1069 consilio,
437 1030 503 1056 res
535 1016 669 1055 testis.
730 1014 790 1055 Ut
823 1015 934 1055 enim
966 1015 1048 1055 alia
1080 1016 1274 1055 omittam
1306 1015 1445 1056 decem
1476 1029 1545 1055 an·
1565 1030 1598 1055 15

213 1089 366 1116 norum
410 1076 595 1128 peccata,
640 1087 746 1127 quae
783 1073 971 1114 condicio
1008 1087 1094 1114 non
1130 1073 1229 1114 111116
1265 1073 1390 1128 fugae
1430 1088 1546 1127 prae-

217 1134 358 1174 stitit?
402 1132 491 1173 Nec
522 1147 638 1186 vero,
677 1146 788 1172 nunc
821 1132 921 1185 quid
952 1132 1130 1187 cogitet,
1170 1132 1255 1172 scio
1288 1146 1334 1172 66
1363 1146 1452 1173 non
1481 1132 1546 1173 de-

217 1192 309 1232 sino
336 1206 410 1245 per
434 1191 598 1231 litteras
627 1190 842 1230 sciscitari.
893 1189 1014 1230 Nihil
1040 1205 1130 1230 esse
1156 1190 1345 1230 timidius
1366 1193 1546 1245 constat,

214 1250 323 1291 nihil
359 1249 658 1303 perturbatius.
720 1247 870 1302 Itaque
908 1262 984 1288 1166
1014 1248 1288 1302 praesidium,
1326 1249 1444 1289 cuius
1476 1264 1546 1302 pa-

214 1308 335 1349 randi
373 1322 496 1348 causa
528 1307 578 1348 ad
609 1307 756 1347 urbem
788 1309 977 1347 retentus
1010 1309 1091 1361 est,
1131 1321 1207 1347 1166
1237 1307 1376 1347 16611111
1407 1321 1453 1348 66
1485 1322 1545 1348 36-
1564 1323 1598 1348 ‘20

215 1367 309 1408 dem
340 1366 538 1420 praesidii
568 1365 698 1406 ullam
728 1364 861 1406 video.
913 1364 1016 1418 Spes
1049 1365 1184 1405 omnis
1216 1365 1261 1405 in
1292 1365 1453 1406 duabus
1484 1366 1545 1406 in-

217 1426 371 1466 sidiose
397 1425 574 1465 retentis
600 1437 731 1477 paene
757 1423 904 1464 alienis
929 1423 1179 1477 legionibus.
1230 1422 1341 1464 Nam
1368 1424 1544 1465 dilectus

215 1484 350 1525 adhuc
381 1483 550 1537 quidem
581 1482 814 1523 invitorum
847 1484 910 1522 est
942 1484 983 1522 et
1015 1497 1038 1522 a
1068 1482 1294 1536 pugnando
1321 1482 1546 1524 abhorren-

214 1543 339 1597 tium,
371 1541 664 1583 condicionum
697 1542 837 1581 autem
868 1540 1070 1581 amissum
1102 1543 1268 1594 tempus
1301 1543 1374 1581 est.
1437 1540 1545 1589 Quid

214 1602 405 1642 futurum
444 1601 517 1655 sit,
553 1614 640 1640 non
679 1599 818 1653 video,
862 1598 1133 1640 commissum
1166 1599 1335 1652 quidem
1367 1614 1390 1640 a
1419 1599 1543 1640 nobis
1564 1615 1597 1640 25

215 1662 326 1701 certe
364 1662 427 1700 est
466 1660 552 1699 sive
590 1673 613 1699 a
648 1660 796 1698 nostro
830 1657 948 1711 duce,
985 1660 1033 1698 ut
1065 1672 1086 1698 e
1117 1661 1243 1711 portu
1275 1657 1365 1698 sine
1395 1658 1545 1712 guber-

214 1719 376 1759 naculis
410 1717 567 1772 egressi
599 1716 843 1770 tempestati
873 1730 950 1756 nos
981 1716 1251 1756 traderemus.

301 1777 451 1830 Itaque
489 1776 538 1816 de
570 1773 842 1816 Ciceronibus
880 1774 1038 1815 nostris
1081 1774 1228 1815 dubito
1267 1773 1367 1827 quid
1404 1787 1544 1828 agam3

213 1851 311 1876 nam
343 1835 449 1875 mihi
479 1834 690 1874 interdum
722 1833 972 1873 amandandi
1005 1833 1200 1873 videntur
1229 1832 1273 1872 in
1306 1830 1543 1886 Graeciam3

215 1895 264 1935 de
302 1894 441 1934 Tullia
479 1895 620 1934 autem
658 1894 698 1932 et
737 1891 950 1944 Terentia,
993 1905 1087 1931 cum
1124 1890 1229 1931 mihi
1266 1890 1543 1931 barbarorum
1563 1907 1597 1932 30

215 1953 418 1993 adventus
458 1951 528 2005 [ad
566 1949 731 2003 urbem]
770 1950 1041 2004 proponitur,
1081 1949 1222 1990 omnia
1258 1948 1405 2002 time03
1449 1963 1543 1989 cum

216 2014 356 2051 autem
393 2009 638 2050 Dolabellae
680 2008 796 2049 venit
834 2008 878 2048 in
916 2010 1117 2062 mentem,
1159 2006 1333 2061 paulum
1369 2007 1543 2060 respiro.

216 2069 297 2110 Sed
335 2069 461 2109 velim
499 2068 753 2121 consideres,
792 2066 893 2120 quid
929 2066 1164 2106 faciendum
1195 2068 1318 2118 putes
1356 2065 1542 2118 primum

214 2128 322 2182 πρὸς
358 2128 406 2168 τὸ
439 2126 629 2180 ἀσφαλές
662 2124 809 2181 (aliter
841 2124 952 2165 enim
982 2124 1087 2164 mihi
1119 2123 1168 2164 de
1199 2124 1286 2164 illis
1318 2137 1364 2164 ac
1396 2124 1446 2164 de
1475 2138 1542 2164 me

214 2186 306 2238 ipso
340 2185 641 2225 consulendum
669 2182 775 2238 est),
807 2183 954 2223 deinde
985 2181 1035 2222 ad
1068 2182 1299 2236 opiniones,
1329 2195 1382 2222 ne
1406 2196 1542 2236 repre—
1562 2198 1595 2223 35

213 2243 457 2298 hendamur,
494 2243 606 2296 quod
638 2256 705 2283 eas
737 2241 895 2282 Romae
926 2240 1102 2281 velimus
1136 2255 1226 2281 esse
1256 2240 1301 2281 in
1332 2240 1544 2281 communi

213 2301 422 2342 bonorum
452 2302 563 2356 fuga.
620 2300 729 2349 Quin
762 2300 887 2340 etiarn
918 2299 999 2339 tibi
1031 2301 1071 2339 et
1102 2298 1315 2340 Peducaeo
1348 2297 1543 2354 (scripsit
