1665 2553
365 42 703 78 EPISTULARUM
729 42 792 76 AD
819 41 1034 78 ATTICUM
1059 42 1092 76 11
1120 46 1149 87 7,
1176 46 1207 77 8.
1400 42 1453 84 51

729 194 845 236 VIII.

388 276 461 312 Ser.
489 276 581 311 Anti
606 277 719 311 medio
745 288 788 311 m.
815 276 905 320 Apr.
933 288 966 311 α.
995 279 1066 312 695
1092 279 1183 321 (59).

540 357 707 393 CICERO
734 357 906 393 ATTICO
935 358 1031 396 SAL.

207 430 451 486 Epistulam
471 445 565 471 cum
586 445 609 471 a
628 433 670 472 te
691 430 808 471 avide
833 433 1117 484 exspectarem
1146 431 1197 472 ad
1221 446 1457 487 vesperum,

91 508 106 533 5
125 493 173 532 ut
199 491 326 545 soleo,
351 503 442 531 ecce
467 489 548 530 tibi
571 489 748 530 nuntius
773 503 926 544 pueros
946 489 1111 530 venisse
1130 488 1283 531 Roma!
1326 489 1458 546 Voco7

66 802 98 825 10

67 1094 99 1118 15

68 1386 101 1409 20

68 1677 99 1702 25

68 1968 102 1993 30

121 563 295 603 quaero,
332 547 479 602 ecquid
516 547 767 588 litterarum.
835 546 1016 602 Negant.
1079 547 1203 596 ‘Quid
1241 549 1347 589 ais?'
1397 549 1458 590 in-

120 622 259 662 quam,
291 607 467 647 enihilne
501 621 524 647 a
548 605 829 660 Pomponi0?’
878 605 1099 647 Perterriti
1130 621 1230 648 voce
1263 610 1304 648 et
1334 607 1457 648 vultu

119 666 300 707 confessi
331 667 429 706 sunt
462 679 505 706 se
538 665 764 720 accepisse,
797 664 868 706 sed
899 665 1101 706 excidisse
1132 666 1177 706 in
1208 665 1285 707 via.
1349 665 1457 715 Quid

119 724 316 779 quaeris?
354 723 606 778 permoleste
643 724 741 778 tuli3
781 723 898 764 nulla
938 724 1048 764 enim
1088 724 1161 765 abs
1200 727 1241 765 te
1273 739 1346 779 per
1377 724 1456 766 hos

120 784 206 824 dies
246 782 427 836 epistula
464 782 601 822 inanis
641 782 781 836 aliqua
818 796 862 822 re
899 782 996 823 utili
1036 785 1076 823 et
1115 783 1233 824 suavi
1273 787 1455 824 venerat.

120 841 257 896 Nunc⁷
290 841 326 881 si
352 841 452 894 quid
477 841 522 881 in
547 855 594 882 ea
621 840 814 896 epistula,
847 855 973 894 quam
1000 843 1096 882 ante
1122 841 1232 882 diem
1257 854 1337 883 XVI
1362 842 1455 883 Kal.

120 900 253 941 Maias
286 899 456 954 dedisti,
493 899 575 940 fuit
605 899 786 940 historia
817 899 1010 954 dignum,
1049 900 1183 941 scribe
1216 915 1343 954 quam
1374 901 1456 954 pri-

120 974 253 1013 mum,
299 972 351 999 ne
399 958 661 1012 ignoremus3
712 958 780 998 sin
828 958 937 998 nihil
982 961 1148 1012 praeter
1191 959 1491 1014 iocationem„

120 1017 243 1059 redde
275 1017 317 1057 id
349 1017 500 1070 ipsum.

206 1075 265 1116 Et
309 1076 414 1116 scito
461 1073 688 1116 Curionem
732 1074 1041 1127 adulescentem
1084 1076 1250 1117 venisse
1295 1076 1347 1117 ad
1389 1091 1457 1117 me

121 1134 363 1175 salutatum.
436 1132 570 1174 Valde
620 1133 709 1174 eius
761 1147 897 1174 sermo
942 1133 990 1174 de
1034 1133 1187 1176 Publio
1231 1149 1326 1175 cum
1368 1135 1455 1176 tuis

119 1192 275 1234 litteris
323 1192 598 1246 congruebat3
645 1192 735 1245 ipse
778 1206 877 1233 vero
921 1192 1159 1233 mirandum
1203 1193 1247 1234 in
1284 1193 1456 1234 modum

121 1251 283 1306 ‘reges
329 1251 494 1291 odisse
545 1250 819 1304 superbos'.
893 1249 1104 1305 Peraeque
1153 1252 1353 1293 narrabat
1395 1253 1455 1293 in-

120 1324 286 1351 censam
318 1323 407 1350 esse
438 1309 701 1350 iuventutem
733 1323 868 1363 neque
897 1309 1005 1351 ferre
1031 1310 1133 1350 haec
1157 1325 1292 1364 posse.
1342 1310 1455 1351 Bene

119 1368 334 1409 habemus.
396 1366 499 1421 Nos,
531 1368 567 1408 si
598 1367 643 1408 in
673 1367 740 1408 his
773 1382 867 1421 spes
901 1370 981 1423 est,
1015 1368 1182 1423 opinor,
1216 1369 1329 1415 aliud
1361 1383 1456 1424 aga-

119 1441 224 1467 mus.
285 1426 380 1478 Ego
412 1440 478 1466 me
509 1425 560 1467 do
586 1425 808 1481 historiae3
840 1441 1097 1480 quamquam
1127 1427 1225 1468 licet
1256 1442 1322 1469 me
1356 1427 1455 1470 Sau-

120 1485 249 1526 feium
280 1486 402 1538 putes
436 1498 536 1525 esse.
597 1483 719 1525 Nihil
749 1499 816 1525 me
847 1488 910 1525 est
941 1485 1130 1526 inertius.

209 1541 290 1584 Sed
328 1556 532 1597 cognosce
569 1542 722 1584 itinera
757 1545 922 1598 nostra,
959 1546 1007 1584 ut
1045 1546 1226 1599 statuas,
1267 1545 1340 1585 ubi
1377 1559 1455 1586 nos

120 1602 287 1642 visurus
320 1601 389 1642 sis,
445 1600 494 1642 In
522 1600 795 1642 Formianum
826 1602 1020 1643 volumus
1053 1603 1194 1644 venire
1225 1602 1454 1657 Parilibus3

120 1660 227 1715 inde,
259 1660 459 1714 quoniam
489 1662 613 1713 putas
644 1660 1066 1714 praetermittendum
1097 1661 1221 1702 nobis
1255 1676 1343 1702 esse
1375 1662 1454 1702 hoc

120 1722 308 1772 tempore
341 1717 512 1759 Cratera
551 1718 672 1759 illum
710 1719 952 1773 delicatum,
986 1718 1078 1761 Kal.
1111 1719 1235 1760 Maiis
1275 1720 1323 1760 de
1354 1719 1387 1759 F
1391 1734 1455 1760 01·—

120 1777 259 1818 miano
303 1776 634 1830 proficiscemur,
678 1779 727 1817 ut
770 1776 875 1817 Anti
916 1778 1046 1818 simus
1092 1793 1124 1819 a.
1164 1778 1198 1819 d.
1237 1790 1267 1819 V
1307 1776 1452 1818 N‘onas

120 1835 266 1876 Maias.
327 1834 435 1875 Ludi
467 1835 579 1876 enim
610 1834 715 1875 Anti
746 1835 880 1876 futuri
913 1839 1011 1876 sunt
1043 1851 1065 1876 a
1097 1848 1165 1876 1111
1197 1836 1247 1877 ad
1278 1851 1338 1889 pr.
1368 1835 1454 1877 No-

122 1908 195 1934 nas
227 1893 370 1934 Maias.
427 1893 515 1934 Eos
548 1893 687 1933 Tullia
720 1896 907 1947 spectare
938 1894 1040 1935 vult.
1102 1894 1203 1935 Inde
1236 1894 1375 1948 cogito
1409 1895 1454 1935 in

122 1951 416 2006 Tusculanum,
449 1951 594 1992 deinde
628 1950 847 2006 Arpinum,
878 1951 1058 1993 Romam
1091 1952 1141 1992 ad
1172 1951 1263 1993 Kal.
1296 1951 1449 1994 Iunias.

122 2009 180 2050 Te
218 2013 290 2050 aut
325 2010 370 2051 in
399 2009 626 2051 Formiano
662 2013 735 2050 aut
766 2010 870 2050 Anti
903 2013 974 2051 aut
1006 2011 1051 2050 in
1083 2010 1319 2052 Tusculano
1353 2026 1452 2053 cura

122 2070 169 2108 ut
200 2068 423 2109 videamus.
481 2068 725 2122 Epistulam
758 2069 1015 2122 superiorem
1046 2069 1223 2109 restitue
1254 2069 1377 2111 nobis
1411 2073 1451 2111 et

122 2126 301 2180 adpinge
334 2126 491 2181 aliquid
522 2128 631 2168 novi.

1482 1556 1500 1586 Ν.)
