1665 2553
240 107 295 142 CL
659 107 939 141 ADNOTATIO
966 107 1152 142 CRITICA

333 201 558 235 Lehmann
586 200 877 235 ‘Jahresberieht
897 200 959 234 des
979 200 1278 244 philologischen
1296 199 1465 234 Vereins’
1481 202 1570 233 1888

239 259 265 292 p
335 294 372 328 F.
387 294 425 328 L.
448 293 615 328 Ganter
648 293 972 338 ‘Chronologische
999 293 1333 338 Untersuchungen
1359 305 1402 326 zu
1428 291 1571 327 Ciceros

240 340 389 375 Briefen
416 351 462 374 an
487 341 534 374 M.
561 341 696 374 Brutus
723 342 806 374 etc.’
835 340 1013 374 Fleckeis.
1042 341 1162 375 annal.
1186 344 1276 374 1894
1300 353 1335 385 p.
1354 343 1547 374 613—636.

335 388 495 421 Purser
519 387 707 421 Hermath.
735 387 784 420 IX
811 391 900 421 1896
926 399 960 431 p.
983 390 1128 421 90—93.

336 433 373 468 P.
389 434 748 468 Muellemeister
770 433 1064 478 ‘Bemerkungen
1083 446 1146 467 zur
1166 433 1384 477 Streitfrage
1403 433 1494 466 iiber
1513 431 1573 466 die

241 480 417 515 Echtheit
442 481 506 515 der
524 480 778 515 Brutusbriefe
797 481 813 514 Ι
834 484 875 514 16
902 481 977 514 und
1004 481 1074 523 17³,
1100 480 1223 525 Progr.
1244 479 1452 514 Emmerieh
1472 482 1571 513 1897.

336 528 375 561 E.
413 527 590 561 Schelle
630 527 717 561 ‘Der
750 529 902 561 neueste
934 527 1081 571 Angriff
1115 528 1180 561 auf
1214 527 1274 561 die
1304 526 1480 561 Echtheit
1510 526 1574 559 der

242 574 367 608 Briefe
388 575 436 608 ad
454 574 501 608 M.
522 575 690 608 Brutum'
713 574 751 608 in
764 574 1011 608 ‘Festschrift'
1045 574 1210 608 Dresden
1225 577 1312 608 1897
1327 586 1362 618 p.
1379 576 1572 607 135—186.

338 668 383 702 P.
403 667 493 702 521.
514 671 534 702 8
561 667 657 701 Loca
690 669 727 701 et
758 669 925 711 tempora
955 667 1016 701 hic
1037 668 1074 701 et
1098 667 1196 701 infra
1223 667 1403 712 adscripsi
1427 667 1504 701 fere
1530 676 1574 700 ex

244 714 355 748 Rueti
393 714 535 748 dissert.
598 714 652 748 De
688 714 759 748 hac
797 725 851 758 ep.
872 726 902 747 v.
924 726 958 758 p.
980 717 1034 748 69.
1073 735 1118 739 —-
1157 718 1198 748 17
1237 715 1424 749 inimicos
1460 712 1575 747 Cobet

243 773 277 805 p.
300 765 365 795 271
392 761 599 795 inscienter.
665 760 706 794 V.
741 761 788 794 ad
814 761 912 794 Verr.
938 772 972 804 p.
995 764 1149 803 261.13,
1199 760 1338 795 Cluent.
1364 772 1398 805 p.
1421 764 1496 794 124.
1519 764 1574 802 28,

244 807 369 841 Planc.
395 812 595 852 p.218.11,
622 811 749 851 2256,
785 807 916 852 Stangl
951 807 1152 841 ‘Tulliana’
1186 818 1305 852 progr.
1326 807 1467 841 Monac.
1485 810 1572 840 1897

244 866 279 898 p.
304 859 356 888 13.
384 876 428 879 —
455 859 498 888 22
524 855 584 889 sed
609 855 750 897 Baiter,
776 860 808 889 et
832 857 918 898 post
941 865 958 888 s
982 854 1048 897 M1,
1075 859 1113 889 at
1137 854 1203 897 ΜΞ,
1236 865 1304 888 om.
1336 854 1433 898 vulg.
1461 875 1506 878 —
1531 857 1574 887 23

245 902 320 935 eius
344 902 409 936 rei
435 900 549 935 Cobet
572 914 606 945 p.
630 905 713 943 2713
752 913 782 935 v.
810 900 953 935 Schelle
977 912 1011 945 p.
1034 904 1110 934 152.
1154 903 1166 946 ΙΙ
1209 901 1254 936 Ρ.
1275 900 1363 936 522.
1384 905 1404 934 3
1431 901 1506 935 eius
1531 921 1575 925 —

244 952 294 982 est
322 948 361 981 in
391 948 559 992 parenth.
593 947 765 982 WVesenb.
815 949 873 981 Ad
892 960 926 992 p.
945 951 996 981 16.
1009 952 1060 981 14.
1099 969 1144 974 -—
1189 951 1231 982 15
1262 960 1292 982 v.
1321 947 1460 982 Gurlitt
1485 950 1575 981 1883

244 1007 278 1039 p.
302 998 385 1037 583,
419 994 457 1029 O.
472 995 511 1028 E.
540 994 706 1028 Schmidt
733 998 821 1028 1884
840 1007 874 1038 p.
897 998 975 1035 623,
1009 995 1167 1029 21.Ma2·
1190 994 1308 1028 Ruete
1332 1007 1366 1039 p.
1390 998 1433 1028 14
1458 996 1496 1028 et
1521 997 1573 1027 69.

245 1062 290 1066 —
312 1045 354 1074 18
373 1052 558 1076 novarum.
579 1042 810 1085 Illaoeimeque
833 1041 1013 1083 Wesenb,
1032 1042 1252 1085 maximeque
1269 1041 1464 1076 mirabilest
1482 1040 1574 1074 coni.

246 1087 376 1130 Orelli,
408 1090 628 1132 maoeimeque
652 1089 872 1123 mirabilium
897 1087 972 1121 alii.
999 1108 1043 1112 —
1069 1091 1113 1121 20
1138 1093 1179 1123 nt
1203 1090 1245 1130 is,
1270 1088 1332 1132 qui
1357 1088 1450 1130 edd„
1475 1089 1574 1121 recte

244 1135 552 1178 interpunxerunt
594 1135 712 1168 Ruete
748 1147 782 1178 p.
806 1138 870 1168 107
893 1146 962 1177 sq.,
1006 1134 1195 1168 Lehmann
1238 1133 1401 1175 Quaestt.
1439 1146 1473 1178 p.
1497 1137 1574 1176 135,

245 1182 409 1216 abundat
433 1182 481 1223 is,
506 1182 569 1226 qui
593 1202 637 1206 —
663 1182 863 1222 dicebatur,
887 1185 928 1215 ut
952 1181 1141 1224 Europam
1167 1180 1281 1215 Cobet
1304 1193 1338 1225 p.
1355 1185 1432 1215 271.
1460 1202 1503 1205 —
1530 1184 1573 1214 23

246 1239 283 1262 eo
309 1230 394 1261 sunt
420 1228 482 1270 qui
509 1228 721 1269 defendant,
746 1229 788 1261 ut
812 1227 958 1269 Baiter,
984 1228 1024 1260 R.
1052 1227 1169 1261 Heine
1195 1228 1337 1261 dissert.
1365 1228 1461 1272 Lips.
1485 1231 1573 1261 1875

246 1284 278 1320 p.
297 1279 350 1317 19,
379 1274 517 1308 Gurlitt
532 1278 620 1308 1883
634 1287 668 1318 p.
685 1278 763 1317 574,
789 1285 826 1308 eo
851 1275 923 1308 loeo
945 1274 1130 1316 Wesenb.,
1159 1274 1216 1308 cni
1237 1275 1438 1308 assentitur
1455 1274 1574 1308 Ruete

245 1331 278 1365 p.
301 1324 356 1363 84,
394 1331 466 1354 non
496 1321 627 1355 melius
660 1321 729 1355 del.
765 1319 877 1354 Cobet
907 1333 940 1365 p.
964 1325 1047 1363 271,
1081 1320 1220 1354 Gurlitt
1246 1325 1334 1355 1896
1360 1333 1394 1365 p.
1417 1324 1501 1363 324,
1537 1331 1575 1355 eo

246 1379 336 1411 quas
360 1369 402 1411 (V.
431 1370 532 1413 quae>
563 1369 705 1402 duceres
735 1367 924 1401 Lehmann
953 1367 1171 1401 ‘Jahresben
1201 1368 1263 1401 des
1288 1367 1377 1412 phil.
1404 1367 1571 1401 Vereins’

248 1418 338 1448 1884
357 1426 390 1458 p.
411 1418 468 1457 40,
494 1426 531 1449 eo
551 1416 651 1457 <iam
668 1415 800 1449 ‘virium
818 1416 965 1456 veneris,
983 1419 1024 1449 nt
1039 1415 1150 1460 plns>
1170 1415 1324 1459 quinque
1343 1414 1486 1449 Schelle
1507 1417 1573 1448 155

245 1471 318 1494 non
343 1460 514 1495 Tulliano
545 1472 654 1495 more.
711 1461 777 1494 His
810 1461 977 1495 omnibus
1002 1461 1122 1505 magis
1146 1461 1271 1505 placet
1296 1465 1335 1495 tu
1359 1465 1502 1496 tecum.
1529 1482 1575 1485 —
1631 1469 1635 1473 ·

246 1511 290 1541 26
310 1508 368 1542 Et
393 1510 479 1542 ante
503 1513 602 1543 tuum
629 1508 677 1550 Μ,
702 1508 837 1543 Baiter.
873 1508 931 1541 Ad
950 1511 1113 1552 p.109.7.
1141 1528 1186 1533 —
1212 1512 1254 1542 29
1276 1512 1417 1551 postea
1437 1507 1575 1541 Ganter

245 1566 279 1598 p.
296 1558 374 1597 634,
401 1554 539 1588 Gurlitt
558 1567 591 1598 p.
608 1559 686 1598 329,
707 1560 831 1598 postea
854 1555 950 1599 vulg.
999 1554 1091 1588 Mihi
1116 1565 1189 1588 non
1213 1554 1371 1588 multum
1394 1554 1574 1588 interesse

246 1601 399 1635 videtur.
415 1623 460 1626 -—-
481 1606 524 1636 33
537 1613 588 1644 sq.
617 1606 748 1646 quarta
766 1602 901 1636 decima
913 1602 1054 1636 Antoni
1071 1612 1182 1635 causa
1195 1600 1335 1635 Gurlitt
1352 1613 1385 1645 p.
1402 1604 1466 1634 321
1483 1611 1573 1643 sqq.,

247 1647 392 1682 Schelle
407 1652 518 1692 p.153
533 1653 609 1691 n.3,
635 1653 776 1692 quarta,
802 1649 843 1682 (Ie
865 1648 1027 1682 Catoniis
1046 1658 1065 1682 e
1086 1648 1188 1682 codd.
1210 1647 1346 1690 Baiter,
1367 1659 1449 1681 cum
1469 1657 1574 1681 cruce

248 1696 333 1728 ante
349 1695 510 1729 Catoniis
522 1695 706 1738 Wesenb,
721 1695 876 1739 quadam
891 1697 966 1738 (tua
975 1696 1002 1739 ⁶2)
1015 1695 1145 1737 frande
1161 1694 1196 1728 G.
1209 1694 1364 1729 Antonii
1374 1692 1409 1727 C.
1419 1694 1474 1727 Fr.
1484 1693 1572 1727 Her-

246 1752 358 1774 mann
373 1741 552 1785 ‘Gotting
569 1741 767 1776 Gesellsch.
785 1742 816 1775 d.
827 1740 1158 1775 Wissenschaften’
1174 1741 1190 1774 Ι
1202 1753 1236 1784 p.
1247 1744 1324 1783 204,
1344 1741 1385 1774 in
1398 1741 1573 1785 leyionnm

247 1789 374 1822 eastris
397 1789 528 1831 fraude
555 1788 592 1823 C.
612 1789 767 1822 Antonii
784 1788 878 1822 Boot
897 1787 980 1822 Obs.
1001 1800 1034 1832 p.
1057 1791 1112 1830 63,
1139 1788 1271 1833 leyione
1290 1791 1420 1831 quarta
1438 1787 1574 1821 decima

246 1835 377 1876 fraude
404 1835 440 1869 Ο.
466 1836 620 1870 Antonii
644 1835 764 1868 Madv.
791 1835 880 1868 Adv.
901 1834 951 1867 HJ
975 1847 1009 1878 p.
1032 1837 1097 1868 197
1113 1846 1182 1877 sq.,
1214 1837 1345 1878 quarta
1374 1833 1509 1867 decima
1534 1834 1575 1867 in

249 1881 320 1923 (C.)
340 1882 481 1916 Antoni
504 1883 655 1917 castris?
680 1902 724 1906 —
751 1886 795 1915 34
819 1882 860 1915 in
879 1882 1006 1915 bonam
1021 1885 1161 1925 partem
1179 1881 1330 1927 accipies
1347 1880 1387 1913 in
1404 1879 1572 1924 parenth.

248 1926 420 1962 Wesenb.
448 1928 556 1962 solus.
613 1928 671 1961 Ad
695 1940 729 1972 p.
747 1932 864 1970 1614,
892 1927 934 1961 cf.
955 1940 989 1971 p.
1006 1931 1123 1961 9816.
1157 1948 1200 1952 —
1233 1931 1275 1960 35
1301 1927 1395 1968 tuff,
1423 1926 1576 1960 ‘excidit

248 1973 323 2008 sive
349 1976 531 2009 clementia
556 1975 632 2008 sive
658 1975 799 2009 lenitas’
827 1974 998 2008 Wesenb.
1019 1974 1119 2007 haud
1139 1973 1213 2007 scio
1235 1983 1281 2006 an
1300 1983 1392 2006 vere.
1432 1972 1575 2007 Schelle

246 2031 280 2063 p.
304 2024 370 2054 155
407 2021 512 2055 Bruti
547 2021 587 2055 in
617 2020 755 2054 milites
788 2021 1021 2054 severitatem
1052 2019 1247 2064 intellegit.
1302 2021 1314 2064 ΙΙ
1367 2020 1413 2054 Ρ.
1438 2019 1527 2054 523.
1556 2023 1574 2053 1

248 2067 279 2099 A
305 2067 423 2100 verbis
454 2069 500 2102 Te
533 2068 807 2102 benevolentiam
837 2067 999 2111 incipere
1030 2077 1162 2100 novam
1194 2065 1392 2110 epistulam
1426 2067 1577 2100 censent

250 2112 388 2147 Gurlitt
414 2117 503 2148 1883
529 2126 563 2158 p.
591 2118 674 2157 566,
707 2113 795 2148 OE.
811 2112 978 2147 Schmidt
1004 2116 1094 2147 1884
1118 2125 1152 2157 p.
1175 2116 1259 2155 621,
1293 2123 1314 2146 a
1344 2124 1374 2146 V.
1403 2117 1444 2146 11
1474 2112 1576 2157 Quod

247 2160 373 2193 scribis
404 2160 546 2194 Schelle
571 2173 605 2205 p.
628 2164 712 2203 153,
750 2170 861 2193 unam
899 2159 1098 2204 epistulam
1135 2159 1277 2193 faciunt
1307 2159 1457 2203 priores.
1483 2179 1528 2184 -—
1555 2162 1575 2192 3

245 2205 412 2239 habebis
438 2207 513 2250 alii,
541 2207 679 2241 Gurlitt
700 2210 789 2241 1896
808 2219 842 2251 p.
858 2210 926 2239 324
938 2216 991 2240 ex.
1042 2205 1100 2239 Ad
1117 2218 1152 2250 p.
1169 2209 1286 2239 8733.
1317 2227 1361 2231 —
1390 2209 1410 2239 6
1429 2209 1470 2240 nt
1486 2206 1573 2239 vett.

249 2251 348 2293 edd,
385 2251 556 2287 Wesenb.
586 2275 632 2279 —
659 2258 700 2287 11
733 2254 803 2288 otio
835 2253 956 2295 codd,
987 2252 1130 2295 Baiter,
1164 2251 1303 2286 Gurlitt
1328 2255 1416 2286 1896
1442 2263 1474 2296 p.
1496 2255 1574 2294 329,

246 2297 390 2332 Schelle
404 2310 437 2342 p.
456 2304 520 2333 155
536 2312 587 2343 sq.
609 2299 751 2345 (explic.
769 2301 881 2344 pace),
904 2311 986 2333 cum
1006 2309 1111 2333 cruce
1131 2298 1315 2342 KVesenb„
1335 2299 1416 2334 odio
1437 2297 1576 2332 Ganter
