1665 2553
269 64 608 100 EPISTULARUM
633 65 698 100 AD
724 64 939 100 ATTICUM
962 65 980 99 I
1007 68 1154 100 11—13.
1326 65 1379 106 13

45 162 201 204 minem
244 175 339 203 cum
378 159 585 215 Antonio;
628 160 865 202 Antonium
913 175 1040 214 porro
1091 161 1136 201 in
1179 161 1379 215 cogendis

45 220 233 275 pecuniis
266 219 458 261 dictitare
489 223 652 273 partem
689 220 795 260 mihi
832 220 977 273 quaeri
1018 222 1059 260 et
1091 234 1114 260 a
1145 233 1211 260 me
1243 221 1381 261 custo-

46 279 139 320 dem
170 278 403 320 communis
436 281 635 333 quaestus
667 278 869 320 libertum
905 292 995 319 esse
1031 278 1218 319 missum.
1279 277 1381 320 Non

47 352 141 379 sum
170 337 436 378 mediocriter
467 340 702 378 commotus
741 351 877 391 neque
918 340 1060 378 tamen
1092 336 1266 390 credidi,
1308 336 1382 377 sed

8 414 28 440 5
47 399 157 438 certe
177 395 338 450 ahquid
363 396 566 437 sermonis
592 396 684 436 fuit.
734 395 890 437 Totum
914 395 1136 450 investiga,
1162 409 1380 450 cognosce,

45 455 234 510 perspice
265 457 306 495 et
335 454 589 495 nebulonem
620 454 760 510 illum,
800 455 835 495 si
867 469 950 508 quo
982 457 1106 508 pacto
1149 457 1288 508 potes,
1329 468 1380 494 ex

45 514 140 555 istis
170 513 274 554 locis
306 527 461 554 amove.
524 512 662 554 Huius
701 514 905 554 sermonis
937 513 1133 554 Valerius
1166 515 1381 553 auctorem

47 571 120 614 Cn.
146 571 363 613 Plancium
393 572 649 613 nominabat.
699 571 854 613 Mando
887 572 980 626 tibi,
1011 571 1135 626 plane
1165 574 1308 613 totum
1332 574 1380 612 ut

46 630 187 672 videas
220 630 337 671 cuius
368 630 483 671 modi
516 630 581 671 sit.

0 708 28 732 ιο
133 688 383 742 Pompeium
406 689 531 730 nobis
557 689 860 730 amicissimum
885 691 1052 730 constat
1078 702 1180 729 esse.
1230 687 1380 729 Divor-

47 747 155 788 tium
173 747 336 789 Muciae
355 747 622 788 vehementer
641 748 856 801 probatur.
906 746 950 788 P.
972 746 1178 801 Clodium,
1206 745 1321 800 Appi
1340 746 1380 800 f,

48 806 167 848 credo
195 809 236 847 te
263 806 426 847 audisse
452 820 546 847 cum
570 809 686 847 veste
711 806 909 847 muliebri
937 805 1241 860 deprehensum
1267 805 1381 846 domi

51 864 93 906 C.
114 863 316 919 Caesaris,
351 879 445 905 cum
473 879 548 918 pro
576 864 734 918 populo
760 865 893 920 fieret,
927 879 1106 918 eumque
1134 878 1206 917 per
1231 878 1381 904 manus

49 923 237 965 servulae
275 926 488 964 servatum
528 926 568 964 et
611 924 824 978 eductum;
863 937 953 964 rem
991 937 1081 964 esse
1125 922 1284 977 insigni
1320 922 1381 963 in-

0 1000 29 1026 15
48 982 186 1024 famia.
248 981 367 1031 Quod
398 984 439 1022 te
469 982 646 1023 moleste
676 982 785 1022 ferre
816 984 931 1023 certo
964 982 1060 1023 scio.

136 1040 255 1089 Quod
284 1042 500 1094 praeterea
532 1040 583 1081 ad
613 1043 655 1081 te
687 1041 887 1094 scribam,
923 1054 1011 1081 non
1039 1039 1195 1093 habeo,
1227 1042 1269 1080 et
1300 1054 1382 1080 me-

47 1099 216 1141 hercule
257 1113 369 1140 eram
408 1099 453 1140 111
494 1098 712 1140 scribendo
755 1099 1059 1140 conturbatior.
1127 1096 1238 1138 Nam
1278 1112 1383 1151 puer

48 1158 223 1199 festivus
256 1160 508 1212 anagnostes
539 1160 684 1199 noste1
716 1156 935 1199 Sositheus
968 1157 1201 1198 decesserat
1232 1170 1382 1209 meque

49 1216 156 1271 plus,
188 1231 313 1270 quam
347 1216 456 1257 servi
486 1231 600 1257 mors
633 1216 782 1257 debere
813 1216 1057 1270 videbatur,
1089 1217 1382 1256 commoverat.

0 1293 31 1319 20
50 1274 113 1316 Tu
143 1275 269 1316 velim
302 1289 425 1329 saepe
457 1275 509 1315 ad
538 1289 616 1316 nos
649 1275 820 1316 scribas.
871 1274 916 1316 Si
947 1289 1036 1315 rem
1065 1274 1228 1315 nullam
1257 1273 1383 1314 habe—

49 1333 128 1389 bis,
160 1333 272 1388 quod
301 1333 347 1374 in
376 1334 550 1374 buccam
581 1333 760 1388 venerit,
801 1333 988 1375 scribito
1049 1332 1142 1373 Kal.
1174 1331 1382 1374 Ianuariis

49 1392 105 1433 M.
137 1392 346 1446 Messalla,
376 1391 431 1433 M.
463 1391 616 1433 Pisone
647 1406 750 1433 coss

659 1531 774 1573 XIII.

313 1623 386 1659 Ser.
414 1622 550 1658 Romae
580 1623 640 1658 VI
659 1624 707 1658 K.
734 1624 840 1658 Febr.
868 1635 901 1657 a.
930 1624 1001 1657 693
1028 1625 1118 1666 (61).

8 1724 33 1751 ³5
473 1715 639 1751 CICERO
666 1716 838 1751 ATTICO
867 1716 963 1750 SAL.

139 1799 294 1854 Accepi
323 1803 418 1841 tuas
459 1803 545 1841 tres
585 1800 671 1840 iam
713 1800 936 1855 epistulas,
974 1813 1103 1840 unam
1143 1813 1167 1839 a
1198 1798 1253 1839 M.
1289 1797 1386 1838 Cor-

52 1858 182 1914 nelio,
222 1873 348 1913 quam
388 1858 542 1899 Tribus
583 1858 806 1914 Tabernis,
846 1861 894 1899 ut
935 1858 1102 1912 opinor,
1143 1857 1181 1897 ei
1221 1856 1386 1910 dedisti,

54 1917 245 1973 alteram,
283 1932 409 1972 quam
444 1917 549 1958 mihi
589 1916 824 1958 Canusinus
862 1919 961 1957 tuus
998 1916 1153 1969 hospes
1194 1914 1387 1969 reddidit,

53 1975 240 2031 teitiam,
278 1990 421 2031 quam,
456 1978 504 2016 ut
543 1975 710 2031 scribis,
751 1989 902 2017 ancora
943 1974 1082 2015 soluta
1123 1973 1171 2013 de
1211 1972 1385 2026 phaselo

15 2051 36 2076 o
55 2033 222 2088 dedisti3
255 2048 359 2088 quae
384 2035 556 2076 fuerunt
577 2048 734 2089 omnes,
763 2037 811 2076 ut
826 2033 1046 2074 rhetorum
1070 2031 1190 2097 pueri
1209 2031 1386 2097 loquun-

54 2094 137 2146 tur,
168 2106 262 2132 cum
286 2092 562 2134 humanitatis
590 2107 759 2146 sparsae
786 2092 871 2133 sale
897 2094 990 2132 tum
1014 2091 1202 2144 insignes
1229 2090 1385 2130 amoris

53 2150 179 2191 notis.
230 2149 390 2198 Quibus
422 2151 615 2205 epistulis
649 2166 743 2192 sum
774 2150 967 2205 equidem
992 2149 1066 2189 abs
1098 2151 1140 2189 te
1165 2148 1385 2189 lacessitus

55 2208 106 2249 ad
136 2209 465 2263 rescribendum3
506 2210 577 2251 sed
613 2210 766 2251 idcirco
809 2224 903 2250 sum
939 2207 1117 2261 tardior,
1158 2207 1271 2260 quod
1300 2221 1388 2247 non

53 2266 222 2308 invenio
253 2267 417 2308 fidelem
448 2267 725 2309 tabellarium.
776 2267 939 2316 Quotus
969 2266 1080 2307 enim
1107 2265 1285 2319 quisque
1310 2267 1388 2320 est,
