1665 2553
129 186 149 215 2

129 303 149 332 3

173 77 258 118 418
600 75 649 110 M.
675 74 816 109 TULLI
841 73 1089 109 CICERONIS

176 171 385 221 Quoniam
416 172 647 213 etiamnum
680 171 798 224 abes,
835 169 1095 223 Dicaearchi,
1128 183 1234 222 quos
1266 167 1429 223 scribis,
1467 167 1514 209 h·-

175 232 276 272 bros
316 245 415 272 sane
454 230 582 271 velim
619 230 679 270 mi
710 229 872 283 mittas,
910 228 1037 269 addas
1071 228 1198 268 etiam
1229 227 1514 281 καταβάσεως.

263 289 328 330 De
359 289 542 343 epistula
571 289 621 330 ad
649 287 869 329 Caesarem
900 286 1094 341 κε’κρικα;
1126 289 1252 340 atque
1286 285 1329 326 id
1359 286 1514 339 ipsum,

178 349 291 403 quod
327 349 400 389 isti
438 348 556 389 aiunt
595 347 717 388 illum
750 346 949 400 scribere,
990 360 1033 386 se
1062 345 1147 385 nisi
1179 344 1423 386 constitutis
1454 358 1515 384 re-

178 408 257 448 bus
297 422 385 448 non
424 407 585 447 iturum
622 406 666 446 in
697 405 899 457 Parthos,
942 404 1053 444 idem
1091 417 1168 458 ego
1208 403 1435 444 suadebam
1471 403 1516 443 in
1552 419 1567 444 ε

178 466 252 506 illa
285 466 476 519 epistula.
538 463 696 506 Utrum
727 464 891 517 liberet,
921 463 1056 503 facere
1087 476 1210 516 posse
1236 464 1406 502 auctore
1437 475 1515 502 me.

178 524 272 565 Hoc
309 525 421 565 enim
458 523 528 564 ille
568 526 782 576 exspectat
818 522 1013 562 videlicet
1052 535 1188 574 neque
1227 523 1289 561 est
1326 520 1515 560 facturus

180 583 405 637 quicquam
445 582 529 623 nisi
566 582 615 629 de
651 596 744 622 meo
783 581 970 622 consilio.
1039 578 1242 633 Obsecro,
1285 578 1516 619 abiciamus

179 642 263 682 ista
300 645 341 682 et
380 640 602 682 similiberi
644 640 793 681 saltem
826 640 977 693 simus,
1022 638 1135 692 quod
1166 638 1443 691 adsequemur
1475 639 1517 677 et

180 700 355 741 tacendo
390 703 432 740 et
462 699 644 740 latendo.

269 758 350 799 Sed
391 758 615 813 adgredere
648 756 877 812 Othonem,
920 759 968 797 ut
1006 755 1166 797 scribis.
1231 754 1416 809 Confice,
1457 754 1517 794 mi

179 816 334 872 Attice,
364 818 491 858 istam
522 831 622 857 rem.
673 815 795 856 Nihil
821 815 932 856 enim
959 814 1073 855 aliud
1098 814 1275 869 reperio,
1305 813 1379 854 ubi
1406 815 1448 854 et
1473 812 1516 853 in

179 877 271 917 foro
308 890 395 916 non
433 876 511 916 sim
551 879 592 916 et
629 878 770 916 tecum
807 888 897 915 esse
937 874 1107 928 possim.
1171 872 1327 921 Quanti
1365 874 1518 926 autem,

177 934 259 975 hoc
290 934 396 975 mihi
427 934 544 975 venit
574 934 619 974 in
650 936 845 974 mentem.
899 931 940 973 C.
966 931 1177 972 Albanius
1209 931 1430 985 proximus
1455 932 1518 971 est

178 994 353 1034 vicinus.
420 992 463 1033 Is
510 1003 580 1034 CK)
626 992 820 1047 iugerum
858 991 907 1032 de
945 991 1001 1032 M.
1033 990 1142 1032 Pilio
1181 990 1300 1043 emit,
1341 992 1389 1030 ut
1426 1003 1518 1030 mea

179 1053 381 1093 memoria
419 1054 500 1105 est,
537 1050 610 1092 HS
641 1053 744 1092 CXXV.
808 1050 960 1091 Omnia
999 1049 1158 1091 scilicet
1188 1063 1300 1089 nunc
1330 1047 1517 1089 minoris.

181 1110 261 1152 Sed
302 1111 460 1151 accedit
501 1109 730 1163 cupiditas,
770 1110 815 1149 in
856 1124 938 1162 qua
978 1111 1146 1161 praeter
1185 1106 1396 1148 Othonem
1431 1120 1519 1147 11011

178 1172 282 1223 puto
319 1183 398 1209 nos
436 1169 572 1209 ullum
604 1168 891 1209 adversarium
922 1167 1157 1207 habituros.
1221 1166 1303 1208 Sed
1333 1180 1427 1206 eum
1458 1165 1519 1218 ip-

180 1242 273 1269 sum
305 1230 353 1268 tu
384 1227 544 1280 poteris
575 1241 764 1281 movere,
800 1226 967 1266 facilius
1001 1226 1149 1280 etiam,
1186 1225 1222 1265 si
1255 1223 1417 1265 Canum
1447 1223 1518 1264 ha-

177 1286 309 1327 beres.
372 1285 406 1326 O
439 1285 583 1340 gulam
614 1285 841 1325 insulsam!
891 1284 1026 1324 Pudet
1057 1298 1123 1324 me
1154 1283 1298 1337 patris.
1353 1281 1518 1323 Rescri-

180 1345 266 1398 bes,
299 1345 335 1386 si
367 1344 468 1398 quid
499 1344 627 1385 voles.

761 1459 935 1501 XXXII.

397 1542 472 1577 Ser.
493 1543 534 1575 in
564 1541 769 1576 Tusculano
793 1541 858 1574 IV
879 1539 927 1574 K.
947 1540 1032 1574 Iun.
1054 1551 1087 1574 a.
1110 1520 1183 1574 709
1208 1541 1297 1583 (45).

584 1622 774 1658 CICERO
799 1621 991 1657 ATTICO
1016 1620 1124 1655 SAL.

271 1695 463 1737 Alteram
513 1710 537 1736 a
586 1698 628 1735 te
679 1694 905 1748 epistulam
953 1708 1047 1734 cum
1088 1693 1215 1734 hodie
1258 1692 1520 1746 accepissem,
1556 1709 1580 1742 5,

183 1754 301 1795 nolui
345 1758 387 1795 te
430 1769 514 1794 una
557 1768 651 1794 mea
694 1755 951 1794 contentum.
1023 1751 1087 1792 Tu
1126 1765 1226 1792 vero
1271 1765 1366 1805 age,
1409 1751 1520 1804 quod

185 1813 352 1866 scribis,
394 1812 443 1854 de
474 1812 664 1853 Faberio.
726 1811 778 1852 In
818 1825 865 1852 eo
904 1811 1012 1851 enim
1053 1812 1193 1851 totum
1230 1812 1294 1850 est
1330 1809 1520 1863 positum

184 1872 243 1923 id,
283 1871 395 1925 quod
434 1871 689 1925 cogitamus3
734 1884 839 1924 quae
872 1869 1077 1924 cogitatio
1111 1869 1147 1909 si
1176 1882 1264 1909 non
1293 1868 1522 1922 incidisset,

183 1930 289 1971 mihi
320 1930 451 1982 crede,
482 1930 593 1970 istuc
623 1932 672 1969 ut
703 1932 841 1969 cetera
871 1942 958 1968 non
990 1927 1237 1967 laborarem.
1299 1925 1433 1974 Quam
1466 1926 1519 1967 ob

184 2004 291 2042 rem,
338 1992 386 2029 ut
432 1988 534 2028 facis
576 1986 705 2043 (istuc
746 1987 857 2027 enim
899 1985 993 2026 addi
1032 1985 1141 2026 nihil
1179 1984 1360 2041 potest),
1406 1998 1521 2039 urge,

184 2048 308 2099 insta,
339 2046 503 2100 perfice.

272 2105 519 2146 Dicaearchi
563 2103 663 2159 περὶ
706 2109 848 2157 ψυχῆς
894 2105 1098 2155 utrosque
1134 2101 1261 2142 velim
1296 2101 1443 2142 mittas
1479 2103 1521 2141 et

185 2165 469 2217 καταβάσεως.
547 2163 855 2216 Τριπολιτικὸν
890 2175 978 2202 non
1014 2160 1182 2201 invenio
1221 2163 1263 2201 et
1296 2159 1520 2214 epistulam

186 2222 294 2275 eius,
335 2237 461 2275 quam
502 2222 552 2262 ad
591 2221 895 2262 Aristoxenum
935 2219 1063 2260 misit.
1132 2218 1234 2260 Tres
1277 2233 1348 2260 eos
1387 2218 1520 2258 libros

185 2281 368 2321 maxime
398 2295 510 2321 nunc
541 2280 709 2334 vellem3
750 2279 838 2333 apti
870 2281 1010 2319 essent
1040 2277 1092 2318 ad
1122 2277 1184 2332 id,
1223 2277 1337 2331 quod
1368 2276 1521 2331 cogito.

1536 713 1570 736 10

1537 1005 1570 1031 15

1538 1299 1572 1323 20

1540 2001 1575 2026 30

1541 2291 1576 2317 :35
