1665 2553
243 98 326 138 160
668 98 716 133 Μ.
738 98 879 132 TULLI
905 98 1154 133 CICERONIS

240 192 325 248 ille,
352 192 411 234 sic
429 192 610 248 Appius,
636 208 731 234 cum
758 193 799 244 ἐξ
827 192 1098 248 ἀφαιρέσεως
1122 194 1386 248 provinciam
1411 195 1583 248 curarit,

241 252 492 306 sanguinem
529 252 710 307 miserit,
753 252 954 306 quicquid
989 253 1149 307 potuit,
1192 253 1440 308 detraxerit,
1475 253 1583 293 mihi

239 310 462 351 tradiderit
494 313 693 364 enectam,
725 311 1194 365 προςανατρεφομένην
1226 326 1318 352 eam
1350 327 1374 352 a
1404 326 1471 352 me
1496 326 1583 352 non

240 369 423 410 libenter
454 370 579 424 videt,
612 370 684 410 sed
715 369 840 410 modo
874 373 1103 424 suscenset,
1134 370 1259 411 modo
1292 371 1453 424 gratias
1480 371 1580 424 agit.

240 426 365 468 Nihil
401 428 514 468 enim
552 443 575 468 a
605 442 672 468 me
703 428 752 468 fit
784 442 879 468 cum
910 428 998 469 ulla
1027 428 1143 469 illius
1176 429 1447 483 contumelia,
1491 431 1582 469 tan·
1601 446 1617 471 5

240 489 335 526 tum
370 486 494 527 modo
533 486 835 527 dissimilitudo
874 501 990 527 meae
1031 487 1209 527 rationis
1242 487 1417 528 offendit
1448 487 1582 528 homi-

240 559 349 585 nem.
413 544 521 593 Quid
553 545 665 586 enim
695 547 838 599 potest
871 560 961 586 esse
991 548 1080 586 tam
1113 545 1317 586 dissimile
1349 560 1474 600 quam
1506 545 1580 587 illo

241 603 476 657 imperante
514 603 763 644 exhaustam
800 618 891 645 esse
929 604 1170 658 sumptibus
1211 606 1252 645 et
1283 604 1456 645 iacturis
1487 619 1582 658 pro-

241 662 437 716 vinciam,
466 662 592 702 nobis
619 677 709 703 eam
736 662 1028 703 obtinentibus
1053 677 1274 703 nummum
1297 663 1464 704 nullum
1490 678 1581 704 esse

243 723 464 775 erogatum
505 735 581 761 nec
617 721 818 775 privatim
854 735 931 762 nec
966 721 1162 775 publice?
1213 720 1321 769 Quid
1359 722 1493 762 dicam
1531 721 1580 762 de
1601 739 1635 764 10

242 779 357 819 illius
389 779 630 835 praefectis,
662 780 902 835 comitibus,
934 780 1087 834 legatis
1120 780 1279 821 etiam?
1329 780 1377 821 de
1408 780 1582 834 rapinis,

242 838 292 878 de
335 838 602 891 libidinibus,
647 838 696 879 de
740 838 1037 879 contumeliis?
1092 837 1217 879 Nunc
1254 841 1396 879 autem
1433 839 1582 879 domus

242 896 479 936 mehercule
521 897 639 937 nulla
682 899 803 938 tanto
850 897 1027 938 consilio
1073 900 1146 938 aut
1195 900 1316 938 tanta
1360 898 1582 951 disciplina

243 954 506 1009 gubernatur
550 958 623 995 aut
666 958 769 997 tam.
796 956 987 996 modesta
1031 959 1094 996 est
1139 970 1264 1009 quam
1304 958 1452 997 nostra
1489 958 1582 997 tota

242 1013 469 1066 provincia.
532 1013 647 1055 Haec
682 1028 769 1054 non
808 1015 916 1055 nulli
949 1015 1072 1055 amici
1104 1013 1219 1068 Appi
1249 1014 1423 1055 ridicule
1454 1015 1581 1055 inter-
1601 1032 1634 1057 15

242 1075 476 1126 pretantur,
509 1072 581 1125 qui
611 1087 677 1113 me
708 1073 861 1113 idcirco
893 1076 1045 1126 putent
1076 1073 1182 1113 bene
1216 1073 1359 1114 audire
1384 1073 1502 1128 velle,
1533 1076 1581 1114 ut

243 1131 314 1170 ille
345 1131 454 1170 male
487 1131 642 1185 audiat,
682 1133 723 1171 et
755 1133 865 1172 recte
896 1132 1031 1172 facere
1061 1146 1149 1172 non
1179 1146 1294 1172 meae
1325 1132 1474 1185 laudis,
1507 1131 1581 1172 sed

243 1189 359 1229 illius
387 1189 665 1229 contumeliae
691 1204 826 1229 causa.
878 1187 954 1229 Sin
973 1189 1150 1243 Appius,
1177 1192 1224 1230 ut
1251 1189 1376 1230 Bruti
1401 1190 1580 1244 litterae,

244 1261 349 1300 quas
382 1247 433 1288 ad
457 1250 500 1287 te
525 1248 655 1302 misit,
687 1247 994 1302 significabant,
1027 1249 1185 1302 gratias
1212 1248 1336 1288 nobis
1364 1248 1464 1303 agit,
1493 1263 1580 1289 non

241 1306 418 1346 moleste
456 1306 563 1359 fero,
601 1306 673 1346 sed
709 1308 851 1346 tamen
888 1320 936 1346 eo
974 1306 1068 1359 ipso
1113 1306 1195 1360 die,
1235 1321 1317 1360 quo
1349 1306 1451 1347 haec
1483 1310 1579 1347 ante
1599 1324 1633 1349 20

241 1364 377 1404 lucem
410 1364 656 1416 scribebam,
688 1365 930 1418 cogitabam
960 1365 1049 1405 eius
1081 1365 1217 1405 multa
1250 1365 1393 1418 inique
1425 1366 1579 1406 consti-

242 1425 336 1462 tuta
368 1425 410 1462 et
441 1425 534 1463 acta
565 1423 724 1463 tollere.

332 1479 456 1522 Nunc
486 1482 608 1522 venio
642 1482 690 1522 ad
724 1481 917 1535 Brutum,
950 1496 1074 1535 quem
1106 1495 1183 1535 ego
1217 1482 1333 1522 omni
1364 1481 1504 1523 studio
1537 1485 1579 1523 te

243 1542 413 1580 auctore
446 1554 539 1580 sum
570 1540 825 1594 complexus,
858 1555 984 1594 quem
1017 1540 1142 1580 etiam
1175 1554 1316 1581 amare
1343 1555 1578 1595 coeperam,

242 1598 314 1639 sed
350 1598 447 1639 ilico
485 1613 553 1639 me
590 1599 800 1652 revocavi,
838 1613 889 1639 ne
927 1602 969 1639 te
1008 1598 1271 1640 offenderem.
1333 1597 1435 1639 Noli
1467 1599 1578 1639 enim
1598 1616 1631 1641 25

241 1659 391 1710 putare
421 1671 488 1697 me
515 1657 741 1711 quicquam
765 1657 980 1711 maluisse,
1012 1671 1137 1710 quam
1163 1660 1211 1697 ut
1236 1657 1447 1697 mandatis
1473 1658 1577 1698 satis

240 1716 438 1770 facerem,
474 1730 550 1756 nec
593 1716 679 1756 ulla
712 1716 760 1756 de
791 1731 836 1756 re
867 1716 962 1769 plus
993 1716 1220 1756 laborasse.
1281 1715 1579 1757 Mandatorum

242 1777 384 1814 autem
416 1774 522 1814 mihi
553 1774 746 1815 libellum
778 1774 902 1828 dedit,
934 1774 1150 1827 isdemque
1182 1774 1231 1814 de
1262 1774 1388 1814 rebus
1420 1776 1467 1814 tu
1495 1788 1578 1814 me-

242 1846 338 1872 cum
387 1846 543 1886 egeras.
617 1832 767 1873 Omnia
818 1848 911 1873 sum
955 1832 1278 1886 diligentissime
1320 1834 1576 1885 persecutus.

241 1890 432 1931 Primum
464 1891 516 1931 ab
542 1890 829 1932 Ariobarzane
861 1891 920 1931 sic
952 1890 1159 1943 contendi,
1190 1893 1238 1930 ut
1269 1890 1442 1945 talenta,
1471 1905 1577 1944 quae
1597 1908 1631 1933 30

240 1949 348 1989 mihi
388 1949 686 2003 pollicebatur,
723 1950 787 1990 illi
819 1950 946 1990 daret.
1010 1949 1155 1997 Quoad
1184 1962 1348 1989 mecum
1378 1963 1452 1989 rex
1482 1949 1576 2002 fuit,

242 2007 429 2060 perbono
467 2008 558 2048 loco
591 2023 657 2049 res
690 2011 796 2062 erat,
840 2010 938 2061 post
971 2023 993 2048 a
1023 2006 1198 2059 Pompei
1229 2007 1576 2060 procuratoribus

243 2066 443 2106 sescentis
470 2067 604 2119 premi
631 2069 804 2120 coeptus
832 2069 906 2106 est.
952 2065 1177 2118 Pompeius
1205 2067 1347 2106 autem
1367 2079 1495 2119 quom
1522 2066 1575 2106 ob

242 2126 400 2164 ceteras
440 2139 585 2165 causas
624 2125 719 2178 plus
758 2127 902 2178 potest
942 2137 1050 2164 unus
1090 2138 1216 2176 quam
1257 2124 1384 2164 ceteri
1421 2138 1576 2178 omnes,

241 2184 333 2222 tum
366 2183 478 2235 quod
509 2186 684 2236 putatur
717 2183 769 2223 ad
794 2182 953 2224 bellum
978 2181 1219 2222 Parthicum
1248 2196 1336 2223 esse
1361 2184 1573 2223 venturus.
1595 2199 1628 2224 35

241 2238 296 2279 Ei
339 2243 481 2281 tamen
525 2242 584 2281 sic
627 2256 740 2282 nunc
778 2241 975 2295 solvitur,
1024 2240 1264 2280 tricensimo
1308 2254 1474 2294 quoque
1511 2240 1576 2280 die

241 2297 401 2338 talenta
438 2298 584 2340 Attica
622 2311 769 2340 XXXIII
807 2301 849 2339 et
886 2298 966 2339 hoc
1003 2312 1053 2338 ex
1099 2298 1282 2339 tributis.
1349 2297 1438 2339 Nec
1480 2298 1576 2339 inde
