1665 2553
223 98 307 139 348
648 98 694 132 Μ,
724 98 863 132 TULLI
890 98 1139 133 CICERONIS

820 251 974 293 XXIII.

449 332 522 368 Scr.
544 333 729 367 Brundisi
761 333 843 366 VII
862 333 918 366 Id.
944 333 1065 377 Quint.
1094 346 1126 367 α.
1153 336 1221 368 707
1249 335 1338 377 (47).

650 414 818 449 CICERO
845 414 1018 449 ATTICO
1046 415 1142 449 SAL.

314 486 433 535 Quod
472 487 522 527 ad
560 489 603 527 te
636 486 886 540 scripseram
918 489 966 527 ut
998 501 1092 527 cum
1126 486 1305 529 Camillo
1338 488 1567 529 communi-

225 560 353 599 cares,
385 546 434 586 de
467 560 514 586 eo
549 544 753 586 Camillus
786 545 892 586 mihi
926 546 1097 599 scripsit
1129 550 1164 587 te
1196 561 1337 587 secum
1365 546 1565 588 locutum.
1603 564 1622 591 5

225 604 336 644 Tuas
374 604 540 645 litteras
575 604 895 658 exspectabam3
938 604 1021 645 nisi
1059 604 1165 645 illud
1197 605 1366 658 quidem
1398 606 1567 661 mutari⁷

227 663 261 703 si
301 663 424 703 aliter
457 666 536 716 est,
577 666 618 702 et
651 665 839 717 oportet,
875 677 960 703 non
993 663 1113 704 video
1147 678 1284 717 posse.
1348 662 1441 719 Sed,
1472 679 1566 705 cum

226 721 277 762 ab
311 722 384 762 illo
418 722 669 775 accepissem
700 721 885 776 litteras,
923 721 1155 762 desideravi
1186 725 1281 763 tuas
1316 720 1416 777 (etsi
1446 727 1567 777 puta-

225 780 323 821 bam
368 782 409 821 te
453 781 676 821 certiorem
720 780 879 821 factum
922 794 1009 821 non
1052 780 1180 837 esse),
1223 781 1349 822 modo
1387 781 1566 836 valeres3

227 839 454 892 scripseras
483 839 594 879 enim
620 841 662 879 te
689 839 871 892 quodam
898 839 1152 880 valetudinis
1181 853 1333 894 genere
1353 841 1565 894 temptari.
1586 858 1622 883 10

315 897 504 952 Agusius
545 897 716 951 quidam
755 897 906 938 Rhodo
945 901 1116 939 Venerat
1148 910 1230 939 VIII
1267 897 1366 939 Idus
1400 898 1566 947 Quinct.

225 956 267 997 Is
305 957 532 997 nuntiabat
571 955 776 1004 Quintum
814 956 948 997 filium
988 957 1038 997 ad
1071 955 1292 998 Caesarem
1329 957 1566 1011 profectum

226 1027 293 1055 1111
330 1015 422 1056 Kal.
455 1014 545 1056 Iun.
556 1050 565 1069 ,
600 1015 881 1056 Philotimum
917 1014 1116 1056 Rhodum
1154 1016 1288 1069 pridie
1327 1030 1423 1057 eum
1454 1016 1564 1058 diem

227 1074 409 1127 venisse,
444 1073 600 1115 habere
639 1074 690 1114 ad
726 1089 793 1114 me
830 1074 1007 1115 litteras.
1069 1074 1214 1128 Ipsum
1246 1074 1457 1129 Agusium
1496 1090 1566 1116 au-

227 1133 324 1173 dies.
377 1131 458 1173 Sed
490 1132 652 1173 tardius
683 1133 765 1173 iter
797 1133 988 1173 faciebat.
1040 1133 1106 1173 Eo
1139 1133 1229 1187 feci,
1261 1136 1310 1174 ut
1343 1133 1428 1188 [eo]
1463 1134 1563 1174 cele-
1584 1150 1618 1176 15

226 1191 329 1231 riter
362 1191 479 1231 eunti
512 1191 662 1231 darem.
716 1190 824 1239 Quid
857 1191 912 1231 sit
943 1192 989 1231 in
1020 1191 1071 1231 iis
1104 1191 1273 1245 litteris,
1305 1192 1458 1246 nescio⁷
1492 1193 1564 1233 sed

225 1249 330 1289 inihi
380 1249 501 1290 valde
545 1248 726 1297 Quintus
770 1250 902 1290 frater
946 1249 1196 1304 gratulatur.
1263 1250 1476 1303 Equidem
1519 1251 1564 1291 in

225 1322 318 1348 meo
356 1310 477 1348 tanto
516 1310 686 1361 peccato
724 1307 832 1348 nihil
872 1323 924 1348 ne
956 1308 1213 1362 cogitatione
1246 1308 1416 1362 quidem
1449 1309 1563 1350 adse-

228 1366 301 1420 qui
331 1380 518 1420 possum,
551 1366 662 1420 quod
692 1366 798 1406 mihi
824 1366 1045 1407 tolerabile
1071 1367 1208 1420 possit
1236 1381 1335 1408 esse.
1388 1367 1446 1408 Te
1476 1382 1563 1423 oro,

225 1427 274 1465 ut
306 1425 354 1465 de
386 1425 464 1465 hac
495 1425 649 1465 misera
681 1425 854 1479 cogites,
893 1428 933 1465 et
964 1424 1082 1479 illud,
1115 1426 1163 1466 de
1196 1440 1279 1479 quo
1313 1425 1363 1466 ad
1396 1428 1437 1466 te
1469 1441 1562 1480 pro·
1582 1444 1618 1468 ρο

225 1483 336 1524 xime
370 1483 531 1538 scripsi,
562 1486 611 1523 ut
643 1483 802 1536 aliquid
828 1484 1075 1524 conficiatur
1101 1484 1153 1524 ad
1177 1484 1367 1538 inopiam
1391 1485 1563 1538 propul-

227 1542 417 1596 sandam,
454 1545 495 1582 et
533 1542 661 1582 etiam
700 1542 749 1582 de
786 1542 879 1596 ipso
921 1545 1189 1584 testamento.
1250 1541 1363 1583 Illud
1395 1558 1562 1597 quoque

224 1600 376 1641 vellem
409 1603 543 1654 antea,
577 1601 648 1641 sed
681 1601 822 1641 omnia
854 1601 1085 1642 timuimus.
1136 1601 1290 1642 Melius
1324 1601 1492 1655 quidem
1518 1602 1563 1642 in

225 1659 418 1712 pessimis
469 1659 577 1699 nihil
623 1659 704 1699 suit
749 1659 935 1700 discidio.
1007 1659 1183 1714 Aliquid
1226 1660 1469 1700 fecissemus
1513 1663 1562 1701 ut

224 1718 306 1758 viri
342 1718 409 1758 vel
444 1718 687 1758 tabularum
724 1732 930 1758 novarum
960 1719 1130 1760 nomine
1162 1718 1229 1759 vel
1258 1721 1561 1759 nocturnarum
1581 1735 1617 1761 25

225 1777 589 1831 expugnationum
638 1776 704 1817 vel
747 1776 943 1818 Metellae
992 1777 1059 1817 vel
1103 1777 1292 1817 omnium
1334 1777 1562 1831 malorum3

223 1849 299 1875 nec
336 1850 402 1875 res
438 1836 637 1889 perisset,
678 1838 719 1876 et
756 1835 994 1876 videremur
1032 1835 1192 1892 aliquid
1229 1835 1387 1876 doloris
1424 1835 1561 1876 virilis

223 1892 434 1934 habuisse.
485 1893 661 1934 Memini
694 1894 864 1934 omnino
897 1897 992 1934 tuas
1018 1895 1197 1949 litteras,
1229 1893 1300 1934 sed
1326 1896 1367 1934 et
1393 1896 1561 1947 tempus

223 1952 346 2006 illud3
378 1952 458 1993 etsi
491 1952 656 2006 quidvis
687 1952 913 2006 praestitit.
975 1952 1100 1994 Nunc
1132 1952 1299 2006 quidem
1330 1952 1419 2006 ipse
1452 1952 1562 1993 vide-

224 2013 294 2051 tur
334 2010 598 2065 denuntiare3
644 2011 836 2051 audimus
876 2012 986 2051 enim
1025 2011 1073 2051 de
1112 2014 1253 2052 statua
1292 2009 1424 2052 Clodi.
1482 2009 1561 2051 Ge·
1582 2028 1617 2053 30

223 2083 426 2110 nerumne
470 2072 665 2110 nostrum
709 2069 981 2123 potissimum
1023 2070 1052 2123 †
1079 2072 1126 2110 ut
1168 2069 1249 2110 hoc
1288 2069 1356 2110 vel
1393 2069 1561 2110 tabulas

222 2127 384 2167 novas?
433 2126 577 2168 Placet
615 2127 720 2168 mihi
759 2128 893 2182 igitur
929 2131 971 2168 et
1008 2128 1111 2168 item
1148 2128 1229 2168 tibi
1266 2128 1465 2168 nuntium
1502 2142 1563 2168 re-

223 2185 350 2225 mitti.
412 2185 533 2226 Petet
577 2187 757 2227 fortasse
801 2186 972 2227 tertiam
1012 2186 1269 2239 pensionem.
1333 2184 1563 2227 Considera

224 2242 368 2298 igitur,
399 2246 561 2298 tumne,
602 2259 697 2285 cum
729 2245 782 2285 ab
814 2245 905 2298 ipso
937 2247 1146 2297 nascetur,
1180 2259 1233 2285 an
1263 2244 1392 2298 prius.
1454 2244 1563 2299 Ego,
1644 2272 1649 2307 ἰ

225 2301 261 2340 si
286 2301 371 2341 ullo
400 2303 525 2343 modo
552 2306 744 2357 potuero,
769 2303 835 2343 vel
860 2303 1080 2344 nocturnis
1107 2303 1332 2344 itineribus
1360 2304 1563 2358 experiar,
1581 2317 1615 2345 35
1643 2313 1649 2347 ξ

1643 2349 1650 2435 ἔ
