1689 2572
669 63 708 97 P.
731 66 926 97 109—114.
1328 59 1461 94 XXXV

126 157 256 203 †quod
293 157 415 192 videor
445 156 636 199 Wesenb.;
674 156 756 191 fort.
785 167 890 201 quom
925 156 1050 190 videar
1088 154 1150 198 (ad
1181 166 1214 199 p.
1236 158 1291 188 40.
1315 155 1383 197 21).
1419 174 1464 178 —

128 208 172 239 30
202 205 344 251 [nuuc]
375 215 482 249 quam
506 204 649 247 Baiter,
685 203 764 238 sine
791 202 964 238 cancellis
992 202 1182 245 Wesenb.,
1220 201 1330 243 Boot,
1369 212 1462 234 uim-

127 263 233 296 quam
258 251 325 293 M1,
359 262 466 295 quam
491 251 562 294 ΜΞ,
596 250 749 295 Tyrrell.
794 252 805 295 ΙΙ
847 250 893 285 P.
915 249 1004 284 112.
1027 253 1046 284 6
1078 250 1167 284 mihi
1193 250 1279 282 ante
1304 251 1466 294 monstra

129 310 212 344 add.
239 309 383 352 Baiter,
415 308 606 351 WVesefflm,
646 309 756 351 Boot,
793 309 844 342 mi
874 307 947 350 ΜΣ,
984 308 1008 342 i.
1031 318 1072 350 e.,
1103 309 1146 341 ut
1183 307 1329 351 opinor,
1357 296 1463 339 bibra.

128 379 173 382 —
207 360 228 391 8
267 357 457 392 conturbat
486 361 591 400 atque
621 357 714 391 idem
747 354 974 389 ‘Ciceronem
1004 354 1171 399 potuisse
1202 353 1362 397 quoque’
1397 354 1465 396 (sio

129 404 236 448 solet)
272 403 447 438 ‘scribere
473 403 655 437 concedit’
683 403 793 445 Boot,
826 403 1054 437 conturbaret
1079 402 1221 446 quidem
1247 400 1369 441 codd,
1402 399 1465 443 qui

128 451 372 497 †conturbat,
409 454 441 484 et
478 451 619 495 quidem
645 449 837 493 Wesenb.‚
864 450 1053 484 conturbat
1089 453 1121 483 et
1144 449 1237 482 idem
1262 446 1466 481 Buecheler

128 510 219 532 mus.
240 497 355 532 Rhen.
376 497 442 530 XX
467 509 501 541 p.
523 502 590 531 412
605 509 657 540 n.,
695 496 838 539 Baiter,
879 496 1023 540 Tyrrell
1056 506 1109 540 ep.
1135 498 1218 537 111,
1250 495 1465 529 conturbare

130 545 271 590 quidem
294 545 390 578 Boot
421 544 513 578 coni.
541 545 604 588 qui
634 544 726 578 idem
755 547 863 586 putat
889 543 958 577 del.
980 543 1209 584 conturbare,
1241 541 1341 585 quod
1365 541 1465 574 idem

128 603 231 637 prop.
252 591 431 635 Pluygers
463 591 595 625 Mnem.
620 593 707 624 1881
734 603 768 635 p.
791 594 867 624 126.
895 611 939 615 ——
974 594 1016 623 13
1031 601 1108 633 sqq.
1134 589 1229 633 Quid
1254 589 1348 623 enim
1373 598 1465 622 vere-

128 639 207 674 ris?
256 638 536 683 Quemcumque
567 638 725 672 heredem
761 638 863 680 fecit,
889 658 932 662 —
963 638 1098 671 virum
1127 637 1213 679 fecit
1236 646 1311 670 uon
1335 635 1466 678 impro-

131 687 302 728 biorem,
334 697 458 730 quam
485 696 550 719 scr.
572 684 750 719 Fleckeis.
773 684 894 717 annal.
917 687 1006 718 1897
1032 695 1066 727 p.
1089 687 1167 725 546,
1193 703 1239 708 —
1271 692 1465 727 quaecun-

131 744 196 778 que
219 734 252 766 h.
272 733 299 775 f.
326 753 370 757 —
403 743 536 766 verum
560 732 586 774 f.
602 743 636 766 u.
657 732 813 775 improbe
838 733 940 775 (corr
962 731 1001 764 in
1031 730 1198 774 improbi)
1225 739 1466 774 quemquam.

130 781 204 822 fuit
222 779 271 821 M,
299 779 385 823 quid
410 780 503 813 euim
528 779 669 821 vereris,
695 789 942 822 quemcumque
970 779 1002 811 h.
1016 778 1101 820 fecit
1127 777 1262 821 (fecerit
1286 775 1466 818 Lambin.,

132 826 306 870 Tyri-eil),
343 826 418 860 nisi
449 826 492 860 P.
518 825 628 868 fecit?
678 824 800 868 (fecit.9
848 825 922 859 uisi
959 825 1002 858 P.
1027 825 1112 867 fecit
1148 823 1279 866 Orelli,
1314 822 1464 866 Baiter).

138 874 268 908 Verum
300 873 385 916 fecit
414 883 489 907 non
518 873 676 916 improbe
708 873 932 916 (improbum
965 882 1009 905 ex
1042 870 1156 914 antiq.
1178 871 1258 904 edd.
1280 869 1466 911 WVesenb„

132 919 305 964 Tyrrell);
329 930 568 964 quamquam
594 919 674 952 edd.
703 939 748 943 —
776 922 817 952 16
844 930 965 962 quom
989 918 1157 952 reteoeeris
1182 916 1273 951 coni.
1294 917 1368 958 1.1.,
1394 926 1469 950 nou

133 968 212 1001 sine
245 977 350 1001 cruce
383 966 463 1000 edd.
492 966 554 1010 (ad
585 978 617 1010 p.
645 969 699 999 40.
729 968 797 1008 21).
845 986 890 990 --
933 970 976 998 22
1012 965 1107 1009 Quid
1138 963 1319 1008 superest?
1362 964 1470 998 etiam

132 1014 291 1056 Manut,
328 1013 478 1055 Muret,
516 1013 659 1055 Baiter,
697 1012 887 1054 Wesenb,
925 1012 1020 1046 Boot
1052 1014 1094 1053 (V.
1123 1023 1220 1055 supr.
1247 1023 1281 1055 p.
1299 1013 1375 1043 109.
1398 1012 1467 1052 25),

135 1061 238 1106 Quod
269 1060 336 1105 (sic
369 1060 494 1102 codd.;
533 1060 581 1093 ad
606 1071 640 1103 p.
664 1062 717 1093 10.
741 1062 798 1097 24)
824 1063 982 1103 superest
1007 1060 1130 1100 etiam,
1168 1058 1286 1100 fflotz,
1314 1056 1468 1100 Tyrrell,
1489 1074 1497 1077 -

133 1109 226 1153 quod
250 1111 418 1151 superest,
443 1107 549 1141 etiam
574 1106 683 1150 vulg,
711 1106 809 1149 quod
834 1116 948 1150 prope
973 1105 1141 1149 paenitet
1166 1116 1238 1138 non
1265 1103 1466 1148 scripsisse.

134 1155 175 1189 V.
198 1155 247 1188 ad
271 1154 357 1188 fam.
378 1166 413 1198 p.
430 1157 508 1187 296.
524 1157 580 1196 23,
605 1153 705 1186 infra
733 1157 809 1186 195.
832 1157 886 1187 31.
924 1154 935 1197 Η
973 1153 1018 1187 Ρ.
1041 1151 1129 1186 113.
1149 1156 1171 1185 4
1196 1152 1351 1185 Antium
1376 1150 1468 1183 Leh-

132 1213 245 1236 mann
277 1200 442 1242 Quaestt.
463 1212 496 1244 p.
516 1203 593 1234 130.
633 1221 678 1225 -
716 1203 735 1234 6
763 1200 833 1244 Εἵη
866 1212 929 1242 μοι
961 1196 1066 1239 οὗτος
1092 1200 1197 1242 φίλος
1223 1195 1322 1238 οἶκος
1347 1197 1467 1231 Peerl-

132 1248 284 1293 kampio
317 1249 412 1282 auct.
433 1247 543 1290 Boot,
570 1246 719 1291 Tyrrell
754 1257 808 1291 ep.
833 1250 916 1289 112,
949 1247 1187 1281 ΕΙΜΗΙΕΗΤΩ
1223 1245 1353 1280 ΦΙΛΟΕ
1381 1244 1470 1278 ΚΟΕ

133 1296 187 1339 Μ,
219 1295 492 1339 ῒΕΙΜΗΙΕΗΤΩ
525 1295 631 1338 φίλος
662 1290 760 1333 οἶκος
785 1293 927 1336 Baiter,
961 1292 1032 1337 Είή
1067 1292 1215 1337 μισητὸς
1240 1290 1344 1335 φίλος
1371 1288 1470 1330 οἶκος

134 1342 306 1376 Wesenb.
333 1362 378 1367 -—
405 1345 448 1375 10
473 1342 524 1375 mi
547 1341 689 1383 Bosius,
715 1341 810 1374 Boot
836 1340 1035 1374 admodum
1059 1340 1199 1383 incert,
1225 1339 1314 1373 mihi
1332 1338 1469 1380 Baiter,

129 1394 320 1434 postquam
351 1389 449 1423 misit
487 1389 594 1422 libros
619 1387 674 1429 M,
706 1392 897 1432 postquam
933 1388 980 1422 sit
1012 1388 1078 1421 tibi
1111 1387 1230 1430 (tibae)
1264 1386 1372 1420 libros
1404 1385 1469 1418 alii

136 1437 239 1470 codd.
267 1435 469 1476 (Lehmann
500 1435 575 1468 Att.
596 1446 630 1478 p.
653 1436 727 1477 29),
762 1439 953 1478 postquam
989 1434 1112 1479 sillybi
1148 1432 1301 1477 Tyrrell.
1341 1453 1386 1457 —
1426 1435 1467 1465 11

141 1483 228 1517 Vale
249 1482 416 1522 Gronov„
441 1482 546 1523 Boot,
567 1481 721 1524 Tyrrell,
741 1482 764 1525 †
777 1482 879 1516 valde
898 1481 1036 1523 Baiter,
1058 1480 1136 1514 sine
1157 1491 1263 1514 cruce
1283 1478 1469 1520 Wesenb,

135 1530 238 1564 valde
264 1529 377 1573 lepide
402 1528 504 1562 Koch
529 1539 650 1572 progr.
672 1528 836 1562 Portens.
861 1531 949 1562 1868
975 1540 1009 1572 p.
1033 1531 1088 1569 22,
1114 1528 1217 1562 valde
1243 1527 1351 1561 laudo
1376 1525 1468 1560 Leh-

135 1587 248 1610 mann
274 1575 438 1617 Quaestt.
459 1587 494 1619 p.
517 1578 572 1610 62.
600 1596 644 1600 -
669 1575 719 1608 Ib.
746 1575 807 1609 Tu
831 1575 966 1609 scribas
990 1574 1176 1617 Wesenb,
1201 1574 1306 1615 Boot,
1327 1572 1471 1617 Tyrrell

135 1623 241 1658 male.
293 1622 335 1656 V.
362 1622 552 1656 Lehmann
582 1621 643 1656 1.1,
676 1633 710 1665 p.
740 1625 782 1655 62
798 1633 894 1665 sqq,
928 1633 1024 1665 supr.
1054 1622 1101 1654 ad
1132 1633 1167 1665 p.
1197 1623 1273 1654 109.
1298 1623 1333 1661 7,
1373 1619 1471 1653 infra

138 1674 215 1704 297.
238 1673 268 1704 9.
297 1689 340 1694 --
369 1673 410 1703 13
436 1673 643 1714 qesserunt
661 1667 846 1711 Wesenb.,
873 1669 964 1702 male
988 1669 1039 1702 sic
1064 1669 1171 1713 eyisse
1196 1667 1235 1700 M
1244 1682 1251 1709 3
1279 1677 1364 1711 ergo
1390 1665 1470 1699 nul—

136 1717 213 1750 lam
236 1717 347 1750 fidem
371 1715 486 1749 habet
510 1715 605 1749 illud
630 1726 770 1760 yessere.
797 1736 843 1740 —
870 1719 912 1748 17
938 1715 1137 1759 Apellas‘?,
1169 1714 1326 1758 Aperias
1351 1713 1398 1746 M.
1427 1733 1470 1737 —-

138 1767 182 1798 20
218 1764 285 1798 tibi
322 1763 426 1797 codd.
454 1764 491 1796 Σ
523 1762 725 1806 (Lehmann
763 1762 838 1796 Att.
866 1773 901 1806 p.
923 1765 978 1804 70,
1006 1764 1103 1805 134),
1141 1760 1331 1802 Wesenb.,
1366 1760 1471 1802 Boot,

137 1810 239 1854 Tyrr.
262 1821 316 1854 ep.
339 1814 422 1852 118,
455 1820 523 1843 om.
544 1809 600 1852 M,
632 1809 768 1843 Baiter.
813 1810 824 1853 ΙΙ
867 1809 913 1843 P.
934 1807 1024 1843 114.
1048 1812 1089 1842 10
1111 1808 1308 1852 putabam
1345 1806 1473 1840 audivi

139 1858 220 1892 edd.
241 1858 388 1901 praeter
412 1855 565 1900 Tyrrell.
616 1856 674 1889 Ad
698 1867 732 1900 p.
756 1858 832 1889 107.
855 1859 908 1889 37.
943 1876 986 1880 —
1020 1859 1063 1888 14
1089 1855 1112 1899 †
1127 1854 1273 1888 removit
1297 1852 1470 1887 Wesenb.

139 1903 230 1938 coni.
251 1904 435 1938 removerit
461 1902 527 1947 (sie
551 1903 647 1936 Boot
668 1903 712 1936 (θ.
733 1902 943 1936 necessaria
970 1900 1224 1944 correctione’)
1246 1901 1311 1933 aut
1329 1900 1474 1934 remorit

139 1951 255 1995 (Em,
287 1950 453 1994 Tyrrell).
492 1949 534 1983 V.
555 1948 656 1983 Verr.
677 1961 711 1993 p.
728 1952 806 1983 320.
821 1953 854 1991 4,
881 1949 927 1983 de
953 1960 1002 1983 or.
1019 1948 1051 1981 II
1071 1951 1124 1982 89.
1144 1951 1210 1980 363
1224 1959 1269 1980 m.
1297 1947 1473 1990 quidnam

139 2002 188 2032 est
206 1998 257 2040 id,
282 1998 376 2041 quod
395 1995 565 2039 diaeistffl,
592 1995 676 2030 Tac.
700 1995 818 2030 Germ.
839 1999 885 2029 40
900 2006 953 2030 eX.
976 1995 1062 2039 quid
1082 1995 1128 2028 sit
1147 1994 1252 2036 illud,
1277 1994 1371 2037 quod
1391 1997 1471 2028 tan-

138 2048 215 2078 tum
234 2044 392 2088 perituri
415 2044 552 2086 vident,
585 2042 710 2076 Plaut.
743 2041 845 2087 Capt.
871 2046 937 2076 669
964 2042 1033 2076 Sed
1059 2041 1146 2085 quid
1170 2041 1339 2085 ueyotist,
1364 2051 1473 2084 quam

140 2091 182 2125 ob
211 2102 284 2125 rem
313 2101 491 2125 suscenses
521 2089 635 2123 mihi?
650 2118 658 2132 ,
689 2089 796 2133 Epid.
819 2093 886 2123 560
912 2089 1000 2132 quid
1025 2092 1092 2130 est,
1123 2088 1217 2132 quod
1241 2087 1372 2121 voltus&
1395 2091 1470 2121 tur-

141 2138 245 2171 batus
274 2137 384 2172 tuus?
398 2165 406 2180 ,
438 2136 568 2170 Pseud.
591 2139 658 2170 246
691 2137 771 2180 quis
802 2140 862 2178 est,
893 2136 955 2179 qui
979 2145 1115 2168 moram
1140 2135 1190 2168 mi
1214 2138 1383 2178 occupato
1409 2145 1470 2177 op-

140 2183 271 2225 tulit&
315 2183 393 2217 Ter.
414 2183 506 2217 Eun.
529 2187 595 2217 559
627 2183 715 2227 quid
740 2187 799 2224 est,
825 2182 919 2226 quod
945 2182 1059 2215 laetus
1083 2180 1144 2215 es?
1169 2182 1237 2215 etc.
1264 2201 1309 2206 —
1336 2185 1377 2214 16
1406 2180 1472 2221 ἔξω

140 2231 294 2272 Manut,
319 2229 471 2273 Tyrrell.
487 2251 532 2255 —-
553 2233 594 2263 18
621 2230 663 2264 de
687 2229 810 2273 potius
838 2239 949 2271 quam
973 2239 1016 2262 ea:
1040 2228 1144 2270 Boot,
1172 2227 1230 2262 cui
1258 2228 1304 2262 ‘et
1329 2226 1395 2271 (sic
1421 2227 1473 2270 M)

141 2289 214 2312 non
243 2276 364 2310 minus
395 2276 465 2311 hoc
491 2286 601 2320 quam
626 2276 691 2310 illo
717 2276 825 2309 modo
853 2274 1041 2309 emendari
1066 2285 1173 2319 posse
1199 2274 1370 2308 videtur’.
1421 2274 1475 2309 Et

1218 2335 1260 2366 0²5
