1665 2553
145 367 164 397 10

153 1540 172 1569 [θ

189 83 275 125 354
625 83 673 118 M.
701 82 842 117 TULLI
868 82 1118 117 ClCERONIS

190 179 235 220 in
277 179 422 220 eodem
463 180 615 232 πάθεις
661 178 774 232 quod
814 178 875 219 ita
913 181 977 219 est
1014 179 1215 233 profecto.
1284 177 1366 219 Sed
1402 177 1528 219 velim

192 238 313 293 scire,
350 237 531 279 hodiene
570 238 717 278 statim
749 237 799 277 de
837 237 1047 291 auctione,
1087 240 1128 278 et
1161 251 1244 291 quo
1277 236 1343 278 die
1373 237 1528 278 venias.

190 297 285 351 Ego
318 312 384 337 me
416 297 576 337 interea
607 311 702 336 cum
733 294 907 346 libellis3
940 310 985 336 ac
1013 296 1192 336 moleste
1216 296 1306 337 fero
1331 295 1530 337 Vennoni

190 370 259 396 me
288 355 513 396 historiam
543 369 630 395 non
660 354 825 395 habere.
877 352 958 395 Sed
989 356 1144 409 tamen,
1175 369 1227 395 ne
1257 353 1367 395 nihil
1399 354 1448 395 de
1473 369 1530 408 re,

190 429 345 455 nomen
375 414 497 467 illud,
540 412 651 467 quod
684 428 707 453 a
739 411 935 468 Caesare,
974 416 1059 453 tres
1091 413 1220 454 habet
1252 413 1530 468 condiciones,
1567 429 1583 455 5

192 475 265 513 aut
303 473 561 526 emptionem
599 471 650 512 ab
688 472 812 512 hasta
851 470 1042 526 (perdere
1082 472 1212 525 malo,
1257 471 1334 512 etsi
1365 475 1531 525 praeter

191 532 329 585 ipsam
359 531 668 584 turpitudinem
699 530 780 571 hoc
811 530 952 584 ipsum
983 532 1087 584 puto
1118 545 1208 571 esse
1234 529 1424 586 perdere)
1459 533 1532 571 aut

194 590 501 645 delegationem
533 604 557 630 a
581 589 779 642 mancipe
812 603 951 629 annua
983 589 1049 629 die
1081 587 1196 644 (quis
1230 588 1321 642 erit,
1353 589 1421 630 cui
1449 603 1532 629 cre-

193 649 305 702 dam,
356 651 428 689 aut
481 648 647 702 quando
692 648 773 688 iste
818 647 1003 688 Metonis
1050 662 1184 688 annus
1228 646 1416 703 veniet?)
1459 650 1533 688 aut

191 707 382 748 Vettieni
423 707 666 747 condicione
699 706 928 747 semissem.
981 704 1151 756 Σκέψαι
1183 706 1327 760 igitur.
1379 706 1441 747 Ac
1466 720 1532 747 ve·
1553 723 1586 748 10

192 781 305 820 reor,
342 780 394 806 ne
433 766 514 806 iste
554 766 639 805 iam
671 765 910 806 auctionem
942 764 1104 805 nullam
1135 765 1282 818 faciat,
1320 765 1392 805 sed
1422 765 1532 805 ludis

191 825 316 865 factis
352 823 521 881 Ἀτύπῳ
561 824 750 864 subsidio
790 826 948 876 currat,
991 837 1044 864 ne
1081 823 1181 864 talis
1219 823 1284 863 vir
1323 823 1532 879 ἀλογηθῇ.

194 883 276 925 Sed
306 885 491 937 μελήσει.
549 882 613 923 Tu
644 881 845 937 Atticam,
879 896 1047 936 quaeso,
1079 897 1179 923 cura
1211 884 1252 922 et
1284 881 1322 922 ei
1354 881 1535 923 salutem

194 944 234 982 et
266 941 397 982 Piliae
430 941 594 982 Tulliae
627 955 794 994 quoque
826 941 965 981 verbis
997 941 1235 995 plurimam.

829 1057 901 1098 IV.
1557 1074 1590 1099 15

453 1138 526 1173 Ser.
549 1139 586 1172 7'11
618 1138 823 1172 Tusculano
848 1139 905 1171 Id.
927 1138 1011 1171 Iun.
1034 1150 1066 1171 (ι.
1091 1140 1163 1172 708,
1191 1141 1281 1181 (46).

597 1220 788 1254 CICERO
814 1219 1005 1253 ATTICO
1031 1219 1139 1253 SAL.

286 1291 320 1332 Ο
371 1295 514 1346 gratas
562 1294 658 1331 tuas
703 1291 809 1331 mihi
851 1291 1139 1344 iucundasque
1182 1290 1365 1331 litteras!
1428 1290 1537 1338 Quid

199 1350 394 1405 quaeris?
450 1350 675 1390 restitutus
726 1352 788 1389 est
838 1349 943 1389 mihi
988 1349 1074 1389 dies
1115 1348 1260 1390 festus.
1334 1348 1537 1403 Angebar

199 1409 329 1463 enim,
372 1409 485 1462 quod
522 1408 621 1448 Tiro
661 1407 1103 1462 ἐνερευθέστερον16
1149 1407 1231 1448 sibi
1272 1422 1361 1448 esse
1398 1408 1537 1448 visum
1557 1426 1591 1450 ρο

200 1469 373 1509 dixerat.
437 1467 600 1507 Addam
633 1467 778 1521 igitur,
810 1469 857 1506 ut
890 1480 1046 1521 censes,
1077 1480 1207 1506 unum
1240 1466 1360 1507 diem.

289 1525 369 1566 Sed
413 1526 461 1566 de
503 1525 663 1566 Catone
700 1526 929 1580 πρόβλημα
963 1523 1267 1579 Ἀρχιμήδειον
1305 1527 1377 1565 est.
1439 1523 1539 1565 Non

202 1585 419 1638 adsequor,
452 1587 498 1625 ut
532 1584 724 1638 scribam,
757 1584 868 1637 quod
901 1584 964 1624 tui
998 1583 1197 1624 convivae
1229 1598 1316 1624 non
1340 1583 1465 1624 modo
1491 1583 1539 1623 li-

200 1644 366 1698 benter,
411 1643 483 1684 sed
521 1644 648 1683 etiam
691 1656 823 1696 aequo
864 1642 1003 1683 animo
1035 1642 1173 1696 legere
1205 1642 1390 1695 possint,
1437 1641 1540 1694 quin

202 1703 340 1754 etiam,
372 1702 408 1742 si
440 1717 462 1742 a
494 1701 713 1742 sententiis
746 1701 835 1741 eius
868 1701 1002 1754 dictis,
1034 1701 1069 1740 si
1101 1700 1152 1740 ab
1181 1700 1296 1741 omni
1321 1700 1539 1740 voluntate
1558 1718 1591 1743 25

202 1761 486 1815 consiliisque,
513 1775 618 1814 quae
645 1760 694 1800 de
720 1774 764 1800 re
790 1759 958 1812 publica
981 1758 1144 1813 habuit,
1170 1758 1357 1799 recedam
1386 1761 1540 1807 ψιλῶς-

203 1834 283 1873 que
309 1819 434 1860 velini
461 1819 716 1873 gravitatem
743 1817 1108 1870 constantiamque
1134 1817 1223 1857 61115
1248 1817 1430 1870 laudare,
1459 1816 1539 1857 hoc

202 1879 342 1931 ipsum
387 1881 525 1918 tamen
572 1877 664 1917 istis
711 1877 902 1917 odiosum
946 1877 1142 1930 ἄκουσμα
1176 1875 1251 1915 sit.
1320 1873 1400 1915 Sed
1444 1889 1540 1915 vere

202 1936 366 1977 laudari
398 1936 469 1976 ille
502 1936 566 1976 vir
590 1950 677 1976 non
703 1937 857 1989 potest,
888 1934 970 1975 nisi
996 1934 1098 1974 haec
1124 1936 1273 1974 ornata
1298 1933 1395 1987 sint,
1428 1933 1540 1987 quod

203 1995 275 2035 ille
302 2009 360 2048 ea,
393 2009 499 2048 quae
524 2008 637 2034 nunc
665 1996 775 2047 sunt,
808 1996 849 2033 et
874 1994 1018 2033 futura
1043 1992 1195 2033 viderit
1222 1994 1276 2046 et,
1300 2006 1352 2032 ne
1376 1992 1538 2046 fierent,
1558 2009 1592 2034 30
1646 2037 1649 2039 μ

204 2053 464 2094 contenderit
498 2055 549 2106 et,
586 2052 695 2092 facta
726 2066 778 2092 ne
809 2051 981 2105 videret,
1012 2051 1144 2091 vitam
1174 2049 1404 2103 reliquerit.
1455 2049 1540 2090 Ho-

203 2126 299 2152 rum
344 2111 444 2164 quid
482 2114 564 2166 est,
609 2110 719 2164 quod
760 2109 909 2150 Aledio
950 2109 1129 2163 probare
1167 2109 1408 2162 possimus?
1460 2107 1541 2149 Sed

205 2184 324 2224 cura,
370 2170 560 2222 obsecro,
605 2172 652 2209 ut
696 2168 852 2222 valeas,
896 2182 1087 2222 eamque,
1131 2182 1257 2220 quam
1302 2167 1354 2207 ad
1398 2180 1540 2207 omnes

205 2242 271 2267 res
305 2227 488 2281 adhibes,
516 2228 560 2268 in
591 2227 738 2281 primis
771 2227 822 2267 ad
854 2225 1228 2267 convalescendum
1260 2225 1412 2266 adhibe
1444 2240 1539 2279 pru—

208 2286 402 2326 dentiam.
1559 2300 1592 2325 35

1642 2306 1649 2446 -.--..-.2..0v
1642 2244 1648 2291 2--
1644 2223 1646 2226 -
1645 2186 1649 2207 <N
