1665 2553
286 89 625 125 EPISTULARUM
650 89 714 123 AD
740 88 955 123 ATTICUM
980 88 1064 121 XIII
1093 91 1241 122 19—21.
1354 87 1438 128 407

107 189 195 228 stra
227 186 444 227 existimas
476 185 578 226 11360
609 184 655 224 111
685 184 880 225 manibus
912 182 1096 224 habere?
1139 184 1368 236 Δεὸῆχθαι
1400 185 1442 223 te

106 245 279 298 nollem,
321 244 433 298 quod
474 243 582 284 nihil
619 245 718 284 erat.
780 242 920 283 Redeo
958 242 1069 283 enim
1106 256 1253 282 rursus
1287 241 1441 282 eodem.

108 303 392 357 Quicquamne
430 317 496 344 me
527 304 651 356 putas
684 316 828 342 curare
859 301 888 355 †
908 301 953 341 in
983 303 1089 353 toto,
1128 300 1213 341 nisi
1243 303 1291 340 ut
1324 300 1361 340 ei
1390 314 1443 340 ne

109 362 266 403 desim?
298 361 346 402 Id
372 375 450 416 ago
479 361 648 415 scilicet,
667 362 715 400 ut
741 359 894 400 iudicia
912 359 1053 400 videar
1072 361 1225 400 tenere.
1247 358 1339 412 ἽἉὴ
1360 359 1441 413 γὰρ

73 438 88 463 5
109 421 256 470 αὐτοῖς
290 420 372 461 —’.
405 419 570 460 Vellem
607 422 695 459 tam
727 418 957 459 domestica
987 418 1095 459 ferre
1121 432 1290 471 possem
1317 432 1443 471 quam

108 480 190 520 ista
231 482 507 520 contemnere.
575 477 706 518 Putas
751 480 892 518 autem
935 491 1001 517 me
1044 476 1228 517 voluisse
1273 475 1444 530 aliquid,

109 538 221 592 quod
252 538 485 591 perfectum
512 551 599 577 non
626 536 709 577 sit‘?
759 535 858 577 Non
882 536 980 576 licet
1008 535 1165 576 scilicet
1192 535 1444 576 sententiam

110 612 237 637 suam.
302 594 382 637 Sed
413 599 571 648 tamen,
613 609 718 648 quae
751 597 842 635 tum
875 597 967 635 acta
1000 596 1117 649 sunt,
1154 608 1241 634 non
1271 607 1445 647 possum

108 670 194 696 non
226 655 404 709 probare
436 657 476 695 et
510 657 652 694 tamen
676 668 761 693 non
788 668 932 694 curare
958 652 1130 706 pulchre
1156 667 1340 706 possum,
1372 651 1445 692 sic-

56 731 89 755 10
109 714 172 754 uti
205 714 323 754 facio.
387 712 467 754 Sed
498 713 677 753 nimium
708 711 843 752 multa
874 712 923 752 de
953 711 1089 766 nugis.

723 816 832 857 XXI.

379 897 453 932 Ser.
474 897 631 932 Asturae
655 897 720 931 IV
742 897 789 931 K.
812 897 905 931 Sext.
928 908 960 931 α.
984 899 1055 931 709
1083 898 1173 940 (45).

511 978 700 1013 CICERO
725 978 916 1013 ATTICO
942 978 1050 1013 SAL.

198 1051 265 1093 Ad
314 1051 505 1092 Hirtium
561 1050 754 1091 dederam
809 1050 1035 1104 epistulam
1084 1064 1183 1091 sane
1233 1048 1447 1103 grandem,
1474 1069 1491 1098 1

58 1129 90 1153 15
113 1125 238 1164 quam
272 1110 520 1163 scripseram
551 1109 741 1163 proxime
773 1109 819 1149 in
849 1108 1098 1149 Tusculano.
1160 1107 1290 1161 Huic,
1322 1121 1448 1160 quam

111 1172 158 1209 tu
203 1168 308 1210 mihi
354 1168 529 1223 misisti,
573 1167 802 1208 rescribam
846 1167 960 1208 alias.
1028 1162 1153 1208 Nunc
1200 1166 1282 1207 alia
1324 1165 1446 1206 malo.

112 1227 219 1275 Quid
259 1241 434 1280 possum
471 1226 519 1267 de
558 1225 792 1281 Torquato,
824 1226 907 1266 nisi
945 1225 1104 1279 aliquid
1142 1240 1165 1266 a
1196 1224 1447 1265 Dolabella?

112 1285 232 1334 Quod
270 1285 396 1326 simul
437 1299 501 1339 30,
537 1285 737 1325 continuo
771 1284 922 1325 scietis,
984 1283 1294 1338 Exspectabam
1323 1282 1448 1323 hodie

115 1347 187 1385 aut
221 1359 432 1384 summum
463 1358 553 1384 cras
587 1344 638 1384 ab
671 1358 718 1384 eo
751 1343 1017 1397 tabellarios3
1050 1343 1120 1396 qui
1155 1342 1281 1383 simul
1313 1356 1359 1382 ac
1384 1356 1449 1381 ve-

61 1420 94 1444 20
112 1403 265 1456 nei-int,
302 1403 527 1443 mittentur
568 1402 619 1442 ad
656 1404 708 1442 te.
776 1400 816 1442 A
857 1401 1013 1450 Quinto
1053 1403 1259 1455 exspecto.
1320 1399 1450 1440 Profi-

115 1461 273 1502 ciscens
312 1461 423 1501 enim
461 1475 482 1501 e
513 1460 751 1501 Tusculano
789 1472 871 1500 V111
908 1459 1012 1513 Kal,
1053 1462 1101 1500 ut
1139 1459 1237 1514 scis,
1276 1458 1372 1499 misi
1399 1457 1451 1498 ad

114 1534 209 1560 eum
239 1518 494 1560 tabellarios.

202 1577 345 1631 Nunc,
387 1577 437 1617 ad
478 1591 566 1617 rem
604 1580 652 1616 ut
690 1576 874 1630 redeam,
918 1575 1139 1616 ‘inhibere'
1173 1575 1279 1616 illud
1317 1577 1450 1629 tuum,
1478 1596 1497 1625 3

116 1636 228 1690 quod
259 1635 378 1676 valde
410 1635 515 1675 mihi
548 1634 769 1689 adriserat‚
805 1634 1074 1676 vehementer
1105 1634 1309 1687 displicet.
1371 1632 1452 1672 Est

64 1712 96 1736 25
119 1695 229 1735 enim
260 1694 437 1735 verbum
468 1696 608 1733 totum
639 1693 866 1733 nauticum.
917 1692 1181 1746 Quamquam
1211 1692 1254 1732 id
1286 1691 1453 1744 quidem

119 1753 312 1806 sciebam,
352 1752 423 1792 sed
455 1751 693 1792 arbitrabar
725 1751 924 1792 sustineri
955 1765 1105 1804 remos,
1137 1765 1231 1791 cum
1262 1749 1454 1790 inhibere

119 1814 259 1852 essent
299 1811 480 1864 remiges
521 1810 636 1850 iussi.
699 1808 747 1850 Id
786 1824 872 1850 non
913 1824 1002 1850 esse
1044 1809 1132 1849 eius
1176 1808 1291 1849 modi
1330 1807 1456 1847 didici

117 1869 222 1924 heri,
253 1883 348 1910 cum
379 1869 431 1909 ad
461 1868 606 1909 villam
635 1871 826 1909 nostram
857 1868 976 1908 navis
1009 1867 1301 1921 appelleretur.
1357 1864 1458 1905 Non

120 1928 231 1968 enim
263 1927 485 1980 sustinent,
517 1926 587 1967 sed
620 1927 702 1967 alio
735 1927 860 1966 modo
893 1926 1114 1980 remigant.
1165 1924 1214 1966 Id
1243 1924 1295 1965 ab
1324 1923 1456 1978 ἐποχῇ

67 2003 100 2028 30
120 1986 464 2026 remotissumum
503 1988 576 2025 est.
640 1984 775 2032 Quare
816 1985 960 2038 facies,
998 1988 1046 2024 ut
1079 1984 1138 2024 ita
1172 1984 1227 2024 sit
1258 1983 1303 2023 in
1333 1982 1456 2036 libro,

121 2058 246 2097 quem
286 2044 337 2084 ad
376 2043 547 2084 modum
590 2043 683 2084 fuit.
746 2042 869 2083 Dices
911 2043 991 2083 1100
1032 2042 1142 2083 idem
1179 2041 1381 2094 Varroni,
1421 2040 1457 2080 si

120 2102 230 2143 forte
273 2102 464 2142 mutavit.
532 2101 622 2142 Nec
665 2104 730 2142 est
773 2101 924 2142 melius
969 2101 1195 2154 quicquam
1240 2113 1366 2153 quam
1409 2101 1457 2138 ut

120 2160 324 2201 Lucilius:

1473 1244 1492 1273 [Φ

152 2228 448 2270 eSustineas
487 2243 683 2270 currum
721 2232 774 2270 ut
810 2229 971 2269 bonus
1011 2243 1156 2282 saepe
1195 2227 1422 2282 agitator

67 2305 100 2330 35
657 2287 939 2340 equosque.'
