1665 2553
348 69 687 104 EPISTULARUM
711 69 775 104 AD
801 69 1015 105 ATTICUM
1039 70 1056 104 I
1083 74 1137 115 16,
1165 74 1219 105 17.
1400 72 1456 112 25

208 165 542 220 Epigrammatis
587 166 692 220 tuis,
741 179 847 220 quae
896 165 941 206 in
982 164 1210 206 Amaltheo
1259 166 1457 221 posuisti,

121 224 309 265 contenti
341 224 514 278 erimus,
546 224 795 278 praesertim
826 238 921 265 cum
954 226 995 265 et
1026 224 1222 278 Thyillus
1253 238 1332 266 nos
1364 225 1457 266 reli-

122 283 278 337 querit,
315 285 356 323 et
386 282 565 324 Archias
597 283 706 323 nihil
737 283 786 324 de
816 297 882 324 me
915 283 1142 337 scripserit.
1203 282 1267 324 Ac
1298 297 1457 338 vereor,

120 356 191 396 ne,
226 340 414 382 Lucullis
447 342 649 395 quoniam
680 340 887 383 Graecum
918 345 1069 396 poe‘ma
1100 342 1306 397 condidit,
1346 356 1457 383 nunc

86 416 101 442 5
122 400 173 441 ad
205 398 483 441 Caecilianam
515 400 703 441 fabulam
734 403 903 454 spectet.
957 400 1147 441 Antonio
1179 403 1254 442 tuo
1285 400 1456 441 nomine

121 459 280 514 gratias
312 459 379 513 egi
411 473 586 513 eamque
613 459 839 513 epistulam
863 459 1010 500 Mallio
1038 459 1141 500 dedi.
1191 458 1259 500 Ad
1289 461 1332 500 te
1363 459 1456 500 ideo

122 520 244 558 antea
275 518 411 558 rarius
445 518 612 572 scripsi,
645 518 757 572 quod
786 532 873 559 non
902 518 1111 559 habebam
1142 518 1358 573 idoneum,
1390 518 1457 558 cui

121 575 275 632 darem,
304 590 380 617 nec
412 576 516 617 satis
544 576 738 632 sciebam,
770 591 851 631 quo
886 577 1037 618 darem.
1087 576 1222 617 Valde
1250 579 1292 617 te
1318 576 1457 617 vendi-

120 635 217 676 tavi.
293 633 463 675 Cincius
509 635 545 675 si
590 635 690 689 quid
734 635 785 676 ad
827 649 893 676 me
933 635 998 676 tui
1039 635 1203 690 negotii
1246 635 1456 689 detulerit,

67 711 101 736 10
121 693 364 747 suscipiam,
403 693 474 734 sed
509 708 622 734 nunc
658 694 792 748 magis
834 694 879 734 in
916 708 991 735 suo
1030 697 1094 735 est
1129 696 1375 748 occupatus,
1413 694 1458 733 in

121 766 203 806 quo
237 766 314 807 ego
348 752 384 792 ei
415 766 501 792 non
530 752 685 793 desum.
736 752 811 806 Tu,
844 752 879 793 si
905 767 989 793 uno
1015 752 1061 793 in
1083 752 1178 794 loco
1205 767 1248 793 es
1274 752 1458 807 futurus,

121 810 289 851 crebras
331 825 354 851 a
393 811 518 851 nobis
559 810 725 851 litteras
770 814 981 865 exspecta,
1033 813 1099 852 ast
1142 811 1285 864 plures
1329 811 1458 851 etiam

120 869 210 922 ipse
248 869 423 910 mittito.
490 868 630 909 Velim
668 869 720 909 ad
755 884 822 910 1116
866 870 1044 924 scribas,
1088 870 1206 910 cuius
1250 869 1365 910 modi
1402 870 1457 909 sit

117 926 378 982 Ἀμαλθεῖον
403 929 538 982 tuum,
564 941 646 981 quo
675 930 839 982 ornatu,
872 943 954 982 qua
979 930 1232 982 τοποθεσίᾳ,
1266 930 1320 982 et,
1351 942 1457 982 quae

1485 177 1530 209 15

1485 413 1528 443 16

1485 647 1527 678 17

1486 880 1529 910 18

67 1002 100 1027 15
119 988 315 1039 poemata
347 1000 536 1039 quasque
566 985 769 1026 historias
801 986 850 1026 de
879 985 1116 1042 Ἀμαλθείᾳ
1139 986 1284 1039 habes,
1316 986 1368 1026 ad
1392 1001 1458 1026 me
1485 1005 1493 1008 -

119 1045 277 1085 mittas.
351 1042 490 1083 Lubet
538 1043 645 1083 mihi
686 1044 822 1084 facere
873 1044 918 1084 in
960 1044 1171 1097 Arpinati.
1238 1044 1332 1098 Ego
1377 1044 1459 1084 tibi

120 1102 280 1155 aliquid
317 1101 366 1142 de
403 1101 508 1142 meis
542 1100 712 1154 scriptis
742 1102 923 1142 mittam.
985 1101 1108 1143 Nihil
1139 1105 1228 1143 erat
1261 1102 1458 1143 absoluti.

724 1216 858 1258 XVII.

413 1296 487 1331 Ser.
514 1296 651 1331 Romae
676 1297 773 1331 Non.
800 1298 885 1332 Dec.
913 1309 946 1331 (ι.
975 1299 1046 1331 693
1073 1300 1162 1340 (61).

67 1388 99 1411 20
544 1377 712 1412 CICERO
738 1377 912 1412 ATTICO
940 1377 1037 1413 SAL.

208 1449 364 1503 Magna
406 1449 512 1489 mihi
555 1449 736 1490 varietas
785 1450 1019 1490 voluntatis
1064 1453 1106 1490 et
1156 1450 1458 1492 dissimilitudo

122 1507 334 1562 opinionis
366 1522 412 1548 ac
437 1507 581 1548 iudicii
607 1507 754 1556 Quinti
784 1509 929 1549 fratris
961 1508 1044 1549 mei
1075 1508 1363 1550 demonstrata
1395 1513 1460 1550 est

122 1581 172 1607 ex
215 1566 370 1606 litteris
408 1566 513 1620 tuis,
555 1566 600 1606 in
638 1567 791 1620 quibus
829 1567 879 1607 ad
922 1581 989 1607 1116
1027 1567 1306 1620 epistularum
1342 1568 1458 1608 illius

122 1625 312 1678 exempla
348 1624 515 1665 misisti.
583 1623 674 1673 Qua
714 1639 765 1665 ex
805 1639 848 1665 re
890 1628 930 1665 et
970 1625 1166 1666 molestia
1207 1640 1302 1666 sum
1338 1628 1461 1666 tanta

69 1701 102 1726 25
122 1683 328 1738 adfectus,
382 1685 584 1736 quantam
632 1683 738 1723 mihi
786 1698 903 1723 meus
954 1697 1071 1723 amor
1121 1698 1309 1724 summus
1360 1698 1459 1737 erga

121 1744 349 1795 utrumque
373 1744 562 1782 vestrum
587 1741 746 1782 adferre
773 1741 930 1795 debuit,
961 1744 1001 1781 et
1028 1741 1316 1796 admiratione,
1343 1742 1459 1796 quid-

121 1814 220 1840 nam
258 1800 496 1854 accidisset,
534 1799 645 1853 quod
683 1800 865 1840 adferret
897 1799 1054 1847 Quinto
1092 1800 1215 1841 fratri
1254 1814 1348 1840 meo
1388 1804 1461 1840 aut

124 1858 397 1899 offensionem
440 1861 528 1898 tam
565 1871 737 1912 gravem
774 1861 847 1898 aut
885 1858 1259 1899 commutationem
1296 1861 1460 1899 tantam

123 1917 369 1957 voluntatis.
417 1915 560 1970 Atque
588 1916 694 1957 illud
726 1931 749 1957 a
778 1931 844 1957 me
875 1917 960 1957 iam
992 1919 1088 1957 ante
1119 1916 1462 1971 intellegebatur,

71 1992 105 2017 30
126 1975 238 2028 quod
273 1977 315 2016 te
354 1989 520 2029 quoque
557 1975 698 2029 ipsum
729 1974 1010 2016 discedentem
1043 1990 1066 2015 a
1095 1975 1219 2015 nobis
1253 1975 1459 2028 suspicari

124 2032 336 2087 videbam,
379 2033 550 2074 subesse
587 2033 727 2074 nescio
773 2033 873 2087 quid
918 2033 1129 2087 opinionis
1170 2033 1460 2074 incommodae

126 2091 396 2145 sauciumque
439 2106 528 2132 6556
566 2092 654 2132 61115
694 2091 879 2132 animum
926 2094 967 2132 et
1009 2091 1213 2132 insedisse
1257 2092 1460 2146 quasdam

127 2149 292 2190 odiosas
323 2150 592 2203 suspiciones.
649 2149 810 2199 Quibus
843 2163 919 2204 ego
952 2149 1109 2190 mederi
1140 2164 1235 2191 cum
1265 2164 1460 2204 cuperem

126 2210 250 2248 antea
293 2221 415 2261 saepe
458 2211 499 2249 et
541 2208 830 2249 vehementius
878 2207 1006 2248 etiam
1048 2210 1146 2262 post
1190 2209 1459 2250 sortitionem

73 2281 106 2308 35
126 2265 378 2321 provinciae,
405 2280 480 2306 nec
504 2268 671 2307 tantum
696 2266 996 2320 intellegebam
1022 2267 1059 2307 ei
1085 2281 1174 2307 esse
1201 2266 1462 2323 offensionis,
