1665 2553
277 100 617 135 EPISTULARUM
642 100 705 134 AD
732 99 945 135 ATTICUM
970 100 1002 134 II
1030 103 1177 134 16-18.
1342 100 1395 141 61

60 200 214 251 trema,
250 198 393 236 tamen
430 198 541 237 esset
577 195 757 236 nimium
794 195 915 249 mali,
955 195 1026 236 sed
1064 210 1110 237 ea
1147 197 1300 236 natura
1337 195 1399 236 rei

62 258 145 310 est,
181 257 228 295 ut
258 254 361 295 haec
393 257 579 295 extrema
618 268 707 295 esse
743 268 831 295 non
870 254 1048 308 possint.
1111 254 1219 303 Quid
1257 254 1398 295 enim‘?

63 328 134 356 eos
171 313 274 354 11366
310 313 402 366 ipsa
439 327 513 367 per
551 327 594 354 se
632 312 837 353 delectare
877 312 1086 366 possunt?
1154 312 1399 366 Numquam

62 372 145 413 huc
181 372 414 426 venissent,
449 371 534 412 nisi
573 371 624 412 ad
657 371 759 412 alias
791 385 857 412 res
888 371 1111 425 pestiferas
1145 371 1283 412 aditus
1317 370 1399 411 sibi

27 447 45 473 5
65 433 367 484 compararent.
440 429 618 484 Verum,
661 432 709 470 ut
757 430 923 485 scribis,
968 429 1070 471 haec
1113 430 1158 470 in
1200 428 1400 483 Arpinati

64 505 98 531 3.
140 489 176 529 d.
215 501 262 530 VI
304 489 468 530 circiter
512 488 610 528 Idus
648 487 782 529 Maias
825 502 912 529 non
954 488 1220 543 deflebimus,
1262 502 1314 528 ne
1358 490 1400 528 et

67 562 193 602 opera
230 550 271 588 et
310 547 449 588 oleum
485 546 743 601 philologiae
773 549 945 587 nostrae
975 547 1166 602 perierit3
1204 547 1275 588 sed
1306 561 1401 588 con·

66 607 248 648 feremus
273 605 506 659 tranquillo
534 606 686 646 animo.
735 604 791 646 Di
816 605 1078 646 immortales
1109 607 1287 660 †neque
1312 607 1402 646 tam

66 678 133 706 me
170 664 419 706 εὐελπιστία
454 664 696 704 601180131111·
734 666 782 704 111
820 667 942 705 311183
980 679 1106 718 quam
1148 664 1401 718 ἀδιαφορία,

13 740 49 764 10
69 738 151 777 qua
169 723 287 764 nulla
312 723 358 763 in
382 737 427 764 re
452 725 540 763 tam
566 725 664 763 utor
691 737 817 776 quam
842 722 887 763 in
911 722 990 763 hac
1016 723 1130 763 civili
1155 726 1196 764 et
1222 723 1402 776 publica.

69 781 179 830 Quin
217 781 363 835 etiam,
400 781 511 834 quod
549 784 613 821 est
645 781 849 821 subinane
881 781 925 821 in
955 781 1079 822 nobis
1113 784 1155 822 et
1186 795 1272 822 non
1304 780 1404 835 ἀφι-

69 839 253 889 λόδοξον
279 838 457 895 (bellum
483 842 547 880 est
573 840 684 879 enim
711 854 785 880 sua
814 840 919 880 vitia
948 838 1107 895 110886),
1138 840 1180 880 id
1212 839 1405 880 adficitur

71 898 252 952 quadam
290 898 577 939 delectatione.
647 896 820 938 Solebat
858 898 970 939 enim
1008 913 1075 939 me
1111 912 1316 953 pungere,
1352 912 1405 938 118

71 956 394 1010 Sampsicerami
431 956 582 997 merita
618 956 664 996 in
700 957 883 1010 patriam
921 957 971 998 ad
1016 971 1147 998 annos
1193 958 1406 997 sescentos

18 1030 51 1056 15
71 1016 231 1056 maiora
273 1015 514 1056 viderentur
556 1029 683 1068 quam
724 1018 882 1055 nostra.
956 1014 1047 1056 Hac
1097 1015 1263 1069 quidem
1309 1029 1407 1055 cura

70 1077 182 1115 certe
212 1073 296 1114 iam
326 1087 482 1114 vacuus
515 1087 625 1127 sum,
656 1073 763 1114 iacet
795 1073 907 1114 enim
938 1074 1010 1114 ille
1040 1074 1111 1129 816,
1142 1076 1190 1114 111
1215 1073 1405 1127 †phocis

71 1131 255 1173 Curiana
293 1134 405 1172 stare
441 1131 644 1172 videatur.
707 1131 787 1172 Sed
820 1132 923 1173 haec
954 1131 1106 1173 coram.
1169 1132 1234 1172 Tu
1264 1135 1409 1172 tamen

71 1190 225 1231 videris
256 1190 363 1231 mihi
393 1189 552 1231 Romae
583 1190 674 1231 fore
705 1190 757 1231 ad
787 1193 983 1231 nostrum
1016 1191 1260 1244 adventum,
1296 1189 1409 1244 quod

75 1263 173 1290 sane
203 1249 326 1289 facile
356 1249 505 1302 patiar,
538 1249 574 1289 si
602 1252 676 1289 tuo
703 1249 923 1290 commodo
949 1249 1040 1289 fieri
1067 1249 1220 1303 possit3
1252 1248 1330 1302 sin,
1361 1251 1409 1288 ut

21 1324 55 1348 20
76 1307 242 1361 scribis,
290 1307 351 1347 ita
397 1307 557 1362 venies,
605 1307 732 1348 velim
782 1322 833 1347 ex
881 1307 1138 1361 Theophane
1188 1307 1411 1361 expiscere,

75 1380 259 1420 quonam
289 1365 335 1406 111
365 1380 431 1406 1116
464 1365 603 1406 31111110
631 1366 688 1406 811
713 1364 988 1406 Arabarches.
1040 1365 1222 1414 Quaeres
1251 1365 1410 1406 scilicet

74 1425 181 1465 κατὰ
212 1424 259 1465 τὸ
292 1424 581 1477 κηδεμονικὸν
613 1427 655 1465 et
687 1424 737 1464 ad
768 1438 835 1465 me
866 1424 919 1465 ab
951 1439 1000 1465 eo
1034 1424 1155 1478 quasi
1184 1425 1411 1477 ὑποθήκας

76 1482 248 1536 adferes,
281 1496 404 1535 quem
437 1482 487 1522 ad
518 1482 690 1523 modum
721 1497 788 1523 me
819 1496 973 1537 geram.
1032 1483 1207 1536 Aliquid
1239 1497 1289 1524 ex
1321 1482 1410 1523 eius

78 1554 269 1581 sermone
300 1540 534 1594 poterimus
566 1539 665 1595 περὶ
697 1549 785 1582 τῶν
818 1542 933 1582 ὅλων
966 1541 1182 1595 suspicari.

26 1684 59 1709 25
660 1656 819 1698 XVIII.

237 1736 310 1772 Scr.
338 1738 472 1772 Romae
497 1748 540 1770 m.
567 1738 651 1771 Iun.
679 1742 743 1772 aut
767 1738 817 1771 in.
849 1737 971 1782 Quint.
1000 1750 1032 1771 a.
1061 1740 1132 1772 695
1159 1740 1250 1781 (59).

502 1817 668 1852 CICERO
695 1818 868 1852 ATTICO
896 1818 993 1852 SAL.

168 1887 321 1943 Accepi
359 1890 521 1944 aliquot
553 1890 756 1943 epistulas
789 1893 902 1944 tuas,
944 1904 994 1931 ex
1027 1890 1180 1943 quibus
1212 1889 1416 1943 intellexi,

84 1960 209 2000 quam
247 1962 448 2002 suspenso
488 1948 628 1989 animo
667 1951 708 1988 et
747 1948 929 1989 sollicito
970 1948 1074 1989 scire
1114 1962 1274 2002 averes,
1316 1948 1417 2001 quid

31 2021 65 2046 30
84 2007 194 2045 esset
229 2007 337 2046 novi.
399 2007 605 2048 Tenemur
636 2006 821 2060 undique
852 2021 986 2060 neque
1020 2007 1120 2060 iam,
1160 2020 1242 2060 quo
1275 2006 1416 2046 minus

84 2063 327 2118 serviamus,
358 2080 612 2120 recusamus,
644 2065 715 2105 sed
746 2067 927 2106 mortem
954 2068 995 2105 et
1022 2065 1272 2105 eiectionem
1299 2065 1418 2118 quasi

84 2121 244 2161 maiora
274 2122 482 2178 timemus,
515 2138 620 2177 quae
651 2123 787 2164 multo
822 2126 921 2164 sunt
954 2123 1130 2163 minora.
1184 2122 1326 2176 Atque
1350 2122 1419 2163 hic

86 2182 235 2233 status,
268 2180 339 2232 qui
369 2195 477 2223 mmo
501 2186 566 2232 est,
598 2197 681 2222 una
712 2196 813 2223 voce
845 2182 1037 2222 omnium
1069 2181 1253 2235 gemitur
1284 2196 1420 2235 neque

86 2237 213 2277 verbo
246 2238 493 2292 cuiusquam
519 2240 775 2281 sublevatur.
823 2241 998 2288 Σκοπὸς
1030 2243 1105 2293 681,
1138 2242 1185 2280 111
1217 2239 1420 2294 suspicor,

35 2309 68 2335 35
86 2294 188 2350 illis,
233 2296 306 2349 qui
350 2299 512 2353 tenent,
553 2298 712 2339 nullam
754 2298 950 2352 cuiquam
988 2298 1259 2352 largitionem
1295 2298 1421 2339 relin—
