1665 2553
161 1196 181 1225 [Ο

206 70 294 111 460
634 70 682 105 Μ.
709 70 850 105 TULLI
876 70 1127 105 CICERONIS

207 166 414 221 volemus,
457 166 579 207 facile
624 166 874 207 auferemus.
944 165 1177 220 Exspecto,
1221 166 1274 221 si,
1317 168 1365 207 ut
1408 168 1546 220 putas,

208 224 252 265 L.
284 224 499 266 Antonius
537 225 739 279 produxit
772 223 1013 280 Octavium,
1054 225 1192 278 qualis
1233 225 1374 266 contio
1406 225 1544 265 fuerit.

295 283 409 324 Haec
436 283 586 337 scripsi
611 284 775 336 raptim.
821 281 975 324 Statim
1002 283 1114 324 enim
1140 282 1261 325 Cassi
1287 283 1544 324 tabellarius.

207 342 338 383 Eram
375 342 576 383 continuo
614 342 769 383 Piliam
807 342 1088 398 salutaturus,
1124 342 1272 383 deinde
1313 342 1364 383 ad
1400 341 1545 396 epulas

207 400 380 442 Vestori
410 400 614 441 navicula.
676 400 844 441 Atticae
875 400 1101 455 plurimam
1133 401 1322 442 salutem.
1565 416 1581 442 5

894 563 1003 605 XXI.

436 656 510 691 Ser.
532 657 571 690 in
598 656 799 690 Puteolano
831 656 865 690 V
886 657 943 691 Id.
966 656 1061 690 Mai.
1083 668 1114 690 a.
1140 658 1208 690 710
1235 658 1324 699 (44).

670 750 860 784 CICERO
885 749 1085 784 ATTICO.

298 832 405 874 Cum
449 834 575 887 paulo
619 836 716 874 ante
754 833 960 873 dedissem
999 833 1050 873 ad
1087 835 1129 873 te
1167 831 1288 873 Cassi
1325 832 1544 873 tabellario

209 893 392 946 litteras,
434 905 463 933 V
507 891 606 933 Idus
651 892 768 933 venit
810 895 957 932 noster
1000 891 1246 932 tabellarius
1286 893 1327 932 et
1366 891 1545 945 quidem,
1567 910 1599 934 10

209 951 397 1004 portenti
439 952 594 1005 simile,
638 951 726 992 sine
767 951 853 991 tuis
897 950 1064 991 litteris.
1134 948 1215 990 Sed
1259 950 1342 991 cito
1387 950 1544 990 conieci

209 1009 373 1050 Lanuvi
415 1013 458 1050 te
495 1010 636 1050 fuisse.
698 1009 809 1050 Eros
848 1012 988 1050 autem
1025 1009 1263 1063 festinavit,
1306 1011 1354 1049 ut
1392 1008 1442 1049 ad
1479 1023 1544 1049 me

208 1069 376 1109 litterae
408 1068 655 1109 Dolabellae
693 1068 979 1122 perferrentur
1015 1082 1102 1108 non
1139 1067 1188 1107 de
1226 1082 1270 1107 re
1302 1081 1394 1107 mea
1425 1066 1545 1122 (non-

210 1127 309 1167 dum
341 1127 452 1167 enim
483 1142 597 1167 meas
631 1127 878 1183 acceperat),
909 1126 980 1167 sed
1010 1125 1228 1180 rescripsit
1257 1125 1308 1166 ad
1327 1140 1416 1181 eas,
1447 1140 1545 1179 qua—

208 1200 303 1225 rum
335 1186 572 1239 exemplum
603 1186 685 1226 tibi
716 1185 926 1239 miseram,
967 1199 1066 1225 sane
1096 1184 1319 1225 luculente.
1381 1183 1447 1224 Ad
1479 1199 1544 1224 me
1565 1202 1597 1227 15

209 1247 364 1297 autem,
400 1258 494 1284 cum
527 1243 646 1284 Cassi
676 1243 946 1284 tabellarium
978 1243 1241 1296 dimisissem,
1274 1242 1420 1282 statim
1451 1242 1543 1282 Bal-

208 1303 298 1343 bus.
344 1301 377 1342 O
405 1302 471 1343 dei
497 1302 612 1355 boni,
632 1317 758 1356 quam
785 1302 907 1342 facile
932 1301 1190 1355 perspiceres
1217 1301 1365 1341 timere
1391 1301 1543 1342 otium!

208 1360 267 1401 Et
299 1361 414 1401 nosti
445 1361 597 1415 virum,
628 1375 755 1414 quam
786 1363 937 1401 tectus.
988 1359 1069 1401 Sed
1093 1362 1236 1400 tamen
1261 1358 1424 1400 Antoni
1450 1373 1543 1400 con-

209 1419 305 1460 silia
334 1419 553 1473 narrabat,
584 1419 706 1459 illum
738 1419 956 1460 circumire
987 1420 1222 1472 veteranos,
1252 1420 1300 1458 ut
1326 1420 1419 1458 acta
1444 1416 1543 1459 Cae—

209 1478 315 1518 saris
366 1478 577 1518 sancirent
621 1478 745 1531 idque
791 1492 834 1518 se
877 1478 1064 1518 facturos
1109 1491 1198 1517 esse
1241 1477 1446 1530 iurarent,
1495 1479 1542 1516 ut
1564 1495 1597 1518 20

207 1540 345 1577 castra
378 1551 521 1577 omnes
551 1537 769 1591 haberent,
800 1550 931 1590 eaque
964 1535 1174 1576 duumviri
1208 1535 1402 1576 omnibus
1433 1549 1543 1575 men-

208 1595 323 1635 sibus
367 1595 634 1649 inspicerent.
698 1594 880 1643 Questus
925 1597 989 1635 est
1027 1594 1154 1634 etiam
1186 1593 1234 1634 de
1268 1608 1342 1634 sua
1373 1593 1543 1648 invidia,

207 1668 338 1707 eaque
371 1654 508 1694 omnis
541 1654 630 1694 eius
663 1654 799 1694 oratio
831 1652 925 1706 fuit,
966 1655 1013 1693 ut
1046 1667 1185 1693 amare
1216 1652 1428 1693 videretur
1458 1651 1543 1692 An-

206 1712 384 1753 tonium.
430 1712 538 1760 Quid
565 1712 762 1766 quaeris?
804 1711 913 1752 nihil
940 1711 1100 1751 sinceri.
1157 1710 1265 1751 Mihi
1291 1713 1433 1751 autem
1457 1725 1543 1751 non

206 1774 270 1811 est
308 1771 500 1825 dubium,
545 1771 648 1824 quin
686 1785 752 1811 res
792 1772 952 1824 spectet
991 1770 1042 1810 ad
1078 1772 1225 1810 castra.
1286 1769 1394 1809 Acta
1432 1769 1542 1809 enim
1562 1785 1596 1810 25

206 1829 279 1869 illa
316 1844 382 1869 res
422 1832 486 1870 est
518 1830 656 1870 animo
689 1829 822 1883 virili,
861 1828 1037 1869 consilio
1070 1827 1234 1881 puerili.
1297 1826 1399 1875 Quis
1433 1827 1542 1867 enim

204 1887 287 1928 hoc
322 1902 409 1928 non
440 1888 564 1943 vidit,
605 1888 726 1942 regni
756 1887 952 1928 heredem
984 1886 1208 1927 relictum?
1259 1885 1369 1934 Quid
1401 1888 1542 1926 autem

206 1946 461 1986 absurdius?

206 2015 332 2057 ‘Hoc
375 2018 615 2070 metuere,
659 2015 873 2056 alterum
916 2014 966 2055 sn
1008 2018 1142 2056 metu
1184 2028 1281 2055 non
1317 2014 1541 2067 ponere'!

207 2097 318 2145 Quin
344 2098 472 2138 etiam
496 2097 577 2138 hoc
603 2097 696 2151 ipso
723 2099 913 2150 tempore
938 2097 1074 2136 multa
1093 2097 1372 2138 ὑποσόλοικα.
1416 2095 1541 2135 Ponti
1561 2113 1596 2136 30

206 2155 539 2210 Neapolitanum
571 2171 594 2196 a
625 2158 760 2196 matre
792 2154 1090 2208 tyrannoctoni
1121 2153 1344 2208 possideri!
1385 2153 1542 2208 Legen-

208 2214 285 2254 dus
317 2214 423 2255 mihi
449 2214 617 2268 saepius
643 2217 707 2255 est
734 2212 855 2254 ‘Cato
881 2213 1030 2253 maior’
1058 2213 1110 2254 ad
1135 2216 1177 2253 te
1203 2213 1368 2253 missus.
1418 2211 1542 2252 Ama—

207 2272 361 2313 riorem
406 2272 519 2313 enim
562 2287 628 2314 me
673 2274 864 2313 senectus
909 2272 1021 2312 facit.
1094 2270 1345 2312 Stomachor
1390 2271 1540 2311 omnia.
