1665 2553
213 92 297 134 508
634 94 683 128 Μ.
710 94 850 128 TULLI
876 93 1125 129 CICERONIS

214 189 334 230 ὃειον
364 189 471 229 illud
500 203 588 230 non
620 189 788 230 abstuli.
840 188 959 238 Quod
984 203 1051 230 me
1075 189 1261 230 hortaris
1287 190 1338 230 ad
1364 190 1545 232 scriben-

213 247 324 302 dum,
356 248 485 288 amice
517 251 564 288 tu
597 248 779 303 quidem,
810 248 881 288 sed
910 263 977 288 me
1004 248 1109 288 scito
1136 261 1259 302 agere
1284 248 1393 289 nihil
1419 249 1543 291 aliud.

214 304 405 346 Gravedo
437 309 512 347 tua
542 306 647 346 mihi
679 306 858 347 molesta
889 309 962 347 est.
1020 305 1193 359 Quaeso,
1225 306 1387 362 adhibe,
1420 322 1545 361 quam

215 365 323 405 soles
356 364 630 418 diligentiam.
677 364 726 405 ‘O
760 364 868 405 Tite’
901 364 982 405 tibi
1007 365 1205 418 prodesse
1230 365 1374 406 laetor.
1420 366 1543 407 ‘Ana-

213 423 347 476 gnini’
380 426 478 463 sunt
509 422 694 464 Mustela
724 424 952 478 ταξιάρχης
983 426 1024 463 et
1055 423 1178 479 Laco,
1209 424 1282 477 qui
1312 424 1543 478 plurimum
1580 442 1596 468 5

212 481 333 522 bibit.
395 481 583 535 Librum,
615 496 739 535 quem
770 495 909 536 rogas,
938 482 1172 535 perpoliam
1203 485 1244 523 et
1275 483 1455 524 mittam.

301 539 415 580 Haec
452 539 475 565 '¹‘
501 539 524 564 ²³<
550 539 574 565 ‘³‘
612 540 663 580 ad
699 540 986 593 posteriorem.
1049 541 1131 581 ‘Ta
1166 539 1265 595 περὶ
1302 547 1380 583 τοῦ
1411 543 1544 595 καθή-

212 598 394 651 novrog',
439 601 647 652 quatenus
687 598 932 653 Panaetius,
973 599 1136 639 absolvi
1179 599 1354 640 duobus.
1422 599 1542 640 Illius

212 659 298 697 tres
337 660 453 710 sunt,
498 657 588 712 sed,
624 671 719 698 cum
758 657 882 698 initio
922 657 1132 698 divisisset
1163 657 1241 712 ita,
1278 658 1360 698 tria
1391 672 1543 713 genera

213 716 459 769 exquirendi
493 716 619 756 officii
653 730 761 769 esse,
798 731 941 771 unum,
972 730 1065 756 cum
1097 716 1388 771 deliberemus,
1417 716 1544 757 hone·
1564 735 1596 759 10

213 777 326 814 stum
359 789 411 815 an
442 777 566 827 turpe
599 774 672 828 sit,
713 774 905 830 alterum,
942 775 1045 815 utile
1078 789 1131 815 an
1162 774 1325 829 inutile,
1357 775 1544 830 tertium,

211 847 304 873 cum
336 832 438 873 haec
470 833 580 874 inter
611 847 655 873 se
686 847 872 887 pugnare
904 833 1136 887 videantur,
1169 847 1250 886 quo
1282 833 1406 874 modo
1438 833 1543 874 iudi-

211 891 389 932 candum
421 892 488 946 sit,
521 891 658 945 qualis
685 906 809 932 causa
834 891 1000 947 Reguli,
1032 891 1166 932 redire
1191 891 1428 947 honestum,
1459 907 1544 933 ma-

210 964 307 990 nere
344 949 467 1003 utile,
508 950 557 990 de
595 950 759 991 duobus
796 950 944 1004 primis
986 951 1197 1004 praeclare
1235 950 1452 1005 disseruit,
1494 950 1542 991 de

210 1009 338 1049 tertio
376 1008 603 1062 pollicetur
636 1023 679 1049 se
711 1009 918 1063 deinceps,
950 1009 1021 1049 sed
1051 1009 1159 1049 nihil
1191 1009 1369 1062 scripsit.
1430 1009 1542 1049 Eum
1562 1026 1595 1051 15

210 1067 348 1107 locum
380 1067 632 1108 Posidonius
670 1071 913 1120 persecutus
954 1071 1019 1108 est.
1081 1067 1176 1121 Ego
1209 1070 1349 1108 autem
1380 1069 1421 1108 et
1453 1067 1542 1108 eius

211 1125 368 1165 librum
407 1126 606 1166 accersivi
644 1129 685 1166 et
723 1126 775 1166 ad
810 1126 1133 1166 Athenodorum
1165 1124 1343 1166 Calvum
1381 1125 1542 1179 scripsi,

210 1187 258 1224 ut
290 1184 340 1224 ad
375 1199 441 1224 me
466 1186 518 1225 τὰ
543 1185 756 1238 κεφάλαια
782 1185 990 1238 mitteret,
1023 1199 1128 1237 quae
1155 1187 1360 1237 exspecto.
1411 1182 1542 1232 Quem

212 1242 337 1282 velim
375 1242 595 1283 cohortere
634 1245 674 1282 et
712 1257 854 1297 roges,
898 1245 945 1282 ut
987 1257 1113 1295 quam
1150 1243 1344 1295 primum.
1405 1241 1456 1282 In
1494 1256 1541 1282 eo

211 1303 274 1340 est
311 1300 409 1354 περὶ
447 1307 526 1342 τοῦ
562 1302 670 1341 κατὰ
708 1304 963 1355 περίστασιν
999 1302 1279 1353 καθήκοντος.
1342 1299 1461 1348 Quod
1493 1300 1542 1340 de
1562 1318 1596 1341 20

209 1359 485 1412 inscriptione
523 1359 709 1413 quaeris,
745 1374 830 1400 non
871 1359 1038 1413 dubito,
1077 1359 1179 1412 quin
1209 1363 1406 1412 καθῆκον
1438 1359 1542 1399 eoffi-

210 1417 335 1457 cium’
376 1418 449 1471 sit,
491 1418 575 1458 nisi
614 1418 714 1470 quid
751 1420 799 1458 tu
837 1418 967 1471 aliud3
1012 1417 1083 1458 sed
1120 1417 1340 1470 inscriptio
1379 1417 1542 1470 plenior

210 1475 274 1516 ede
307 1475 485 1516 officiis'
548 1479 809 1530 Προσφωνῶ
843 1479 982 1516 autem
1015 1474 1209 1516 Ciceroni
1240 1476 1339 1516 filio.
1390 1474 1542 1516 Visum

211 1537 273 1574 est
303 1549 387 1574 non
421 1535 650 1576 ἀνοίκειον.

296 1592 360 1633 De
391 1592 567 1646 Myrtilo
611 1592 801 1634 dilucide.
865 1591 899 1633 O
944 1592 1088 1646 quales
1129 1595 1177 1633 tu
1215 1606 1378 1645 semper
1415 1592 1541 1633 istos!
1561 1609 1594 1634 25

173 1662 180 1670 ·
230 1652 355 1693 tane?
393 1652 437 1692 in
469 1651 518 1692 D.
551 1651 759 1692 Brutum?
799 1650 855 1691 Di
886 1651 998 1692 istis!
1059 1651 1153 1705 Ego
1187 1665 1266 1705 me,
1296 1653 1343 1690 ut
1371 1650 1542 1703 scripse-

208 1725 319 1765 ram,
368 1710 413 1750 in
463 1709 768 1763 Pompeianum
816 1724 902 1750 non
950 1709 1091 1750 abdidi
1135 1709 1271 1762 primo
1318 1711 1541 1762 tempesta-

208 1769 342 1821 tibus,
384 1768 538 1822 quibus
575 1768 637 1809 nil
675 1768 870 1819 taetrius3
915 1768 1061 1808 deinde
1093 1768 1145 1808 ab
1179 1766 1408 1808 Octaviano
1441 1767 1542 1807 coti-

209 1827 273 1867 die
305 1827 484 1882 litterae,
515 1829 563 1867 ut
594 1827 814 1880 negotium
841 1827 1105 1881 susciperem,
1138 1825 1324 1879 Capuam
1343 1825 1542 1880 venirem,

207 1886 362 1926 iterum
394 1900 483 1926 rem
514 1885 726 1939 publicam
754 1900 976 1938 servarem,
1007 1884 1187 1925 Romam
1212 1884 1359 1937 utique
1385 1883 1539 1924 statim.
1561 1900 1595 1925 30

279 1967 518 2008 ςΑἰδεσθεν
548 1965 628 2021 μὲν
659 1966 921 2020 ἀνήνασθαι,
953 1967 1103 2007 δεῖσαν
1134 1964 1171 2007 δ’
1203 1964 1473 2018 ὑποδε’χθαι.’

208 2059 248 2099 Is
287 2062 428 2100 tamen
466 2060 554 2114 egit
592 2074 689 2100 sane
729 2062 900 2100 strenue
939 2061 980 2099 et
1018 2060 1116 2113 agit.
1178 2058 1358 2099 Romam
1401 2057 1542 2098 veniet

209 2132 303 2158 cum
340 2133 469 2159 manu
506 2132 677 2173 magna,
716 2118 788 2158 sed
825 2120 889 2158 est
926 2117 1049 2170 plane
1086 2131 1199 2170 puer.
1261 2116 1389 2157 Putat
1427 2130 1542 2156 sena-

207 2178 299 2216 tum
342 2177 498 2217 statim.
561 2176 662 2225 Quis
706 2175 874 2217 veniet?
931 2174 975 2215 Si
1013 2175 1191 2231 venerit,
1235 2175 1329 2228 quis
1370 2173 1541 2214 incertis

208 2234 333 2274 rebus
379 2235 561 2276 offendet
601 2234 865 2275 Antonium?
920 2233 1013 2274 Kal.
1045 2233 1211 2274 Iunuar.
1245 2233 1324 2273 erit
1362 2233 1541 2273 fortasse
1560 2247 1594 2273 35

208 2293 430 2347 praesidio,
457 2296 531 2334 aut
558 2293 726 2347 quidem
754 2295 850 2333 ante
872 2291 1196 2346 depugnabitur.
1245 2291 1381 2332 Puero
1408 2290 1542 2330 muni-
