1665 2553
320 81 659 117 EPISTULARUM
683 81 747 115 AD
774 80 988 116 ATTICUM
1013 81 1046 115 Π
1072 85 1127 126 20,
1154 85 1209 117 21.
1380 82 1434 123 67

100 178 172 233 qui
204 177 357 220 Catoni
396 177 497 219 irati
535 177 677 219 omnia
716 176 1011 233 perdiderunt,
1055 177 1126 218 sed
1166 177 1227 218 ita
1271 177 1437 218 lenibus

99 237 163 278 uti
193 237 445 278 videbantur
475 236 661 291 venenis,
691 238 739 276 ut
762 250 887 289 posse
912 235 1151 276 videremur
1177 236 1266 276 sine
1294 236 1438 277 dolore

99 296 290 350 interire3
326 309 440 336 nunc
470 309 568 336 vero
603 294 740 335 sibilis
771 294 904 350 volgi,
945 294 1211 335 sermonibus
1242 294 1438 336 honesto-

99 369 211 409 rum,
249 353 424 395 fremitu
465 352 614 395 Italiae
644 367 792 394 vereor
833 367 885 393 ne
923 353 1166 394 exarserint.
1227 353 1437 407 Equidem

65 430 80 456 5
103 412 339 467 sperabam,
379 414 428 453 ut
469 426 591 466 saepe
631 411 759 452 etiam
796 411 915 465 loqui
954 413 1095 453 tecum
1131 411 1337 467 solebam,
1377 412 1438 453 sic

101 471 244 512 orbem
283 471 345 512 rei
384 470 578 525 publicae
619 484 709 511 esse
749 484 1016 523 conversum,
1053 473 1101 511 ut
1138 471 1210 511 vix
1248 471 1437 511 sonitum

99 530 260 585 audire,
302 529 374 571 vix
417 529 666 583 impressam
710 528 892 569 orbitam
934 528 1075 570 videre
1112 543 1350 583 possemus;
1395 532 1436 571 et

98 588 247 629 fuisset
268 588 340 643 ita,
372 587 408 628 si
427 586 621 628 homines
646 587 875 627 transitum
900 588 1166 641 tempestatis
1193 590 1436 642 exspectare

98 647 348 700 potuissent.
411 645 504 701 Sed,
536 660 631 686 cum
663 645 734 685 diu
768 646 929 686 occulte
962 646 1256 700 suspirassent,
1287 649 1436 700 postea

47 723 80 747 10
99 705 183 745 iam
211 718 389 759 gemere,
415 705 467 745 ad
492 706 725 744 extremum
748 718 848 744 vero
873 704 993 758 loqui
1019 718 1163 746 omnes
1189 707 1231 745 et
1256 705 1435 746 clamare

99 765 337 817 coeperunt.
385 762 534 816 Itaque
561 762 632 803 ille
659 761 817 803 amicus
842 765 987 803 noster
1011 762 1198 804 insolens
1223 763 1436 819 infamiae,

99 836 263 876 semper
293 821 337 862 in
373 821 496 861 laude
527 823 737 876 versatus,
778 820 1070 862 circumfluens
1108 821 1262 877 gloria,
1302 822 1434 863 defor-

98 883 237 921 matus
270 894 456 934 corpore,
486 879 647 920 fractus
674 879 826 934 animo,
858 893 940 933 quo
975 893 1017 920 se
1050 880 1251 935 conferat,
1281 881 1434 935 nescit3

98 952 370 993 progressum
409 937 700 993 praecipitem,
737 938 1047 978 inconstantem
1085 938 1270 979 reditum
1301 939 1432 994 Videt3

48 1015 81 1039 15
101 997 235 1038 bonos
280 996 473 1037 inimicos
515 996 662 1051 habet,
708 996 925 1050 improbos
973 996 1090 1050 ipsos
1132 1011 1219 1037 non
1263 997 1432 1038 amicos.
1486 1004 1493 1008 ’

98 1054 161 1096 Ac
198 1055 293 1096 vide
334 1054 558 1096 mollitiem
595 1054 735 1095 animi.
796 1053 895 1096 Non
931 1055 1050 1095 tenui
1086 1055 1300 1109 lacrimas,
1339 1070 1433 1096 cum

97 1114 219 1154 illum
261 1128 294 1154 a.
328 1113 363 1154 d.
401 1125 484 1154 V111
524 1112 616 1153 Kal.
660 1112 840 1154 Sextiles
879 1113 968 1153 vidi
1011 1113 1060 1153 de
1101 1114 1249 1154 edictis
1289 1114 1433 1154 Bibuli

99 1171 425 1213 contionantem.
465 1170 546 1220 Qui
572 1174 695 1212 antea
721 1171 872 1212 solitus
892 1173 1002 1213 esset
1022 1171 1177 1212 iactare
1204 1186 1247 1213 se
1271 1173 1433 1227 magni—

97 1230 369 1271 ficentissime
407 1229 482 1270 illo
530 1230 575 1270 in
619 1230 713 1270 loco
756 1244 920 1271 summo
962 1243 1057 1270 cum
1097 1245 1238 1271 amore
1272 1231 1432 1285 populi,

45 1306 78 1330 20
99 1289 261 1330 cunctis
293 1288 553 1343 faventibus,
589 1290 637 1328 ut
672 1288 745 1328 ille
782 1291 874 1328 tum
911 1287 1104 1344 humilis,
1141 1291 1188 1329 ut
1225 1289 1432 1330 demissus

98 1349 205 1401 erat,
241 1349 289 1387 ut
319 1347 412 1400 ipse
443 1346 572 1387 etiam
603 1346 701 1400 sibi,
738 1361 824 1387 non
861 1347 913 1387 iis
952 1346 1108 1403 solum,
1144 1347 1217 1401 qui
1250 1348 1433 1403 aderant,

98 1405 364 1458 displicebat!
439 1403 472 1445 Ο
523 1404 809 1459 spectaculum
863 1405 938 1445 uni
987 1403 1138 1446 Crasso
1193 1405 1433 1461 iucundum,

99 1463 249 1504 ceteris
282 1477 367 1503 non
399 1463 517 1504 item!
566 1462 688 1517 Nam,
721 1463 819 1517 quia
851 1463 1061 1504 deciderat
1094 1479 1143 1505 ex
1176 1464 1316 1519 astris,
1347 1465 1432 1518 lap-

100 1536 170 1562 sus
202 1535 328 1575 quam
359 1535 607 1575 progressus
638 1521 782 1575 potius
813 1522 1053 1576 videbatur,
1085 1525 1138 1576 et,
1169 1525 1217 1562 ut
1248 1521 1432 1579 Apelles,

46 1597 78 1623 25
100 1580 136 1620 si
168 1579 395 1634 Venerem,
433 1582 505 1620 aut
534 1578 812 1634 Protogenes,
851 1580 887 1620 si
923 1580 1111 1633 Ialysum
1147 1580 1268 1621 illum
1310 1596 1432 1621 suum

99 1652 225 1679 caeno
259 1638 440 1679 oblitum
470 1637 642 1692 videret,
672 1651 885 1693 magnum,
917 1638 1052 1693 credo,
1083 1638 1286 1690 acciperet
1318 1639 1431 1679 dolo-

97 1711 203 1751 rem,
241 1696 302 1737 sic
333 1709 410 1750 ego
447 1695 560 1737 hunc
591 1697 786 1737 omnibus
826 1712 849 1737 a
879 1710 946 1737 me
977 1697 1139 1750 pictum
1176 1699 1218 1737 et
1248 1697 1430 1751 politum

98 1755 202 1796 artis
243 1755 454 1796 coloribus
503 1755 645 1796 subito
692 1755 971 1795 deformatum
1014 1769 1101 1795 non
1144 1754 1233 1795 sine
1276 1769 1429 1809 magno

101 1813 244 1854 dolore
275 1813 373 1854 vidi.
424 1812 687 1866 Quamquam
718 1827 840 1853 nemo
868 1813 1045 1866 putabat
1069 1815 1243 1866 propter
1268 1811 1432 1854 Clodia-

47 1889 80 1913 30
99 1886 201 1912 num
247 1872 467 1926 negotium
509 1885 575 1912 me
617 1871 681 1912 1111
725 1871 906 1911 amicum
950 1885 1039 1911 esse
1083 1871 1248 1926 debere,
1291 1873 1431 1912 tamen

99 1932 243 1970 tantus
283 1930 367 1970 fuit
408 1944 543 1985 amor,
584 1932 632 1970 ut
673 1929 887 1970 exhauriri
925 1929 1042 1969 nulla
1081 1932 1226 1982 posset
1265 1930 1429 1970 iniuria.

98 1986 247 2041 Itaque
277 1987 547 2029 Archilochia
582 1988 627 2028 in
663 1988 785 2028 inum
822 1987 956 2028 edic-ta
994 1987 1138 2028 Bibuli
1174 1988 1331 2041 populo
1370 1988 1431 2028 ita

100 2048 199 2086 sunt
229 2045 425 2101 iucunda,
466 2049 514 2087 ut
546 2060 640 2087 eum
669 2046 826 2100 locum,
867 2046 940 2086 ubi
977 2049 1292 2101 proponuntur,
1331 2061 1430 2100 prae

98 2103 368 2145 multitudine
412 2119 574 2160 eorum,
621 2105 692 2158 qui
731 2104 898 2159 legunt,
944 2104 1123 2144 transire
1162 2119 1430 2158 nequeamus,

8 2176 10 2178 ’
48 2179 80 2204 35
99 2162 183 2216 ipsi
221 2161 283 2202 ita
326 2163 489 2217 acerba,
530 2166 578 2204 ut
618 2163 806 2204 tabescat
847 2162 1008 2217 dolore,
1047 2161 1153 2202 mihi
1192 2163 1430 2204 mehercule

97 2220 293 2273 molesta,
343 2221 456 2274 quod
495 2224 536 2262 et
575 2236 688 2277 eum,
732 2235 856 2275 quem
903 2234 1067 2274 semper
1115 2220 1259 2276 dilexi,
1302 2222 1429 2263 nimis

100 2279 359 2332 excruciant,
401 2281 442 2319 et
472 2278 618 2334 timeo,
658 2282 746 2320 tam
775 2279 998 2320 vehemens
1030 2279 1094 2320 vir
1134 2281 1304 2334 tamque
1337 2295 1430 2321 acer

1172 2348 1218 2381 o*

1464 365 1483 394 2
