1665 2553
162 2032 180 2061 10

206 111 290 153 268
632 111 680 146 Μ.
708 111 848 145 TULLI
875 110 1123 146 CICERONIS

205 207 283 247 nis.
345 206 593 261 Praestabo,
641 207 676 247 si
720 206 938 248 Caesarem
982 206 1088 246 bene
1127 206 1247 261 novi,
1294 221 1389 248 eum
1429 206 1549 260 prius

207 269 303 306 tuae
348 265 570 320 dignitatis
614 280 740 319 quam
789 279 887 306 suae
934 265 1135 305 utilitatis
1182 265 1389 306 rationem
1432 265 1550 306 habi-

207 327 362 365 turum.

295 382 411 423 Haeo
452 397 579 436 quam
625 382 854 435 prudenter
901 381 981 421 tibi
1029 382 1227 437 scribam,
1269 382 1433 437 neseio7
1477 382 1548 422 sed

208 441 313 482 illud
345 443 455 481 certe
489 441 594 493 seio,
625 455 691 481 me
725 440 776 480 ab
811 439 1017 494 singulari
1050 455 1191 481 amore
1223 455 1269 481 ac
1301 440 1548 482 benevolen-
1586 456 1602 481 5

207 500 280 554 tia,
312 513 601 553 quaecumque
635 499 788 552 scribo,
819 499 899 539 tibi
933 498 1126 553 scribere,
1159 499 1271 552 quod
1303 502 1344 540 te
1377 498 1458 555 (ita
1488 499 1549 540 in-

209 558 365 599 eolumi
399 557 575 598 Caesare
606 557 808 611 moriarl)
841 557 951 598 tanti
982 557 1109 612 facio,
1150 560 1198 598 ut
1229 572 1386 611 paucos
1418 571 1549 611 aeque

208 631 254 657 ae
284 620 326 657 te
359 631 477 657 caros
514 616 705 657 habeam.
768 615 831 656 De
869 615 947 656 hae
984 630 1028 656 re
1067 630 1161 656 cum
1204 616 1363 670 aliquid
1396 616 1550 657 eonsti-

207 676 339 715 tueris
349 710 359 730 ,
409 675 536 715 velim
585 674 693 715 mihi
744 675 914 715 scribas.
983 672 1095 714 Nam
1143 689 1231 715 non
1280 674 1550 716 mediocriter

208 734 366 787 laboro,
399 734 586 788 utrique,
618 736 665 774 ut
698 733 780 787 vis,
814 736 930 773 tuam
964 732 1302 774 benevolentiam
1335 735 1549 786 praestare
1570 749 1604 773 10

205 793 357 848 possis,
389 807 515 845 quam
547 791 785 833 mehercule
819 795 861 832 te
893 794 1208 845 praestaturum
1240 791 1415 832 confido.
1467 790 1550 832 Fac

206 851 356 892 valeas.

859 966 901 1008 C.

512 1048 586 1082 Ser.
613 1048 655 1081 in
680 1048 807 1082 imitere
828 1048 943 1092 paulo
970 1052 1052 1082 (mie
1079 1059 1129 1092 ep.
1159 1047 1235 1082 ΤΒ.

501 1129 687 1164 CAESAR
715 1129 865 1173 OPPIO⁷
894 1128 1133 1164 CORNELIO
1162 1129 1258 1163 SAL.
1572 1135 1606 1160 15

296 1201 466 1242 Gaudeo
511 1201 749 1241 mehercule
792 1215 868 1241 vos
915 1201 1152 1255 significare
1197 1200 1374 1254 litteris,
1424 1214 1550 1253 quam

205 1260 325 1300 valde
366 1260 555 1313 probetis
597 1274 661 1312 ea,
706 1273 811 1313 quae
853 1259 963 1312 apud
1005 1258 1239 1300 Corfinium
1281 1261 1379 1299 sunt
1417 1261 1549 1313 gesta

208 1318 395 1359 (01151110
428 1321 570 1358 vestro
609 1322 706 1358 utar
743 1318 939 1357 lubenter
978 1320 1019 1357 et
1051 1317 1130 1358 hoe
1162 1317 1398 1371 lubentius,
1437 1316 1550 1370 quod

206 1391 298 1417 mea
331 1379 482 1429 sponte
515 1376 651 1417 facere
684 1376 1005 1430 constitueram,
1045 1379 1093 1416 ut
1126 1390 1253 1429 quam
1285 1375 1550 1416 lenissimum

205 1450 271 1476 me
304 1435 547 1489 praeberem
579 1437 620 1475 et
651 1433 902 1488 Pompeium
944 1434 1085 1474 darem
1118 1448 1288 1488 operam
1329 1436 1376 1474 ut
1408 1448 1549 1474 160011-
1569 1450 1605 1474 00

207 1494 402 1534 ciliarem.
466 1492 751 1548 Temptemus,
782 1492 862 1533 hoc
893 1492 1018 1533 modo
1053 1492 1088 1533 si
1114 1493 1327 1546 possimus
1360 1492 1550 1533 omnium

206 1552 447 1593 voluntates
480 1565 724 1605 recuperare
762 1554 805 1592 et
845 1551 1044 1591 diuturna
1076 1551 1253 1592 victoria
1293 1550 1376 1605 uti,
1421 1564 1550 1604 quon-

206 1611 290 1651 iam
331 1610 485 1663 reliqui
517 1610 766 1651 crudelitate
803 1609 946 1650 odium
980 1610 1163 1664 effugere
1200 1624 1287 1650 non
1318 1611 1550 1662 potuerunt

205 1684 341 1723 neque
373 1668 595 1710 victoriam
633 1668 793 1709 diutius
831 1671 973 1709 tenere
1012 1671 1179 1722 praeter
1217 1683 1348 1708 unum
1379 1666 1424 1708 L.
1458 1666 1548 1707 Sul-

206 1728 303 1782 lam,
336 1742 460 1781 quem
492 1728 737 1767 imitaturus
769 1741 855 1767 non
887 1741 990 1767 sum.
1053 1726 1168 1767 Haeo
1209 1740 1319 1767 nova
1351 1725 1407 1766 sit
1438 1725 1547 1765 ratio
1569 1741 1603 1766 25

207 1786 410 1839 vincendi,
443 1788 490 1826 ut
516 1785 804 1826 miselicordia
831 1788 871 1825 et
901 1784 1157 1826 liberalitate
1188 1799 1266 1825 nos
1298 1783 1548 1824 muniamus.

207 1844 256 1885 Id
288 1858 413 1899 quem
446 1844 497 1884 ad
527 1844 701 1885 modum
726 1844 817 1884 fieri
843 1844 993 1898 possit,
1023 1858 1111 1884 non
1135 1843 1253 1897 nulla
1277 1842 1337 1882 mi
1361 1842 1407 1882 in
1437 1855 1549 1882 men-

207 1906 294 1944 tem
325 1903 513 1958 veniunt,
546 1905 587 1943 et
618 1902 753 1943 multa
778 1902 953 1956 r·epe1iri
985 1904 1175 1955 possunt.
1225 1900 1289 1941 De
1321 1900 1388 1941 his
1422 1900 1549 1940 rebus

208 1975 313 2016 rogo
348 1976 423 2002 vos
456 1964 504 2001 ut
536 1961 841 2016 cogitationem
874 1960 1126 2013 suscipiatis

295 2019 348 2060 N.
380 2019 583 2074 Magium,
615 2018 791 2072 Pompei
822 2019 1099 2072 praefectum,
1137 2016 1401 2071 deprehendi.
1465 2014 1549 2057 Sei·
1569 2032 1605 2057 30

208 2078 308 2119 lieet
339 2092 432 2118 meo
465 2078 665 2118 instituto
698 2092 800 2118 usus
840 2091 933 2118 sum
975 2079 1016 2117 et
1055 2091 1150 2117 eum
1188 2075 1334 2116 statim
1372 2075 1550 2115 missum

208 2136 297 2176 feci.
360 2135 450 2177 Iam
482 2136 564 2177 duo
597 2135 799 2189 praefecti
830 2135 998 2176 fabrum
1028 2134 1204 2187 Pompei
1235 2134 1281 2174 in
1311 2147 1448 2174 meam
1479 2147 1550 2186 po-

208 2197 407 2235 testatem
432 2197 639 2235 venerunt
666 2196 707 2235 et
739 2208 763 2233 a
790 2208 857 2234 me
883 2193 1003 2234 missi
1036 2195 1146 2233 sunt.
1199 2192 1244 2233 Si
1269 2191 1414 2233 volent
1439 2189 1550 2245 grati

210 2266 299 2292 esse
307 2286 318 2306 ,
349 2253 561 2293 debebunt
592 2252 840 2305 Pompeium
871 2251 1051 2305 hortari,
1089 2253 1137 2291 ut
1168 2250 1290 2291 malit
1321 2249 1427 2290 mihi
1460 2262 1549 2289 esse

210 2310 368 2350 amicus
403 2325 529 2364 quam
560 2311 631 2364 iis,
673 2310 746 2364 qui
787 2313 829 2350 et
869 2310 933 2350 illi
972 2312 1013 2350 et
1045 2309 1149 2349 mihi
1183 2322 1347 2362 semper
1378 2308 1550 2348 fuerunt
1570 2322 1606 2348 35
