1665 2553
336 72 674 107 EPISTULARUM
700 72 764 107 AD
797 71 1018 107 ATTICUM
1042 72 1110 107 VH
1138 77 1168 116 1,
1195 77 1226 107 2.
1368 73 1450 114 189

741 226 793 269 II.

257 307 331 344 Sor.
352 308 536 343 Brundisi
568 308 602 343 V
622 308 670 343 K.
691 308 790 351 Dee.²
809 312 850 344 ut
873 308 1027 351 videtur,
1053 319 1086 342 α.
1110 310 1180 343 704
1207 310 1296 352 (50).

530 388 698 424 CICERO
723 389 896 424 ATTICO
923 389 1020 424 SAL.

194 462 469 504 Brundisium
504 462 696 502 venimus
728 473 795 502 VII
824 460 1001 503 Kalend.
1029 461 1248 503 Decembr.
1276 462 1342 503 usi
1373 464 1448 503 tua
1475 473 1493 503 1

70 538 87 564 5
106 521 309 563 felicitate
339 520 584 576 navigandi,
616 521 678 562 ita
709 520 819 561 belle
848 520 972 562 nobis

149 603 340 645 ‘Flavit
379 603 436 643 ab
475 602 629 656 Epiro
666 602 973 643 lenissumus
1016 601 1402 644 Onchesmites'.

105 697 231 739 Hunc
263 697 621 749 σπονδειάζοντα,
660 696 696 737 si
728 695 794 737 cui
826 695 942 737 voles
974 703 1064 737 τῶν
1093 695 1331 752 νεωτέρων,
1368 711 1446 751 pro

105 759 180 798 tuo
210 756 392 797 vendito.
445 754 654 796 Valetudo
691 757 764 795 tua
790 769 856 795 me
887 754 1008 795 valde
1041 755 1284 811 conturbat3
1318 755 1446 810 signi-
1472 768 1492 797 2

106 815 233 856 ficant
279 814 390 855 enim
433 816 530 855 tuae
573 814 740 854 litterae
783 816 825 854 te
862 827 1037 866 prorsus
1079 813 1282 855 laborare.
1350 814 1445 869 Ego

53 892 88 918 10
107 876 266 928 autem,
304 888 398 914 cum
430 873 575 926 sciam,
617 887 743 926 quam
776 872 832 913 sis
862 872 1001 927 fortis,
1032 870 1322 914 vehementius
1356 887 1447 914 esse

108 932 307 987 quiddam
340 932 542 986 suspicor,
575 931 687 985 quod
718 933 760 971 te
792 933 916 985 cogat
947 931 1092 972 cedere
1125 933 1166 972 et
1196 946 1330 986 prope
1358 946 1446 972 mo-

108 991 208 1032 dum
256 990 473 1045 infringat.
540 989 638 1030 Etsi
682 990 859 1030 alteram
903 992 1155 1043 quartanam
1198 989 1446 1044 Pamphilus
1488 1010 1496 1013 ·

106 1052 206 1091 tuus
249 1049 355 1090 mihi
398 1049 505 1090 dixit
544 1048 771 1090 decessisse
810 1050 852 1089 et
890 1048 1066 1089 alteram
1098 1048 1299 1090 leviorem
1334 1063 1446 1090 acce<

108 1109 213 1150 dere.
276 1108 473 1149 Terentia
508 1121 621 1162 vero,
653 1121 759 1161 quae
792 1107 961 1161 quidem
994 1107 1139 1149 eodem
1170 1110 1361 1161 tempore
1394 1108 1447 1149 ad

54 1184 87 1210 15
106 1169 275 1222 portam
313 1166 613 1207 Brundisinam
649 1166 766 1207 venit
803 1180 886 1220 quo
925 1180 1002 1220 ego
1042 1166 1088 1207 in
1119 1168 1291 1220 portum
1322 1166 1446 1207 mihi-

108 1240 189 1280 que
221 1225 347 1267 obvia
377 1226 423 1266 in
452 1225 546 1266 foro
578 1224 678 1279 fuit,
715 1224 760 1265 L.
786 1223 988 1265 Pontium
1020 1224 1102 1265 sibi
1128 1225 1172 1265 in
1204 1224 1444 1266 Trebulano

108 1284 263 1325 dixisse
302 1283 503 1324 narrabat
547 1283 675 1324 etiam
718 1297 809 1324 eam
847 1283 1082 1325 decessisse.
1152 1283 1273 1332 Quod
1312 1284 1348 1325 si
1385 1284 1446 1325 ita

109 1346 184 1397 est,
210 1346 276 1393 est,
304 1342 416 1396 quod
440 1356 637 1383 maxume
661 1341 897 1383 mehercule
924 1344 1039 1398 opto,
1070 1341 1196 1396 idque
1223 1356 1344 1396 spero
1371 1345 1446 1384 tua

107 1401 332 1455 prudentia
364 1403 405 1441 et
436 1401 716 1455 temperantia
747 1403 788 1441 te
821 1403 1105 1442 consecutum.

54 1478 89 1502 20
196 1459 333 1500 Venio
374 1459 424 1500 ad
465 1459 667 1513 epistulas
705 1462 818 1513 tuas3
864 1473 967 1513 quas
1005 1473 1083 1514 ego
1117 1462 1327 1501 sescentas
1359 1474 1444 1501 uno

109 1521 300 1573 tempore
331 1518 488 1573 accepi,
526 1518 651 1558 aliam
683 1518 764 1558 alia
794 1518 1097 1573 iucundiorem,
1139 1532 1245 1572 quae
1277 1518 1446 1572 quidem

109 1579 228 1618 erant
259 1579 334 1617 tua
359 1591 496 1617 manu.
546 1574 659 1617 Nam
677 1575 869 1617 Alexidis
894 1591 1067 1617 manum
1094 1577 1302 1632 amabam,
1334 1577 1447 1631 quod

108 1638 198 1677 tam
240 1649 371 1689 prope
416 1634 636 1676 accedebat
680 1634 731 1675 ad
769 1635 1090 1676 similitudinem
1126 1637 1243 1690 tuae,
1280 1636 1447 1676 litteras

109 1708 197 1735 non
237 1693 447 1747 amabam,
486 1693 596 1747 quod
633 1693 876 1734 indicabant
912 1695 955 1733 te
986 1707 1073 1733 non
1103 1693 1252 1735 valere.
1315 1692 1446 1734 Cuius

56 1769 90 1796 ⁴25
111 1752 313 1806 quoniam
343 1752 502 1793 mentio
534 1752 646 1792 facta
678 1754 752 1806 est,
783 1751 981 1792 Tironem
1008 1750 1149 1792 Patris
1182 1766 1356 1806 aegrum
1387 1766 1448 1793 re-

109 1810 236 1867 liqui,
276 1810 602 1864 adulescentem,
647 1812 696 1850 ut
725 1810 841 1850 nosti
873 1808 941 1863 (et
980 1809 1098 1865 adde,
1138 1810 1173 1850 si
1206 1809 1307 1864 quid
1338 1809 1448 1866 vis),

110 1870 303 1923 probum.
369 1868 491 1910 Nihil
534 1867 620 1909 vidi
663 1869 825 1909 melius.
886 1867 1037 1922 Itaque
1074 1882 1193 1909 careo
1233 1882 1356 1922 aegre
1395 1871 1448 1923 et,

113 1942 368 1982 quamquam
403 1927 626 1969 videbatur
667 1940 712 1967 se
748 1941 837 1968 non
873 1927 1060 1982 graviter
1096 1926 1270 1982 habere,
1306 1929 1449 1968 tamen

114 2000 208 2027 sum
246 1986 455 2027 sollicitus
492 1985 805 2039 maximamque
843 1999 961 2039 spem
997 1985 1132 2026 habeo
1170 1985 1215 2026 in
1252 1984 1319 2026 Μ’.
1347 1984 1449 2026 Curi

58 2062 93 2087 30
114 2044 353 2100 diligentia,
393 2045 443 2086 de
481 2059 562 2099 qua
601 2044 651 2085 ad
683 2058 749 2085 me
781 2044 950 2098 scripsit
982 2043 1082 2085 Tiro
1116 2046 1157 2084 et
1187 2043 1314 2085 multi
1343 2058 1449 2085 nun-

112 2102 285 2144 tiarunt.
348 2101 501 2144 Curius
533 2105 674 2144 autem
704 2103 796 2157 ipse
827 2102 971 2157 sensit,
1004 2117 1131 2156 quam
1162 2104 1210 2143 tu
1241 2101 1371 2144 velles
1404 2116 1449 2144 se

113 2175 138 2202 a
167 2175 235 2202 me
266 2161 399 2216 diligi,
438 2164 478 2202 et
511 2175 558 2202 eo
592 2176 685 2202 sum
716 2161 940 2202 admodum
971 2160 1214 2202 delectatus.
1275 2160 1335 2202 Et
1365 2175 1449 2202 me-

110 2219 281 2261 hercule
314 2222 389 2275 est,
420 2234 546 2273 quam
577 2220 699 2261 facile
730 2219 898 2275 diligas,
937 2219 1169 2274 αὐτόχθων
1200 2219 1245 2260 in
1274 2219 1448 2261 homine

111 2278 343 2320 urbanitas.
386 2277 492 2319 Eius
523 2281 826 2320 testamentum
856 2278 1032 2332 deporto
1063 2280 1309 2320 nostrorum
1336 2277 1449 2320 Cice-
