1665 2553
310 68 649 103 EPISTULARUM
674 68 738 102 AD
764 67 977 103 ATTICUM
1002 68 1069 102 VII
1096 72 1126 112 7,
1152 72 1183 103 8.
1329 68 1412 108 201

167 164 352 219 Alexim,
394 163 750 205 humanissimum
788 178 985 218 puerum,
1027 164 1111 204 nisi
1148 164 1277 218 forte,
1315 164 1416 204 dum

80 237 157 279 ego
190 224 351 278 absum,
383 223 624 263 adulescens
654 223 790 263 factus
824 225 887 263 est
920 221 988 278 (id
1020 223 1132 263 enim
1158 236 1281 277 agere
1306 222 1417 263 vide-

79 281 249 338 batur),
281 282 440 323 salvere
471 281 616 322 iubeas
647 281 786 322 velim.

688 397 801 439 VIII.

45 487 61 513 5
227 479 300 515 Ser.
321 480 363 514 in
388 479 590 514 Formiano
621 479 680 513 VI
700 483 765 514 aut
795 479 830 513 V
851 479 898 514 K.
919 480 1002 514 Ian.
1025 491 1058 514 a.
1081 481 1151 515 704
1178 481 1268 523 (50).

504 560 671 596 CICERO
696 560 869 596 ATTICO
896 561 993 596 SAL.

171 633 280 683 Quid
318 649 423 688 opus
463 636 526 675 est
564 633 613 674 de
643 632 851 687 Dionysio
889 636 977 674 tam
1014 633 1134 674 valde
1167 633 1416 674 adfirmare‘?

80 692 151 734 An
188 693 293 733 mihi
324 696 453 733 nutus
486 695 584 733 tuus
615 706 702 733 non
733 692 888 733 faceret
919 692 1072 732 fidem?
1124 690 1416 745 Suspicionem

83 754 224 792 autem
250 766 298 792 eo
324 751 430 791 mihi
454 751 656 791 maiorem
682 753 756 791 tua
781 750 1050 791 taciturnitas
1072 750 1284 804 attulerat,
1305 750 1417 804 quod

29 827 63 852 10
83 813 123 851 et
154 812 203 850 tu
236 809 345 851 soles
378 810 670 864 conglutinare
701 809 908 850 amicitias
940 809 1196 850 testimoniis
1227 809 1335 864 tuis,
1376 811 1418 849 et

83 869 204 909 illum
230 869 352 909 aliter
377 883 473 909 cum
498 868 592 909 aliis
618 867 667 908 de
691 868 816 909 nobis
843 868 1033 909 locutum
1053 868 1284 908 audiebam.
1337 866 1418 908 Sed

82 941 256 981 prorsus
292 928 353 968 ita
390 941 497 981 esse,
534 929 582 967 ut
627 927 794 981 scribis,
830 926 937 967 mihi
968 926 1206 981 persuades.
1267 925 1418 980 Itaque

84 1000 161 1041 ego
194 986 230 1026 is
260 986 307 1026 in
336 985 458 1026 illum
490 1000 595 1040 sum,
627 999 752 1039 quem
783 988 831 1026 tu
862 1000 928 1026 me
960 1000 1050 1026 esse
1082 985 1158 1026 vis.

171 1043 296 1085 Diem
332 1047 454 1085 tuum
491 1058 568 1098 ego
607 1058 774 1097 quoque
812 1058 861 1084 ex
899 1044 1082 1097 epistula
1121 1043 1301 1097 quadam
1332 1046 1417 1096 tua,

30 1120 64 1145 15
85 1118 211 1157 quam
247 1102 474 1156 incipiente
510 1102 716 1143 febricula
753 1102 1000 1157 scripseras,
1030 1102 1142 1143 >mihi
1172 1105 1418 1143 notaveram

85 1164 126 1202 et
165 1161 542 1202 animadverteram
578 1175 703 1215 posse
743 1175 820 1215 pro
858 1175 902 1201 re
938 1163 1040 1201 nata
1070 1163 1113 1201 te
1144 1175 1231 1201 non
1262 1161 1417 1201 incom-

83 1220 207 1261 mode
251 1220 303 1260 ad
344 1235 412 1261 me
454 1220 500 1261 in
538 1218 755 1260 Albanum
798 1219 940 1260 venire
980 1231 1031 1260 111
1067 1218 1214 1260 Nonas
1252 1218 1418 1260 Ianuar.

86 1277 185 1333 Sed,
229 1278 378 1319 amabo
417 1281 477 1332 te,
512 1278 622 1318 nihil
659 1278 925 1319 incommodo
965 1278 1219 1319 valetudinis
1258 1278 1418 1319 feceris.

86 1337 194 1386 Quid
226 1337 337 1377 enim
369 1340 432 1378 est
464 1340 632 1378 tantum
663 1336 709 1377 in
740 1351 823 1377 uno
851 1339 923 1377 aut
956 1336 1089 1377 altero
1122 1337 1217 1377 die?

32 1414 66 1437 20
173 1395 440 1436 Dolabessam
483 1396 604 1436 video
642 1394 785 1436 Liviae
828 1398 1081 1436 testamento
1121 1410 1217 1436 cum
1254 1395 1419 1436 duobus

86 1453 360 1495 coheredibus
393 1468 483 1495 esse
515 1454 559 1494 in
590 1454 755 1509 triente,
787 1454 859 1494 sed
890 1454 1027 1495 iuberi
1058 1457 1223 1495 mutare
1254 1468 1419 1495 nomen.

85 1512 168 1554 Est
198 1512 426 1554 πολιτικὸν
458 1512 635 1566 σκέμμα,
667 1515 884 1553 rectumne
917 1513 973 1553 sit
997 1512 1135 1553 nobili
1162 1512 1421 1553 adulescenti

86 1573 251 1612 mutare
294 1585 449 1612 nomen
488 1571 675 1612 mulieris
713 1573 979 1612 testamento.
1048 1569 1129 1612 Sed
1165 1571 1208 1611 id
1246 1574 1420 1625 φιλοσο-

88 1630 288 1684 φώτερον
313 1630 686 1683 διευκρινήσομεν,
719 1644 814 1670 cum
840 1630 1033 1684 sciemus,
1064 1632 1272 1683 quantum
1299 1629 1421 1683 quasi

35 1705 69 1730 25
90 1689 145 1729 sit
176 1688 221 1728 in
252 1687 421 1729 trientis
452 1688 617 1728 triente.

206 1745 327 1795 Quod
369 1746 532 1800 putasti
573 1746 663 1786 fore
705 1748 771 1799 ut,
812 1748 1039 1799 antequam
1075 1746 1186 1786 istuc
1222 1745 1420 1798 venirem,

88 1805 337 1858 Pompeium
373 1804 577 1859 viderem,
616 1804 776 1845 factum
813 1807 877 1844 est
913 1804 991 1858 ita3
1034 1818 1132 1844 nam
1165 1815 1211 1844 VI
1242 1802 1335 1844 Kal.
1370 1804 1421 1844 ad

89 1862 344 1904 Lavernium
374 1877 436 1904 me
468 1866 716 1903 consecutus
749 1865 823 1903 est.
878 1861 975 1903 Una
1005 1861 1196 1902 Formias
1229 1861 1420 1902 venimus

92 1924 133 1962 et
159 1921 210 1962 ab
234 1921 340 1962 hora
367 1924 513 1962 octava
539 1921 590 1961 ad
614 1935 831 1974 vesperum
858 1923 1017 1961 secreto
1044 1920 1243 1961 collocuti
1263 1934 1420 1960 sumus.

39 1997 73 2022 30
93 1979 214 2028 Quod
245 1980 431 2035 quaeris,
467 1994 621 2034 ecquae
652 1993 747 2033 spes
778 1979 1082 2033 pacificationis
1116 1979 1183 2032 sit,
1215 1980 1422 2031 quantum

93 2052 143 2078 ex
179 2036 354 2092 Pompei
396 2038 532 2079 multo
577 2041 618 2078 et
655 2040 848 2078 accurato
888 2051 1078 2078 sermone
1115 2037 1326 2090 perspexi,
1369 2051 1423 2077 ne

92 2096 290 2136 voluntas
332 2096 501 2150 quidem
533 2099 606 2137 est.
669 2095 738 2137 Sic
769 2096 881 2137 enim
913 2096 1145 2149 existimat,
1187 2096 1223 2136 si
1255 2094 1326 2135 ille
1358 2094 1424 2135 vel

94 2154 267 2195 dimisso
300 2155 485 2196 exercitu
516 2155 664 2196 consul
694 2155 830 2195 factus
863 2154 932 2209 sit,
964 2155 1177 2208 σύγχυσιν
1202 2159 1277 2206 τῆς
1302 2157 1423 2195 πολι-

93 2215 209 2262 τείας
234 2213 336 2266 fore,
367 2215 492 2267 atque
518 2214 645 2254 etiam
670 2215 793 2267 putat
819 2227 925 2266 eum,
953 2227 1047 2253 cum
1073 2212 1252 2253 audierit
1278 2213 1426 2253 contra

41 2287 75 2313 35
96 2286 139 2312 se
172 2271 395 2326 diligenter
419 2272 570 2326 parari,
602 2271 867 2312 consulatum
894 2271 973 2312 hoc
999 2285 1107 2312 anno
1134 2270 1427 2325 neglecturum

1444 1054 1464 1084 10

1445 1407 1466 1436 02
