1665 2553
171 102 225 143 76
596 100 644 135 M.
672 99 813 134 TULLI
837 98 1084 134 CICERONIS

169 197 300 239 fundo
334 195 493 251 Siccae,
529 196 780 251 praesertim
816 195 1005 236 nondum
1044 194 1266 249 rogatione
1309 195 1509 249 correcta,

172 258 214 297 et
265 256 393 296 simul
440 255 741 309 intellegebam
786 268 836 295 ex
880 268 928 295 eo
971 253 1083 308 loco,
1132 253 1168 294 si
1211 256 1253 294 te
1295 252 1509 308 haberem,

170 329 295 370 posse
326 329 394 356 me
425 314 702 355 Brundisium
732 312 901 367 referre,
933 312 1022 353 sine
1053 314 1096 353 te
1128 314 1269 352 autem
1298 325 1387 352 non
1417 325 1508 353 esse

168 373 295 415 nobis
326 373 423 414 illas
455 375 597 427 partes
622 371 826 413 tenendas
851 373 1026 425 propter
1053 368 1322 411 Autronium.
1372 368 1509 425 Nunc,

170 434 220 473 ut
258 432 310 473 ad
346 434 388 473 te
427 434 550 472 antea
589 430 757 485 scripsi,
795 430 831 470 si
870 429 922 470 ad
956 443 1034 470 nos
1064 429 1248 484 veneris,
1285 428 1509 469 consilium
1546 443 1562 469 5

171 490 306 532 totius
350 490 413 532 rei
453 490 678 543 capiemus.
748 487 836 529 Iter
881 502 971 529 esse
1014 487 1243 529 molestum
1287 487 1391 542 scio,
1439 486 1511 528 sed

173 552 266 590 tota
297 548 514 590 calamitas
548 562 694 589 omnes
724 546 943 588 molestias
972 545 1113 587 habet.
1168 544 1296 586 Plura
1327 545 1510 587 scribere

172 621 261 649 non
285 621 480 661 possum3
505 606 690 647 itasum
716 606 856 647 animo
882 604 1072 659 perculso
1100 606 1142 646 et
1168 603 1342 646 abiecto.
1388 602 1512 659 Cura,

174 669 223 707 ut
253 666 404 708 valeas.
466 664 579 706 Data
613 676 660 705 Vl
691 663 790 705 Idus
820 663 991 718 Apriles
1024 661 1170 703 Narib.
1202 661 1300 704 Luc.

806 780 880 822 ΠΙ.
1533 795 1567 820 1ο

383 862 456 897 Ser.
484 863 525 896 in
550 863 676 897 itinere
702 863 783 897 circ.
809 862 907 896 Non.
934 861 1024 905 Apr.
1052 873 1084 895 α.
1114 863 1185 895 696
1213 861 1304 904 (58).

602 943 769 978 CICERO
796 942 968 978 ATTICO
997 943 1090 977 SAL.

266 1016 443 1058 Utinam
473 1016 595 1057 illum
625 1016 734 1057 diem
760 1015 937 1070 videam,
968 1029 1062 1056 cum
1088 1014 1170 1055 tibi
1196 1027 1319 1069 agam
1345 1012 1517 1068 gratiaS,

178 1076 292 1130 quod
328 1090 395 1116 me
438 1075 579 1115 vivere
624 1074 815 1128 coegisti!
877 1074 1012 1114 adhuc
1062 1072 1231 1126 quidem
1279 1072 1401 1113 valde
1448 1085 1517 1112 me

177 1134 377 1188 paenitet.
441 1132 522 1173 Sed
554 1135 596 1174 te
629 1147 722 1187 oro,
758 1135 807 1172 ut
844 1132 897 1173 ad
926 1146 994 1172 me
1024 1130 1238 1172 Vibonem
1271 1130 1418 1171 statim
1448 1144 1516 1171 ve·
1535 1145 1569 1171 15

176 1192 290 1248 nias,
333 1206 417 1246 quo
456 1205 533 1245 ego
571 1190 719 1231 multis
758 1191 808 1232 de
846 1190 982 1231 causis
1021 1189 1210 1231 converti
1246 1189 1327 1229 iter
1363 1202 1515 1229 meum.

179 1249 280 1306 Sed,
317 1265 364 1292 eo
403 1249 439 1290 si
475 1249 659 1303 veneris,
700 1249 749 1290 de
781 1251 874 1290 toto
906 1249 1057 1289 itinere
1089 1262 1136 1288 ac
1166 1247 1267 1301 fuga
1298 1261 1391 1287 mea
1422 1260 1517 1288 con-

179 1309 322 1351 silium
354 1322 500 1362 capere
531 1310 692 1361 potero.
755 1305 801 1348 Si
831 1307 874 1348 id
903 1321 990 1348 non
1015 1306 1177 1361 feceris,
1207 1305 1414 1361 mirabor3
1446 1304 1518 1346 sed

179 1367 343 1409 confido
376 1369 419 1407 te
451 1380 542 1408 esse
572 1366 795 1407 facturum.

811 1482 883 1524 IV.
1539 1497 1571 1521 20

178 1565 253 1601 Sor.
280 1565 322 1599 in
346 1565 473 1599 ‘itinere
497 1565 591 1599 inter
612 1564 781 1599 Vibonem
806 1567 838 1598 et
857 1563 1101 1597 Brundisium
1122 1565 1204 1606 post
1228 1572 1279 1605 ep.
1302 1562 1325 1595 5
1349 1559 1405 1594 Id.
1427 1558 1516 1603 Apr.

723 1633 755 1656 a.
784 1624 857 1656 696
883 1623 975 1665 (58).

604 1702 772 1738 CICERO
799 1701 970 1737 ATTICO
999 1701 1095 1737 SAL.

267 1776 464 1818 Miseriae
499 1779 672 1818 nostrae
708 1775 851 1829 potius
889 1774 1017 1816 velim
1053 1788 1179 1828 quam
1209 1770 1519 1813 inconstantiae

179 1835 364 1890 tribuas,
402 1835 515 1889 quod
548 1850 570 1876 a
600 1834 786 1888 Vibone,
819 1847 901 1887 quo
933 1835 976 1874 te
1007 1831 1338 1884 arcessebamus,
1375 1828 1517 1870 subito
1539 1846 1572 1872 25

181 1894 464 1935 discessimus.
514 1892 660 1934 Allata
692 1895 755 1933 est
782 1892 893 1933 enim
918 1891 1043 1933 nobis
1068 1889 1235 1944 rogatio
1262 1888 1312 1928 de
1337 1887 1520 1942 pernicie

179 1966 290 2006 mea3
332 1952 377 1993 in
419 1966 502 2006 qua
544 1951 656 2005 quod
697 1952 932 1992 correctum
973 1963 1065 1991 esse
1103 1947 1387 2001 audieramus,
1431 1948 1521 1988 erat

182 2010 270 2051 eius
307 2010 439 2066 modi,
482 2012 530 2050 ut
567 2009 675 2050 mihi
712 2009 826 2049 ultra
870 2008 1178 2062 quadringenta
1217 2005 1336 2046 milia
1375 2004 1521 2046 liceret

183 2082 290 2123 esse,
328 2069 403 2110 illo
441 2069 661 2122 pervenire
701 2081 788 2108 non
825 2067 982 2108 liceret.
1045 2064 1201 2105 Statim
1232 2063 1313 2104 iter
1344 2062 1522 2104 Brundi-

183 2126 293 2167 sium
318 2141 465 2167 versus
492 2126 655 2167 contuli
687 2128 784 2166 ante
816 2125 926 2165 diem
956 2122 1204 2177 rogationiS,
1233 2136 1288 2163 ne
1320 2123 1362 2162 et
1394 2120 1522 2176 Sicca,
1541 2138 1575 2163 30

183 2184 293 2237 apud
333 2199 457 2238 quem
497 2199 628 2239 eram,
664 2183 841 2238 periret,
878 2185 919 2224 et
958 2181 1071 2236 quod
1101 2180 1273 2222 Melitae
1311 2193 1399 2222 esse
1434 2193 1523 2220 non

180 2242 348 2283 licebat.
421 2241 547 2284 Nunc
590 2245 638 2284 tu
687 2256 884 2296 propera,
936 2243 985 2281 ut
1032 2253 1111 2280 nos
1162 2252 1436 2292 consequare,
1486 2237 1522 2278 si

181 2300 308 2341 modo
334 2299 597 2354 recipiemur.
649 2299 799 2341 Adhuc
824 2298 1055 2340 invitamur
1080 2297 1275 2353 benigne,
1301 2296 1385 2352 sed,
1411 2295 1523 2350 quod
