1665 2553
212 73 297 115 498
440 45 443 46 ⁷
632 73 682 108 M.
708 73 849 107 TULLI
874 72 1122 108 CICERONIS

214 169 419 222 scriptum
463 171 589 220 esset,
631 183 684 210 ne
728 168 830 222 quid
872 168 961 209 sine
1006 168 1124 210 Sexti
1159 168 1297 209 nostri
1338 168 1546 209 sententia

214 230 375 282 ageret,
409 241 545 281 neque
578 227 629 268 ad
661 227 783 267 illum
814 241 949 281 neque
981 227 1033 267 ad
1065 241 1319 280 quemquam
1349 229 1544 267 nostrum

212 286 390 327 rettulit.
458 285 646 326 Atticam
688 288 879 326 nostram
923 286 1045 339 cupio
1091 285 1310 326 absentem
1351 285 1543 325 suaviari.

212 343 279 385 Ita
309 345 367 385 mi
399 344 531 385 dulcis
565 344 678 385 salus
709 344 800 384 visa
832 347 896 384 est
927 358 1000 398 per
1032 347 1074 384 te
1099 344 1230 384 missa
1255 343 1308 384 ab
1333 343 1417 384 illa.
1466 342 1544 384 Re-

212 403 319 444 feres
350 403 483 457 igitur
515 403 551 443 ei
582 402 809 456 plurimam
839 402 1025 456 itemque
1055 402 1189 443 Piliae
1219 402 1332 443 dicas
1363 401 1501 442 velim.
1583 418 1598 444 5

843 517 916 559 IV.

410 599 483 634 Ser.
505 600 545 633 ¹in
570 599 770 633 Puteolano
804 599 862 633 VI
880 599 936 632 Id.
961 598 1081 643 Quint.
1103 611 1134 633 α.
1160 602 1229 634 710
1256 601 1344 642 (44).

614 680 802 715 CICERO
826 679 1017 715 ATTICO
1042 680 1150 715 SAL.

298 752 366 794 Ita
403 756 451 794 ut
481 753 573 793 heri
611 753 691 793 tibi
729 752 897 793 narravi
934 752 1001 793 vel
1031 752 1212 793 fortasse
1242 751 1366 792 hodie
1398 750 1545 807 (Quin-

212 815 281 852 tus
325 811 435 852 enim
480 812 612 852 altero
657 811 722 851 die
763 826 806 851 se
844 811 1022 866 aiebat),
1058 811 1103 851 in
1133 809 1289 851 Nesida
1319 822 1401 851 VIII
1432 809 1542 851 Idus.
1564 827 1598 852 ιο

211 869 277 911 Ibi
308 870 478 911 Brutus.
530 870 664 919 Quam
701 869 772 910 ille
804 869 938 910 doluit
970 869 1019 909 de
1051 868 1198 911 NONIS
1225 869 1386 910 Intus!
1431 869 1544 909 miri—

211 929 286 970 fice
325 931 387 969 est
426 929 713 970 conturbatus.
781 926 929 981 Itaque
968 942 1057 968 sese
1099 928 1356 981 scripturum
1394 927 1545 982 aiebat,

212 990 260 1028 ut
290 988 557 1028 venationem
590 1001 698 1041 eam,
736 1001 840 1040 quae
879 986 1083 1040 postridie
1120 986 1242 1027 ludos
1274 986 1544 1040 Apollinares

211 1046 355 1086 futura
380 1049 456 1100 est,
487 1046 800 1100 proscriberent
825 1046 870 1086 in
896 1057 946 1085 111
972 1056 1077 1086 Inus
1105 1055 1390 1094 QmNCTILEs.
1435 1043 1542 1085 Libo

211 1105 449 1145 intervenit.
499 1103 541 1145 Is
566 1104 800 1158 Philonem,
830 1103 1005 1157 Pompei
1030 1103 1243 1157 libertum,
1268 1106 1309 1144 et
1334 1103 1543 1156 Hilarum,
1563 1119 1597 1144 15

212 1178 335 1203 suum
372 1163 594 1217 libertum,
630 1163 795 1203 venisse
837 1178 860 1202 a
892 1162 1019 1202 Sexto
1053 1176 1147 1203 cum
1178 1162 1333 1202 litteris
1367 1161 1418 1202 ad
1450 1175 1543 1202 con-

212 1221 335 1275 sules,
367 1221 470 1262 ‘sive
503 1235 585 1274 quo
618 1221 700 1261 alio
731 1221 902 1261 nomine
935 1220 1059 1261 sunt'.
1114 1220 1275 1260 Earum
1306 1220 1543 1273 exemplum

209 1280 332 1320 nobis
363 1279 480 1333 legit,
523 1279 559 1319 si
591 1279 692 1332 quid
722 1279 944 1319 videretur.
1005 1278 1142 1319 Pauca
1172 1279 1289 1332 παρὰ
1321 1277 1451 1330 λέξιν,
1483 1291 1543 1318 ce-

211 1338 378 1391 teroqui
410 1341 452 1378 et
479 1337 582 1378 satis
609 1337 794 1391 graviter
820 1340 862 1377 et
886 1351 972 1377 non
998 1337 1310 1377 contumaciter.
1360 1336 1544 1376 Tantum

212 1396 306 1437 addi
331 1396 503 1450 placuit,
525 1396 636 1449 quod
662 1398 751 1436 erat
772 1395 922 1436 ‘coss'
946 1395 1096 1449 solum,
1120 1398 1168 1435 ut
1195 1398 1304 1436 esset
1320 1395 1543 1449 ‘PRAETT7
1562 1411 1597 1435 20

213 1466 359 1495 TRIBB.
392 1466 475 1508 PL„
508 1454 733 1506 SENATVI',
765 1468 816 1494 ne
848 1454 912 1494 illi
942 1468 1029 1494 non
1059 1453 1299 1507 proferrent
1325 1468 1406 1507 eas,
1437 1467 1543 1506 quae

164 1530 183 1554 ι
212 1513 264 1554 ad
294 1514 410 1566 ipsos
440 1513 593 1553 missae
625 1515 776 1553 essent.
840 1510 1015 1552 Sextum
1047 1515 1186 1553 autem
1217 1512 1416 1552 nuntiant
1447 1525 1542 1552 cum

209 1586 294 1612 una
338 1571 475 1612 solum
510 1571 676 1625 legione
712 1571 843 1611 fuisse
880 1570 1162 1625 Karthagine,
1204 1570 1325 1624 eique
1363 1584 1410 1610 eo
1449 1569 1541 1625 ipso

211 1630 288 1684 die,
321 1644 403 1683 quo
437 1630 638 1683 oppidum
669 1629 846 1670 Baream
878 1630 1068 1684 cepisset,
1098 1629 1343 1670 nuntiatum
1376 1642 1466 1668 esse
1492 1628 1542 1668 de

211 1687 400 1742 Caesare,
420 1691 542 1742 capto
570 1688 724 1742 oppido
750 1688 901 1728 miram
926 1688 1134 1728 laetitiam
1153 1686 1541 1728 commutationem-
1561 1701 1595 1727 25

212 1761 291 1800 que
335 1747 571 1787 animorum
608 1761 940 1799 concursumque
976 1746 1177 1799 undique,
1223 1745 1295 1786 sed
1332 1745 1453 1785 inum
1492 1744 1543 1784 ad

212 1819 284 1846 sex
321 1805 527 1859 legiones,
566 1819 670 1858 quas
702 1805 747 1845 in
778 1805 979 1845 ulteriore
1010 1805 1269 1858 reliquisset,
1309 1803 1542 1844 revertisse.

210 1862 277 1903 Ad
313 1864 453 1917 ipsum
486 1866 627 1904 autem
658 1862 864 1904 Libonem
896 1863 1064 1916 scripsit
1094 1862 1203 1903 nihil
1234 1876 1342 1916 esse,
1376 1861 1458 1901 nisi
1492 1861 1543 1901 ad

210 1922 342 1962 larem
375 1937 498 1962 suum
528 1922 683 1962 liceret.
747 1920 920 1962 Summa
951 1921 1282 1975 postulatorum,
1319 1923 1366 1960 ut
1399 1933 1542 1960 omnes

212 1980 419 2021 exercitus
452 1980 740 2033 dimittantur,
780 1980 852 2033 qui
884 1979 1039 2033 ubique
1073 1980 1169 2020 sint.
1230 1978 1345 2019 Haec
1375 1978 1462 2019 fere
1493 1977 1542 2018 de
1561 1993 1596 2018 30

213 2037 354 2079 Sexto.

269 2096 332 2136 De
372 2096 614 2137 Buthrotiis
655 2096 840 2149 undique
884 2109 1088 2149 quaerens
1124 2095 1233 2135 nihil
1270 2094 1542 2147 reperiebam.

210 2154 298 2194 Alii
330 2155 520 2195 concisos
553 2154 777 2208 agripetas,
811 2154 882 2194 alii
912 2153 1113 2194 Plancum
1146 2153 1326 2206 acceptis
1358 2152 1542 2192 nummis

210 2213 370 2253 relictis
401 2213 487 2253 illis
520 2213 744 2267 aufugisse.
798 2211 945 2265 Itaque
976 2226 1063 2253 non
1087 2212 1208 2252 video
1236 2211 1440 2252 sciturum
1465 2224 1544 2265 me,

211 2271 313 2324 quid
345 2271 433 2311 eius
466 2271 533 2325 sit,
563 2271 608 2312 ni
641 2271 787 2311 statim
821 2270 979 2324 aliquid
1010 2270 1261 2311 litterarum.
1561 2283 1595 2309 35
