<?xml version="1.0" encoding="UTF-8"?>
<!DOCTYPE html PUBLIC "-//W3C//DTD XHTML 1.0 Transitional//EN"
    "http://www.w3.org/TR/xhtml1/DTD/xhtml1-transitional.dtd">
<html xmlns="http://www.w3.org/1999/xhtml" xml:lang="en" lang="en">
 <head>
  <title>
</title>
<meta http-equiv="Content-Type" content="text/html;charset=utf-8" />
  <meta name='ocr-system' content='tesseract 3.04.00' />
  <meta name='ocr-capabilities' content='ocr_page ocr_carea ocr_par ocr_line ocrx_word'/>
</head>
<body>
  <div class='ocr_page' id='page_1' title='image "./p2scriptaquaemanse03ciceuoft_0289.png"; bbox 0 0 1665 2553; ppageno 0'>
   <div class='ocr_carea' id='block_1_1' title="bbox 308 60 1432 101">
    <p class='ocr_par' dir='ltr' id='par_1_1' title="bbox 308 60 1432 101">
     <span class='ocr_line' id='line_1_1' title="bbox 308 60 1432 101; baseline 0.002 -2"><span class='ocrx_word' id='word_1_1' title='bbox 308 63 649 99; x_wconf 82' lang='lat' dir='ltr'>EPISTULARUM</span> <span class='ocrx_word' id='word_1_2' title='bbox 674 63 738 97; x_wconf 89' lang='lat' dir='ltr'>AD</span> <span class='ocrx_word' id='word_1_3' title='bbox 766 61 982 97; x_wconf 85' lang='lat' dir='ltr'><strong>ATTICUM</strong></span> <span class='ocrx_word' id='word_1_4' title='bbox 1006 61 1057 96; x_wconf 78' lang='lat' dir='ltr'>IV</span> <span class='ocrx_word' id='word_1_5' title='bbox 1084 65 1174 96; x_wconf 81' lang='lat'>7—8</span> <span class='ocrx_word' id='word_1_6' title='bbox 1184 72 1215 96; x_wconf 87' lang='lat' dir='ltr'>a.</span> <span class='ocrx_word' id='word_1_7' title='bbox 1349 60 1432 101; x_wconf 80' lang='grc'>113</span> 
     </span>
    </p>
   </div>
   <div class='ocr_carea' id='block_1_2' title="bbox 55 156 1434 448">
    <p class='ocr_par' dir='ltr' id='par_1_2' title="bbox 55 156 1433 448">
     <span class='ocr_line' id='line_1_2' title="bbox 88 156 1432 214; baseline -0.004 -12"><span class='ocrx_word' id='word_1_8' title='bbox 88 160 311 204; x_wconf 85' lang='lat' dir='ltr'>Aedificati</span> <span class='ocrx_word' id='word_1_9' title='bbox 351 160 433 200; x_wconf 87' lang='lat' dir='ltr'>tibi</span> <span class='ocrx_word' id='word_1_10' title='bbox 470 159 516 200; x_wconf 90' lang='grc'>111</span> <span class='ocrx_word' id='word_1_11' title='bbox 554 159 667 214; x_wconf 81' lang='lat' dir='ltr'>agiis</span> <span class='ocrx_word' id='word_1_12' title='bbox 705 158 815 199; x_wconf 85' lang='lat' dir='ltr'>nihil</span> <span class='ocrx_word' id='word_1_13' title='bbox 845 157 1021 211; x_wconf 82' lang='lat' dir='ltr'>reperio.</span> <span class='ocrx_word' id='word_1_14' title='bbox 1082 156 1134 197; x_wconf 89' lang='lat' dir='ltr'>In</span> <span class='ocrx_word' id='word_1_15' title='bbox 1172 156 1326 211; x_wconf 88' lang='lat' dir='ltr'>oppido</span> <span class='ocrx_word' id='word_1_16' title='bbox 1369 158 1432 196; x_wconf 92' lang='lat' dir='ltr'>est</span> 
     </span>
     <span class='ocr_line' id='line_1_3' title="bbox 90 215 1433 274; baseline -0.004 -14"><span class='ocrx_word' id='word_1_17' title='bbox 90 220 306 274; x_wconf 80' lang='lat' dir='ltr'>quiddam,</span> <span class='ocrx_word' id='word_1_18' title='bbox 347 219 396 259; x_wconf 89' lang='lat' dir='ltr'>de</span> <span class='ocrx_word' id='word_1_19' title='bbox 429 233 512 272; x_wconf 89' lang='lat' dir='ltr'>quo</span> <span class='ocrx_word' id='word_1_20' title='bbox 546 221 610 259; x_wconf 87' lang='lat' dir='ltr'>est</span> <span class='ocrx_word' id='word_1_21' title='bbox 642 217 834 271; x_wconf 89' lang='lat' dir='ltr'>dubium,</span> <span class='ocrx_word' id='word_1_22' title='bbox 873 217 983 257; x_wconf 88' lang='lat' dir='ltr'>sitne</span> <span class='ocrx_word' id='word_1_23' title='bbox 1014 215 1180 271; x_wconf 85' lang='lat' dir='ltr'>venale,</span> <span class='ocrx_word' id='word_1_24' title='bbox 1217 230 1264 256; x_wconf 92' lang='lat' dir='ltr'>ac</span> <span class='ocrx_word' id='word_1_25' title='bbox 1294 215 1433 269; x_wconf 76' lang='lat' dir='ltr'>proxi-</span> 
     </span>
     <span class='ocr_line' id='line_1_4' title="bbox 88 250 1433 331; baseline -0.004 -12"><span class='ocrx_word' id='word_1_26' title='bbox 88 293 206 320; x_wconf 90' lang='lat' dir='ltr'>mum</span> <span class='ocrx_word' id='word_1_27' title='bbox 256 277 424 331; x_wconf 89' lang='lat' dir='ltr'>quidem</span> <span class='ocrx_word' id='word_1_28' title='bbox 472 277 633 317; x_wconf 91' lang='lat' dir='ltr'>nostris</span> <span class='ocrx_word' id='word_1_29' title='bbox 684 250 867 317; x_wconf 75' lang='lat' dir='ltr'>aediblis.</span> <span class='ocrx_word' id='word_1_30' title='bbox 942 274 1036 315; x_wconf 92' lang='lat' dir='ltr'>Hoc</span> <span class='ocrx_word' id='word_1_31' title='bbox 1086 275 1210 329; x_wconf 87' lang='lat' dir='ltr'>scito,</span> <span class='ocrx_word' id='word_1_32' title='bbox 1253 273 1433 315; x_wconf 87' lang='lat' dir='ltr'>Antium</span> 
     </span>
     <span class='ocr_line' id='line_1_5' title="bbox 89 332 1434 389; baseline -0.005 -11"><span class='ocrx_word' id='word_1_33' title='bbox 89 337 351 378; x_wconf 90' lang='lat' dir='ltr'>Buthrotum</span> <span class='ocrx_word' id='word_1_34' title='bbox 384 350 474 377; x_wconf 87' lang='lat' dir='ltr'>esse</span> <span class='ocrx_word' id='word_1_35' title='bbox 506 335 684 389; x_wconf 83' lang='lat' dir='ltr'>Romae,</span> <span class='ocrx_word' id='word_1_36' title='bbox 722 337 770 376; x_wconf 91' lang='lat' dir='ltr'>ut</span> <span class='ocrx_word' id='word_1_37' title='bbox 802 333 1010 387; x_wconf 81' lang='lat' dir='ltr'>Corcyrae</span> <span class='ocrx_word' id='word_1_38' title='bbox 1054 333 1160 373; x_wconf 88' lang='lat' dir='ltr'>illud</span> <span class='ocrx_word' id='word_1_39' title='bbox 1191 335 1315 373; x_wconf 90' lang='lat' dir='ltr'>tuum</span> <span class='ocrx_word' id='word_1_40' title='bbox 1345 332 1434 373; x_wconf 70' lang='lat' dir='ltr'>An</span> 
     </span>
     <span class='ocr_line' id='line_1_6' title="bbox 55 391 1332 448; baseline -0.005 -10"><span class='ocrx_word' id='word_1_41' title='bbox 55 414 70 439; x_wconf 92' lang='lat'><strong>5</strong></span> <span class='ocrx_word' id='word_1_42' title='bbox 91 397 204 437; x_wconf 76' lang='lat' dir='ltr'>tium.</span> <span class='ocrx_word' id='word_1_43' title='bbox 265 394 389 436; x_wconf 88' lang='lat' dir='ltr'>Nihil</span> <span class='ocrx_word' id='word_1_44' title='bbox 421 394 619 448; x_wconf 72' lang='lat' dir='ltr'>quietius,</span> <span class='ocrx_word' id='word_1_45' title='bbox 649 393 759 434; x_wconf 84' lang='lat' dir='ltr'>nihil</span> <span class='ocrx_word' id='word_1_46' title='bbox 790 393 931 447; x_wconf 88' lang='lat' dir='ltr'>alsius,</span> <span class='ocrx_word' id='word_1_47' title='bbox 960 391 1071 433; x_wconf 89' lang='lat' dir='ltr'>nihil</span> <span class='ocrx_word' id='word_1_48' title='bbox 1103 391 1332 432; x_wconf 84' lang='lat' dir='ltr'>amoenius.</span> 
     </span>
    </p>
   </div>
   <div class='ocr_carea' id='block_1_3' title="bbox 409 471 1114 530">
    <p class='ocr_par' dir='ltr' id='par_1_3' title="bbox 409 471 1114 530">
     <span class='ocr_line' id='line_1_7' title="bbox 409 471 1114 530; baseline -0.003 -13"><span class='ocrx_word' id='word_1_49' title='bbox 409 476 508 530; x_wconf 57' lang='lat' dir='ltr'>‘Ec&#39;oq</span> <span class='ocrx_word' id='word_1_50' title='bbox 542 493 615 530; x_wconf 86' lang='grc' dir='ltr'>μοι</span> <span class='ocrx_word' id='word_1_51' title='bbox 648 473 776 524; x_wconf 81' lang='grc' dir='ltr'>οὗτος</span> <span class='ocrx_word' id='word_1_52' title='bbox 807 477 936 530; x_wconf 80' lang='grc' dir='ltr'><em>φίλος</em></span> <span class='ocrx_word' id='word_1_53' title='bbox 968 471 1114 523; x_wconf 55' lang='lat' dir='ltr'>oinos?</span> 
     </span>
    </p>
   </div>
   <div class='ocr_carea' id='block_1_4' title="bbox 40 567 1436 978">
    <p class='ocr_par' dir='ltr' id='par_1_4' title="bbox 90 567 1436 742">
     <span class='ocr_line' id='line_1_8' title="bbox 90 567 1434 624; baseline -0.004 -11"><span class='ocrx_word' id='word_1_54' title='bbox 90 571 245 613; x_wconf 87' lang='lat' dir='ltr'>Postea</span> <span class='ocrx_word' id='word_1_55' title='bbox 264 585 362 612; x_wconf 84' lang='lat' dir='ltr'>vero</span> <span class='ocrx_word' id='word_1_56' title='bbox 385 585 511 624; x_wconf 87' lang='lat' dir='ltr'>quam</span> <span class='ocrx_word' id='word_1_57' title='bbox 531 569 745 623; x_wconf 75' lang='lat' dir='ltr'>Tyrannio</span> <span class='ocrx_word' id='word_1_58' title='bbox 771 568 876 609; x_wconf 91' lang='lat' dir='ltr'>mihi</span> <span class='ocrx_word' id='word_1_59' title='bbox 908 569 1041 609; x_wconf 89' lang='lat' dir='ltr'>libros</span> <span class='ocrx_word' id='word_1_60' title='bbox 1062 567 1286 622; x_wconf 88' lang='lat' dir='ltr'>disposuit,</span> <span class='ocrx_word' id='word_1_61' title='bbox 1315 581 1434 607; x_wconf 89' lang='lat' dir='ltr'>mens</span> 
     </span>
     <span class='ocr_line' id='line_1_9' title="bbox 92 626 1435 680; baseline -0.004 -9"><span class='ocrx_word' id='word_1_62' title='bbox 92 631 234 671; x_wconf 88' lang='lat' dir='ltr'>addita</span> <span class='ocrx_word' id='word_1_63' title='bbox 264 629 432 670; x_wconf 78' lang='lat' dir='ltr'>videtur</span> <span class='ocrx_word' id='word_1_64' title='bbox 463 629 569 669; x_wconf 90' lang='lat' dir='ltr'>meis</span> <span class='ocrx_word' id='word_1_65' title='bbox 602 628 786 668; x_wconf 86' lang='lat' dir='ltr'>aedibus.</span> <span class='ocrx_word' id='word_1_66' title='bbox 849 627 939 676; x_wconf 84' lang='lat' dir='ltr'>Qua</span> <span class='ocrx_word' id='word_1_67' title='bbox 971 627 1139 680; x_wconf 87' lang='lat' dir='ltr'>quidem</span> <span class='ocrx_word' id='word_1_68' title='bbox 1170 627 1216 667; x_wconf 87' lang='lat' dir='ltr'>in</span> <span class='ocrx_word' id='word_1_69' title='bbox 1246 641 1290 667; x_wconf 90' lang='lat' dir='ltr'>re</span> <span class='ocrx_word' id='word_1_70' title='bbox 1321 626 1435 666; x_wconf 90' lang='lat' dir='ltr'>miri-</span> 
     </span>
     <span class='ocr_line' id='line_1_10' title="bbox 91 684 1436 742; baseline -0.004 -12"><span class='ocrx_word' id='word_1_71' title='bbox 91 690 170 730; x_wconf 85' lang='lat' dir='ltr'>fica</span> <span class='ocrx_word' id='word_1_72' title='bbox 203 703 330 742; x_wconf 88' lang='lat' dir='ltr'>opera</span> <span class='ocrx_word' id='word_1_73' title='bbox 360 686 543 741; x_wconf 78' lang='lat' dir='ltr'>Dionysi</span> <span class='ocrx_word' id='word_1_74' title='bbox 576 689 616 727; x_wconf 89' lang='lat' dir='ltr'>et</span> <span class='ocrx_word' id='word_1_75' title='bbox 644 685 880 740; x_wconf 85' lang='lat' dir='ltr'>Menophili</span> <span class='ocrx_word' id='word_1_76' title='bbox 916 686 982 726; x_wconf 89' lang='lat' dir='ltr'>tui</span> <span class='ocrx_word' id='word_1_77' title='bbox 1012 686 1104 726; x_wconf 85' lang='lat' dir='ltr'>fuit.</span> <span class='ocrx_word' id='word_1_78' title='bbox 1157 684 1281 726; x_wconf 87' lang='lat' dir='ltr'>Nihil</span> <span class='ocrx_word' id='word_1_79' title='bbox 1311 699 1436 725; x_wconf 85' lang='lat' dir='ltr'>venu-</span> 
     </span>
    </p>

    <p class='ocr_par' dir='ltr' id='par_1_5' title="bbox 40 743 1436 978">
     <span class='ocr_line' id='line_1_11' title="bbox 40 743 1435 801; baseline -0.005 -11"><span class='ocrx_word' id='word_1_80' title='bbox 40 767 73 792; x_wconf 84' lang='lat'>10</span> <span class='ocrx_word' id='word_1_81' title='bbox 95 748 202 789; x_wconf 90' lang='lat' dir='ltr'>stius</span> <span class='ocrx_word' id='word_1_82' title='bbox 248 762 375 801; x_wconf 88' lang='lat' dir='ltr'>quam</span> <span class='ocrx_word' id='word_1_83' title='bbox 412 746 487 787; x_wconf 87' lang='lat' dir='ltr'>illa</span> <span class='ocrx_word' id='word_1_84' title='bbox 523 748 598 786; x_wconf 85' lang='lat' dir='ltr'>tua</span> <span class='ocrx_word' id='word_1_85' title='bbox 641 748 857 800; x_wconf 87' lang='lat' dir='ltr'>pegmata,</span> <span class='ocrx_word' id='word_1_86' title='bbox 899 747 1127 798; x_wconf 87' lang='lat' dir='ltr'>postquam</span> <span class='ocrx_word' id='word_1_87' title='bbox 1169 744 1229 784; x_wconf 89' lang='lat' dir='ltr'>mi</span> <span class='ocrx_word' id='word_1_88' title='bbox 1268 743 1435 796; x_wconf 80' lang='lat' dir='ltr'>sillybis</span> 
     </span>
     <span class='ocr_line' id='line_1_12' title="bbox 92 802 1436 848; baseline -0.004 0"><span class='ocrx_word' id='word_1_89' title='bbox 92 807 227 848; x_wconf 90' lang='lat' dir='ltr'>libros</span> <span class='ocrx_word' id='word_1_90' title='bbox 258 806 540 846; x_wconf 87' lang='lat' dir='ltr'>illustrarunt.</span> <span class='ocrx_word' id='word_1_91' title='bbox 580 803 698 845; x_wconf 88' lang='lat' dir='ltr'>Vale.</span> <span class='ocrx_word' id='word_1_92' title='bbox 755 803 813 844; x_wconf 74' lang='lat' dir='ltr'>Et</span> <span class='ocrx_word' id='word_1_93' title='bbox 852 803 1012 844; x_wconf 82' lang='lat' dir='ltr'>scribas</span> <span class='ocrx_word' id='word_1_94' title='bbox 1046 803 1098 843; x_wconf 88' lang='lat' dir='ltr'>ad</span> <span class='ocrx_word' id='word_1_95' title='bbox 1127 817 1194 843; x_wconf 91' lang='lat' dir='ltr'>me</span> <span class='ocrx_word' id='word_1_96' title='bbox 1226 802 1354 843; x_wconf 82' lang='lat' dir='ltr'>velim</span> <span class='ocrx_word' id='word_1_97' title='bbox 1387 802 1436 842; x_wconf 92' lang='lat' dir='ltr'>de</span> 
     </span>
     <span class='ocr_line' id='line_1_13' title="bbox 94 862 1436 920; baseline -0.003 -15"><span class='ocrx_word' id='word_1_98' title='bbox 94 864 415 920; x_wconf 72' lang='lat' dir='ltr'>gladiatoribus,</span> <span class='ocrx_word' id='word_1_99' title='bbox 448 863 520 904; x_wconf 88' lang='lat' dir='ltr'>sed</span> <span class='ocrx_word' id='word_1_100' title='bbox 551 863 623 916; x_wconf 90' lang='lat' dir='ltr'>ita,</span> <span class='ocrx_word' id='word_1_101' title='bbox 654 862 760 903; x_wconf 89' lang='lat' dir='ltr'>bene</span> <span class='ocrx_word' id='word_1_102' title='bbox 793 862 828 903; x_wconf 93' lang='lat' dir='ltr'>si</span> <span class='ocrx_word' id='word_1_103' title='bbox 848 876 937 902; x_wconf 89' lang='lat' dir='ltr'>rem</span> <span class='ocrx_word' id='word_1_104' title='bbox 957 864 1128 916; x_wconf 71' lang='lat' dir='ltr'>gerunt,</span> <span class='ocrx_word' id='word_1_105' title='bbox 1159 875 1247 902; x_wconf 90' lang='lat' dir='ltr'>non</span> <span class='ocrx_word' id='word_1_106' title='bbox 1267 875 1436 914; x_wconf 85' lang='lat' dir='ltr'>quaero,</span> 
     </span>
     <span class='ocr_line' id='line_1_14' title="bbox 93 923 557 978; baseline -0.006 -13"><span class='ocrx_word' id='word_1_107' title='bbox 93 924 202 965; x_wconf 87' lang='lat' dir='ltr'>male</span> <span class='ocrx_word' id='word_1_108' title='bbox 235 923 271 964; x_wconf 91' lang='lat' dir='ltr'>si</span> <span class='ocrx_word' id='word_1_109' title='bbox 303 937 347 964; x_wconf 88' lang='lat' dir='ltr'>se</span> <span class='ocrx_word' id='word_1_110' title='bbox 378 936 557 978; x_wconf 85' lang='lat' dir='ltr'>gessere.</span> 
     </span>
    </p>
   </div>
   <div class='ocr_carea' id='block_1_5' title="bbox 687 1037 838 1079">
    <p class='ocr_par' dir='ltr' id='par_1_6' title="bbox 687 1037 838 1079">
     <span class='ocr_line' id='line_1_15' title="bbox 687 1037 838 1079; baseline -0.007 0"><span class='ocrx_word' id='word_1_111' title='bbox 687 1037 793 1079; x_wconf 82' lang='lat' dir='ltr'><strong>VIII</strong></span> <span class='ocrx_word' id='word_1_112' title='bbox 805 1052 838 1078; x_wconf 90' lang='lat' dir='ltr'>a.</span> 
     </span>
    </p>
   </div>
   <div class='ocr_carea' id='block_1_6' title="bbox 43 1118 1083 1161">
    <p class='ocr_par' dir='ltr' id='par_1_7' title="bbox 43 1118 1083 1161">
     <span class='ocr_line' id='line_1_16' title="bbox 43 1118 1083 1161; baseline -0.004 -6"><span class='ocrx_word' id='word_1_113' title='bbox 43 1129 76 1155; x_wconf 88' lang='lat'>15</span> <span class='ocrx_word' id='word_1_114' title='bbox 451 1119 524 1154; x_wconf 79' lang='lat' dir='ltr'>Ser.</span> <span class='ocrx_word' id='word_1_115' title='bbox 552 1123 745 1153; x_wconf 68' lang='lat' dir='ltr'>auctumno</span> <span class='ocrx_word' id='word_1_116' title='bbox 771 1118 864 1152; x_wconf 74' lang='lat' dir='ltr'>mzm&#39;</span> <span class='ocrx_word' id='word_1_117' title='bbox 890 1120 963 1152; x_wconf 84' lang='grc'>698</span> <span class='ocrx_word' id='word_1_118' title='bbox 991 1119 1083 1161; x_wconf 79' lang='lat'><em>(56).</em></span> 
     </span>
    </p>
   </div>
   <div class='ocr_carea' id='block_1_7' title="bbox 496 1199 1036 1235">
    <p class='ocr_par' dir='ltr' id='par_1_8' title="bbox 496 1199 1036 1235">
     <span class='ocr_line' id='line_1_17' title="bbox 496 1199 1036 1235; baseline -0.004 0"><span class='ocrx_word' id='word_1_119' title='bbox 496 1199 686 1235; x_wconf 82' lang='lat' dir='ltr'><em>CICERO</em></span> <span class='ocrx_word' id='word_1_120' title='bbox 709 1199 903 1235; x_wconf 79' lang='lat' dir='ltr'><strong><em>ATTICO</em></strong></span> <span class='ocrx_word' id='word_1_121' title='bbox 927 1199 1036 1234; x_wconf 74' lang='lat' dir='ltr'><strong><em>SAL.</em></strong></span> 
     </span>
    </p>
   </div>
   <div class='ocr_carea' id='block_1_8' title="bbox 45 1270 1440 1678">
    <p class='ocr_par' dir='ltr' id='par_1_9' title="bbox 96 1270 1440 1433">
     <span class='ocr_line' id='line_1_18' title="bbox 183 1270 1436 1328; baseline -0.003 -14"><span class='ocrx_word' id='word_1_122' title='bbox 183 1273 353 1328; x_wconf 88' lang='lat' dir='ltr'>Apenas</span> <span class='ocrx_word' id='word_1_123' title='bbox 390 1274 462 1314; x_wconf 74' lang='lat' dir='ltr'>vix</span> <span class='ocrx_word' id='word_1_124' title='bbox 499 1273 764 1326; x_wconf 88' lang='lat' dir='ltr'>discesserat,</span> <span class='ocrx_word' id='word_1_125' title='bbox 809 1286 904 1312; x_wconf 90' lang='lat' dir='ltr'>cum</span> <span class='ocrx_word' id='word_1_126' title='bbox 942 1271 1135 1325; x_wconf 88' lang='lat' dir='ltr'>epistula.</span> <span class='ocrx_word' id='word_1_127' title='bbox 1199 1270 1308 1319; x_wconf 87' lang='lat' dir='ltr'>Quid</span> <span class='ocrx_word' id='word_1_128' title='bbox 1345 1270 1436 1311; x_wconf 86' lang='lat' dir='ltr'>ais‘?</span> 
     </span>
     <span class='ocr_line' id='line_1_19' title="bbox 96 1329 1438 1388; baseline -0.004 -14"><span class='ocrx_word' id='word_1_129' title='bbox 96 1336 276 1388; x_wconf 87' lang='lat' dir='ltr'>putasne</span> <span class='ocrx_word' id='word_1_130' title='bbox 306 1333 396 1374; x_wconf 87' lang='lat' dir='ltr'>fore</span> <span class='ocrx_word' id='word_1_131' title='bbox 421 1334 468 1372; x_wconf 92' lang='lat' dir='ltr'>ut</span> <span class='ocrx_word' id='word_1_132' title='bbox 493 1331 630 1386; x_wconf 87' lang='lat' dir='ltr'>legem</span> <span class='ocrx_word' id='word_1_133' title='bbox 654 1345 742 1372; x_wconf 91' lang='lat' dir='ltr'>non</span> <span class='ocrx_word' id='word_1_134' title='bbox 766 1331 903 1371; x_wconf 79' lang='lat' dir='ltr'>feiat‘?</span> <span class='ocrx_word' id='word_1_135' title='bbox 947 1329 1040 1385; x_wconf 89' lang='lat' dir='ltr'>Dic,</span> <span class='ocrx_word' id='word_1_136' title='bbox 1072 1344 1146 1370; x_wconf 93' lang='lat' dir='ltr'>oro</span> <span class='ocrx_word' id='word_1_137' title='bbox 1179 1332 1233 1382; x_wconf 90' lang='lat' dir='ltr'>te,</span> <span class='ocrx_word' id='word_1_138' title='bbox 1266 1329 1438 1383; x_wconf 82' lang='lat' dir='ltr'>clarius3</span> 
     </span>
     <span class='ocr_line' id='line_1_20' title="bbox 96 1388 1440 1433; baseline -0.003 -1"><span class='ocrx_word' id='word_1_139' title='bbox 96 1393 168 1433; x_wconf 82' lang='lat' dir='ltr'>vix</span> <span class='ocrx_word' id='word_1_140' title='bbox 212 1391 324 1432; x_wconf 88' lang='lat' dir='ltr'>enim</span> <span class='ocrx_word' id='word_1_141' title='bbox 360 1390 467 1431; x_wconf 92' lang='lat' dir='ltr'>mihi</span> <span class='ocrx_word' id='word_1_142' title='bbox 505 1390 724 1430; x_wconf 78' lang='lat' dir='ltr'>exaudisse</span> <span class='ocrx_word' id='word_1_143' title='bbox 762 1389 918 1430; x_wconf 86' lang='lat' dir='ltr'>videor.</span> <span class='ocrx_word' id='word_1_144' title='bbox 980 1388 1141 1429; x_wconf 81' lang='lat' dir='ltr'>Verum</span> <span class='ocrx_word' id='word_1_145' title='bbox 1185 1388 1331 1429; x_wconf 89' lang='lat' dir='ltr'>statim</span> <span class='ocrx_word' id='word_1_146' title='bbox 1373 1388 1440 1428; x_wconf 86' lang='lat' dir='ltr'>fac</span> 
     </span>
    </p>

    <p class='ocr_par' dir='ltr' id='par_1_10' title="bbox 45 1446 1440 1618">
     <span class='ocr_line' id='line_1_21' title="bbox 45 1446 1440 1503; baseline -0.004 -11"><span class='ocrx_word' id='word_1_147' title='bbox 45 1469 79 1494; x_wconf 86' lang='lat'>20</span> <span class='ocrx_word' id='word_1_148' title='bbox 98 1453 148 1491; x_wconf 85' lang='lat' dir='ltr'>ut</span> <span class='ocrx_word' id='word_1_149' title='bbox 179 1450 319 1503; x_wconf 83' lang='lat' dir='ltr'>sciam,</span> <span class='ocrx_word' id='word_1_150' title='bbox 353 1450 388 1489; x_wconf 89' lang='lat' dir='ltr'>si</span> <span class='ocrx_word' id='word_1_151' title='bbox 418 1449 543 1489; x_wconf 90' lang='lat' dir='ltr'>modo</span> <span class='ocrx_word' id='word_1_152' title='bbox 575 1448 657 1488; x_wconf 87' lang='lat' dir='ltr'>tibi</span> <span class='ocrx_word' id='word_1_153' title='bbox 688 1450 752 1489; x_wconf 88' lang='lat' dir='ltr'>est</span> <span class='ocrx_word' id='word_1_154' title='bbox 783 1447 1062 1488; x_wconf 89' lang='lat' dir='ltr'>commodum.</span> <span class='ocrx_word' id='word_1_155' title='bbox 1112 1446 1243 1487; x_wconf 88' lang='lat' dir='ltr'>Ludis</span> <span class='ocrx_word' id='word_1_156' title='bbox 1270 1446 1440 1500; x_wconf 90' lang='lat' dir='ltr'>quidem</span> 
     </span>
     <span class='ocr_line' id='line_1_22' title="bbox 101 1505 1439 1563; baseline -0.003 -14"><span class='ocrx_word' id='word_1_157' title='bbox 101 1509 301 1563; x_wconf 88' lang='lat' dir='ltr'>quoniam</span> <span class='ocrx_word' id='word_1_158' title='bbox 338 1508 425 1548; x_wconf 84' lang='lat' dir='ltr'>dies</span> <span class='ocrx_word' id='word_1_159' title='bbox 458 1510 521 1547; x_wconf 90' lang='lat' dir='ltr'>est</span> <span class='ocrx_word' id='word_1_160' title='bbox 562 1507 747 1561; x_wconf 90' lang='lat' dir='ltr'>additus,</span> <span class='ocrx_word' id='word_1_161' title='bbox 791 1521 838 1547; x_wconf 90' lang='lat' dir='ltr'>eo</span> <span class='ocrx_word' id='word_1_162' title='bbox 878 1506 1006 1546; x_wconf 89' lang='lat' dir='ltr'>etiam</span> <span class='ocrx_word' id='word_1_163' title='bbox 1047 1505 1199 1546; x_wconf 85' lang='lat' dir='ltr'>melius</span> <span class='ocrx_word' id='word_1_164' title='bbox 1237 1505 1306 1545; x_wconf 91' lang='lat' dir='ltr'>hic</span> <span class='ocrx_word' id='word_1_165' title='bbox 1343 1519 1439 1545; x_wconf 91' lang='lat' dir='ltr'>eum</span> 
     </span>
     <span class='ocr_line' id='line_1_23' title="bbox 100 1565 882 1618; baseline -0.004 -10"><span class='ocrx_word' id='word_1_166' title='bbox 100 1568 209 1608; x_wconf 91' lang='lat' dir='ltr'>diem</span> <span class='ocrx_word' id='word_1_167' title='bbox 240 1581 335 1607; x_wconf 90' lang='lat' dir='ltr'>cum</span> <span class='ocrx_word' id='word_1_168' title='bbox 366 1565 573 1618; x_wconf 90' lang='lat' dir='ltr'>Dionysio</span> <span class='ocrx_word' id='word_1_169' title='bbox 607 1568 882 1606; x_wconf 86' lang='lat' dir='ltr'>conteremus.</span> 
     </span>
    </p>

    <p class='ocr_par' dir='ltr' id='par_1_11' title="bbox 186 1620 1437 1678">
     <span class='ocr_line' id='line_1_24' title="bbox 186 1620 1437 1678; baseline -0.004 -11"><span class='ocrx_word' id='word_1_170' title='bbox 186 1624 251 1667; x_wconf 90' lang='lat' dir='ltr'>De</span> <span class='ocrx_word' id='word_1_171' title='bbox 284 1624 494 1666; x_wconf 85' lang='lat' dir='ltr'>Trebonio</span> <span class='ocrx_word' id='word_1_172' title='bbox 532 1638 706 1678; x_wconf 87' lang='lat' dir='ltr'>prorsus</span> <span class='ocrx_word' id='word_1_173' title='bbox 745 1623 825 1664; x_wconf 90' lang='lat' dir='ltr'>tibi</span> <span class='ocrx_word' id='word_1_174' title='bbox 863 1622 1088 1663; x_wconf 86' lang='lat' dir='ltr'>adsentior.</span> <span class='ocrx_word' id='word_1_175' title='bbox 1149 1620 1214 1662; x_wconf 90' lang='lat' dir='ltr'>De</span> <span class='ocrx_word' id='word_1_176' title='bbox 1246 1621 1437 1663; x_wconf 85' lang='lat' dir='ltr'>Domitio</span> 
     </span>
    </p>
   </div>
   <div class='ocr_carea' id='block_1_9' title="bbox 47 1700 1263 1818">
    <p class='ocr_par' dir='ltr' id='par_1_12' title="bbox 47 1700 1263 1818">
     <span class='ocr_line' id='line_1_25' title="bbox 277 1700 1263 1762; baseline -0.004 -14"><span class='ocrx_word' id='word_1_177' title='bbox 277 1707 425 1762; x_wconf 50' lang='grc' dir='ltr'>(σύκῳ,</span> <span class='ocrx_word' id='word_1_178' title='bbox 456 1707 515 1759; x_wconf 78' lang='grc' dir='ltr'>μὰ</span> <span class='ocrx_word' id='word_1_179' title='bbox 545 1706 625 1759; x_wconf 77' lang='grc' dir='ltr'>τὴν</span> <span class='ocrx_word' id='word_1_180' title='bbox 655 1706 880 1759; x_wconf 76' lang='grc' dir='ltr'>Δήμητρα,</span> <span class='ocrx_word' id='word_1_181' title='bbox 913 1710 1049 1745; x_wconf 79' lang='grc' dir='ltr'>σῦκον</span> <span class='ocrx_word' id='word_1_182' title='bbox 1080 1700 1183 1744; x_wconf 76' lang='grc' dir='ltr'>οὐδὲ</span> <span class='ocrx_word' id='word_1_183' title='bbox 1214 1703 1263 1744; x_wconf 75' lang='grc' dir='ltr'>ἓν</span> 
     </span>
     <span class='ocr_line' id='line_1_26' title="bbox 47 1763 844 1818; baseline -0.006 -9"><span class='ocrx_word' id='word_1_184' title='bbox 47 1783 82 1809; x_wconf 86' lang='lat'>25</span> <span class='ocrx_word' id='word_1_185' title='bbox 278 1766 416 1813; x_wconf 77' lang='grc' dir='ltr'><em>οὕτως</em></span> <span class='ocrx_word' id='word_1_186' title='bbox 448 1765 602 1818; x_wconf 81' lang='grc' dir='ltr'><em>ὅμοιον</em></span> <span class='ocrx_word' id='word_1_187' title='bbox 632 1763 844 1817; x_wconf 73' lang='grc' dir='ltr'>γέγονεν’,</span> 
     </span>
    </p>
   </div>
   <div class='ocr_carea' id='block_1_10' title="bbox 51 1853 1443 2373">
    <p class='ocr_par' dir='ltr' id='par_1_13' title="bbox 51 1853 1443 2373">
     <span class='ocr_line' id='line_1_27' title="bbox 103 1853 1440 1920; baseline -0.005 -20"><span class='ocrx_word' id='word_1_188' title='bbox 103 1874 230 1912; x_wconf 87' lang='lat' dir='ltr'>quam</span> <span class='ocrx_word' id='word_1_189' title='bbox 261 1862 324 1900; x_wconf 92' lang='lat' dir='ltr'>est</span> <span class='ocrx_word' id='word_1_190' title='bbox 355 1860 438 1899; x_wconf 89' lang='lat' dir='ltr'>ista</span> <span class='ocrx_word' id='word_1_191' title='bbox 469 1860 719 1912; x_wconf 76' lang='grc' dir='ltr'><em>περίστασις</em></span> <span class='ocrx_word' id='word_1_192' title='bbox 748 1859 937 1908; x_wconf 85' lang='lat' dir='ltr'>nostrae,</span> <span class='ocrx_word' id='word_1_193' title='bbox 968 1855 1035 1895; x_wconf 83' lang='lat' dir='ltr'>vel</span> <span class='ocrx_word' id='word_1_194' title='bbox 1067 1855 1181 1920; x_wconf 84' lang='lat' dir='ltr'>quod</span> <span class='ocrx_word' id='word_1_195' title='bbox 1212 1854 1264 1894; x_wconf 91' lang='lat' dir='ltr'>ab</span> <span class='ocrx_word' id='word_1_196' title='bbox 1295 1853 1440 1908; x_wconf 90' lang='lat' dir='ltr'>isdem,</span> 
     </span>
     <span class='ocr_line' id='line_1_28' title="bbox 103 1912 1441 1971; baseline -0.005 -13"><span class='ocrx_word' id='word_1_197' title='bbox 103 1917 170 1957; x_wconf 87' lang='lat' dir='ltr'>vel</span> <span class='ocrx_word' id='word_1_198' title='bbox 202 1918 314 1971; x_wconf 91' lang='lat' dir='ltr'>quod</span> <span class='ocrx_word' id='word_1_199' title='bbox 344 1919 509 1970; x_wconf 76' lang='lat' dir='ltr'>piaeter</span> <span class='ocrx_word' id='word_1_200' title='bbox 541 1916 801 1969; x_wconf 85' lang='lat' dir='ltr'>opinionem,</span> <span class='ocrx_word' id='word_1_201' title='bbox 839 1915 906 1955; x_wconf 83' lang='lat' dir='ltr'>vel</span> <span class='ocrx_word' id='word_1_202' title='bbox 944 1913 1056 1967; x_wconf 86' lang='lat' dir='ltr'>quod</span> <span class='ocrx_word' id='word_1_203' title='bbox 1093 1913 1173 1953; x_wconf 79' lang='lat' dir='ltr'>viii</span> <span class='ocrx_word' id='word_1_204' title='bbox 1210 1912 1313 1953; x_wconf 89' lang='lat' dir='ltr'>boni</span> <span class='ocrx_word' id='word_1_205' title='bbox 1343 1926 1441 1952; x_wconf 90' lang='lat' dir='ltr'>nus-</span> 
     </span>
     <span class='ocr_line' id='line_1_29' title="bbox 105 1969 1441 2040; baseline -0.004 -24"><span class='ocrx_word' id='word_1_206' title='bbox 105 1989 247 2030; x_wconf 70' lang='lat' dir='ltr'>quam,</span> <span class='ocrx_word' id='word_1_207' title='bbox 290 1991 421 2016; x_wconf 91' lang='lat' dir='ltr'>unum</span> <span class='ocrx_word' id='word_1_208' title='bbox 459 1975 679 2040; x_wconf 82' lang='lat' dir='ltr'>dissimile,</span> <span class='ocrx_word' id='word_1_209' title='bbox 725 1973 837 2027; x_wconf 89' lang='lat' dir='ltr'>quod</span> <span class='ocrx_word' id='word_1_210' title='bbox 878 1973 978 2013; x_wconf 93' lang='lat' dir='ltr'>huic</span> <span class='ocrx_word' id='word_1_211' title='bbox 1017 1971 1180 2012; x_wconf 82' lang='lat' dir='ltr'>meiito.</span> <span class='ocrx_word' id='word_1_212' title='bbox 1242 1969 1353 2011; x_wconf 88' lang='lat' dir='ltr'>Nam</span> <span class='ocrx_word' id='word_1_213' title='bbox 1392 1971 1441 2011; x_wconf 92' lang='lat' dir='ltr'>de</span> 
     </span>
     <span class='ocr_line' id='line_1_30' title="bbox 103 2029 1441 2098; baseline -0.004 -24"><span class='ocrx_word' id='word_1_214' title='bbox 103 2033 197 2098; x_wconf 82' lang='lat' dir='ltr'>ipso</span> <span class='ocrx_word' id='word_1_215' title='bbox 231 2048 328 2074; x_wconf 89' lang='lat' dir='ltr'>casu</span> <span class='ocrx_word' id='word_1_216' title='bbox 357 2034 499 2074; x_wconf 90' lang='lat' dir='ltr'>nescio</span> <span class='ocrx_word' id='word_1_217' title='bbox 533 2048 586 2074; x_wconf 87' lang='lat' dir='ltr'>an</span> <span class='ocrx_word' id='word_1_218' title='bbox 610 2032 717 2073; x_wconf 89' lang='lat' dir='ltr'>illud</span> <span class='ocrx_word' id='word_1_219' title='bbox 742 2032 904 2072; x_wconf 89' lang='lat' dir='ltr'>melius</span> <span class='ocrx_word' id='word_1_220' title='bbox 956 2030 1064 2078; x_wconf 88' lang='lat' dir='ltr'>Quid</span> <span class='ocrx_word' id='word_1_221' title='bbox 1085 2030 1197 2070; x_wconf 88' lang='lat' dir='ltr'>enim</span> <span class='ocrx_word' id='word_1_222' title='bbox 1221 2029 1301 2070; x_wconf 91' lang='lat' dir='ltr'>hoc</span> <span class='ocrx_word' id='word_1_223' title='bbox 1320 2029 1441 2070; x_wconf 89' lang='lat' dir='ltr'>mise-</span> 
     </span>
     <span class='ocr_line' id='line_1_31' title="bbox 51 2088 1439 2146; baseline -0.004 -12"><span class='ocrx_word' id='word_1_224' title='bbox 51 2109 86 2134; x_wconf 79' lang='grc'>30</span> <span class='ocrx_word' id='word_1_225' title='bbox 104 2092 205 2145; x_wconf 87' lang='lat' dir='ltr'>rius,</span> <span class='ocrx_word' id='word_1_226' title='bbox 237 2106 361 2145; x_wconf 88' lang='lat' dir='ltr'>quam</span> <span class='ocrx_word' id='word_1_227' title='bbox 394 2107 499 2145; x_wconf 88' lang='lat' dir='ltr'>eum,</span> <span class='ocrx_word' id='word_1_228' title='bbox 532 2092 605 2146; x_wconf 88' lang='lat' dir='ltr'>qui</span> <span class='ocrx_word' id='word_1_229' title='bbox 628 2094 694 2131; x_wconf 87' lang='lat' dir='ltr'>tot</span> <span class='ocrx_word' id='word_1_230' title='bbox 722 2105 866 2143; x_wconf 85' lang='lat' dir='ltr'>annos,</span> <span class='ocrx_word' id='word_1_231' title='bbox 899 2092 1002 2143; x_wconf 90' lang='lat' dir='ltr'>quot</span> <span class='ocrx_word' id='word_1_232' title='bbox 1021 2088 1161 2141; x_wconf 87' lang='lat' dir='ltr'>habet,</span> <span class='ocrx_word' id='word_1_233' title='bbox 1193 2088 1439 2142; x_wconf 86' lang='lat' dir='ltr'>designatus</span> 
     </span>
     <span class='ocr_line' id='line_1_32' title="bbox 105 2146 1441 2203; baseline -0.004 -12"><span class='ocrx_word' id='word_1_234' title='bbox 105 2150 253 2191; x_wconf 87' lang='lat' dir='ltr'>consul</span> <span class='ocrx_word' id='word_1_235' title='bbox 282 2151 422 2203; x_wconf 81' lang='lat' dir='ltr'>fuerit,</span> <span class='ocrx_word' id='word_1_236' title='bbox 452 2151 545 2191; x_wconf 90' lang='lat' dir='ltr'>fieri</span> <span class='ocrx_word' id='word_1_237' title='bbox 565 2150 780 2191; x_wconf 88' lang='lat' dir='ltr'>consulem</span> <span class='ocrx_word' id='word_1_238' title='bbox 798 2163 886 2190; x_wconf 89' lang='lat' dir='ltr'>non</span> <span class='ocrx_word' id='word_1_239' title='bbox 904 2162 1039 2201; x_wconf 84' lang='lat' dir='ltr'>posse,</span> <span class='ocrx_word' id='word_1_240' title='bbox 1070 2146 1321 2200; x_wconf 86' lang='lat' dir='ltr'>praesertim</span> <span class='ocrx_word' id='word_1_241' title='bbox 1346 2161 1441 2186; x_wconf 89' lang='lat' dir='ltr'>cum</span> 
     </span>
     <span class='ocr_line' id='line_1_33' title="bbox 105 2205 1440 2261; baseline -0.003 -12"><span class='ocrx_word' id='word_1_242' title='bbox 105 2211 179 2249; x_wconf 90' lang='lat' dir='ltr'>aut</span> <span class='ocrx_word' id='word_1_243' title='bbox 211 2208 325 2249; x_wconf 89' lang='lat' dir='ltr'>solus</span> <span class='ocrx_word' id='word_1_244' title='bbox 358 2212 430 2249; x_wconf 90' lang='lat' dir='ltr'>aut</span> <span class='ocrx_word' id='word_1_245' title='bbox 461 2211 571 2249; x_wconf 90' lang='lat' dir='ltr'>certe</span> <span class='ocrx_word' id='word_1_246' title='bbox 601 2223 688 2249; x_wconf 91' lang='lat' dir='ltr'>non</span> <span class='ocrx_word' id='word_1_247' title='bbox 718 2208 814 2261; x_wconf 87' lang='lat' dir='ltr'>plus</span> <span class='ocrx_word' id='word_1_248' title='bbox 845 2221 971 2261; x_wconf 87' lang='lat' dir='ltr'>quam</span> <span class='ocrx_word' id='word_1_249' title='bbox 1004 2220 1098 2246; x_wconf 89' lang='lat' dir='ltr'>cum</span> <span class='ocrx_word' id='word_1_250' title='bbox 1130 2205 1262 2246; x_wconf 89' lang='lat' dir='ltr'>altero</span> <span class='ocrx_word' id='word_1_251' title='bbox 1294 2205 1440 2258; x_wconf 80' lang='lat' dir='ltr'>petat?</span> 
     </span>
     <span class='ocr_line' id='line_1_34' title="bbox 106 2263 1443 2320; baseline -0.004 -11"><span class='ocrx_word' id='word_1_252' title='bbox 106 2266 151 2309; x_wconf 81' lang='lat' dir='ltr'>Si</span> <span class='ocrx_word' id='word_1_253' title='bbox 188 2281 287 2308; x_wconf 82' lang='lat' dir='ltr'>vero</span> <span class='ocrx_word' id='word_1_254' title='bbox 331 2266 373 2307; x_wconf 90' lang='lat' dir='ltr'>id</span> <span class='ocrx_word' id='word_1_255' title='bbox 415 2270 495 2320; x_wconf 87' lang='lat' dir='ltr'>est,</span> <span class='ocrx_word' id='word_1_256' title='bbox 540 2267 652 2320; x_wconf 88' lang='lat' dir='ltr'>quod</span> <span class='ocrx_word' id='word_1_257' title='bbox 694 2266 834 2307; x_wconf 86' lang='lat' dir='ltr'>nescio</span> <span class='ocrx_word' id='word_1_258' title='bbox 874 2280 927 2306; x_wconf 88' lang='lat' dir='ltr'>an</span> <span class='ocrx_word' id='word_1_259' title='bbox 965 2264 1037 2318; x_wconf 88' lang='lat' dir='ltr'>sit,</span> <span class='ocrx_word' id='word_1_260' title='bbox 1080 2266 1128 2304; x_wconf 90' lang='lat' dir='ltr'>ut</span> <span class='ocrx_word' id='word_1_261' title='bbox 1171 2278 1258 2304; x_wconf 88' lang='grc'>11011</span> <span class='ocrx_word' id='word_1_262' title='bbox 1300 2263 1443 2304; x_wconf 88' lang='lat' dir='ltr'>minus</span> 
     </span>
     <span class='ocr_line' id='line_1_35' title="bbox 176 2336 1228 2373; baseline -0.006 -6"><span class='ocrx_word' id='word_1_263' title='bbox 176 2342 236 2367; x_wconf 88' lang='lat' dir='ltr'>Cic.</span> <span class='ocrx_word' id='word_1_264' title='bbox 257 2342 343 2373; x_wconf 83' lang='lat' dir='ltr'>epist.</span> <span class='ocrx_word' id='word_1_265' title='bbox 361 2343 393 2366; x_wconf 86' lang='grc' dir='ltr'>Π</span> <span class='ocrx_word' id='word_1_266' title='bbox 1208 2336 1228 2366; x_wconf 87' lang='grc'>8</span> 
     </span>
    </p>
   </div>
   <div class='ocr_carea' id='block_1_11' title="bbox 1461 577 1482 606">
    <p class='ocr_par' dir='ltr' id='par_1_14' title="bbox 1461 577 1482 606">
     <span class='ocr_line' id='line_1_36' title="bbox 1461 577 1482 606; textangle 90"><span class='ocrx_word' id='word_1_267' title='bbox 1461 577 1482 606; x_wconf 72' lang='lat' dir='ltr'>[Q</span> 
     </span>
    </p>
   </div>
   <div class='ocr_carea' id='block_1_12' title="bbox 1465 1280 1483 1309">
    <p class='ocr_par' dir='ltr' id='par_1_15' title="bbox 1465 1280 1483 1309">
     <span class='ocr_line' id='line_1_37' title="bbox 1465 1280 1483 1309; baseline 0 0"><span class='ocrx_word' id='word_1_268' title='bbox 1465 1280 1483 1309; x_wconf 88' lang='lat'>1</span> 
     </span>
    </p>
   </div>
   <div class='ocr_carea' id='block_1_13' title="bbox 1465 1631 1484 1660">
    <p class='ocr_par' dir='ltr' id='par_1_16' title="bbox 1465 1631 1484 1660">
     <span class='ocr_line' id='line_1_38' title="bbox 1465 1631 1484 1660; textangle 90"><span class='ocrx_word' id='word_1_269' title='bbox 1465 1631 1484 1660; x_wconf 68' lang='grc' dir='ltr'>[Θ</span> 
     </span>
    </p>
   </div>
  </div>
 </body>
</html>
