1665 2553
190 116 375 150 XXXVIII
611 115 889 150 ADNOTATIO
916 114 1103 150 CRITICA

191 210 332 244 habent
370 210 491 253 codd,
529 209 673 253 Tyrrell
708 219 762 253 ep.
792 212 858 243 144
892 209 1061 253 intellegi
1093 219 1201 253 posse
1233 218 1384 243 censens
1417 219 1524 243 esses:

192 258 288 301 quod
312 261 415 291 erant
439 257 503 290 abs
532 260 564 290 te
587 257 640 290 vel
665 257 771 290 etiam
790 256 1046 300 siqnifieabarit
1063 260 1151 290 reete
1170 267 1249 290 esse.
1287 257 1298 300 ΙΙ
1335 255 1380 289 P.
1398 254 1487 289 121.
1503 258 1523 289 3

191 304 376 338 crebritate
394 302 573 345 Lambin,
598 302 782 345 Wesenb.,
809 302 963 346 Tyrrell,
983 303 1156 337 celeritate
1175 302 1241 345 ΜΞ,
1260 301 1399 343 Baiter,
1418 301 1523 345 Boot,

192 350 258 384 sed
289 350 383 383 illud
416 349 637 383 ‘sententiae
664 349 800 393 aptius’
837 360 915 383 esse
943 349 1107 392 conced,
1138 350 1333 384 celebritate
1359 347 1452 382 CM1.
1479 369 1524 373 -

192 401 212 431 6
238 397 377 431 ratione
402 396 451 439 M,
478 397 576 439 quod
600 396 737 429 iniuria
762 396 853 429 mihi
879 396 1024 429 videtur
1051 396 1097 429 ab
1124 395 1327 430 editoribus
1354 394 1522 429 omnibus

193 443 379 486 damnari,
413 454 480 477 om.
503 443 580 477 cod.
601 443 630 476 E
657 443 860 487 (Lehmann
885 443 960 476 Att.
982 454 1015 486 p.
1037 446 1081 476 26
1097 444 1175 486 ex),
1206 442 1392 485 Wesenb,
1418 442 1523 485 Boot,

191 490 398 535 [oratione]
422 490 559 532 Baiter,
585 494 617 524 et
643 491 802 524 oratione
828 494 859 524 et
883 501 920 524 re
945 489 1098 533 Tyrrell.
1119 510 1164 514 -
1185 493 1226 523 12
1250 490 1369 533 potuit
1394 489 1524 523 mentio

192 538 229 570 Σ
252 537 453 579 (Lehmann
480 537 555 570 Att.
576 549 609 581 p.
631 540 674 570 46
693 541 771 579 ex),
796 537 900 578 Boot,
926 537 1056 570 mentio
1077 536 1197 579 potuit
1221 539 1264 579 Δ,
1290 535 1386 580 vulg.
1408 556 1453 560 —-
1481 539 1524 569 14

191 584 243 617 sie
268 584 350 617 add.
371 585 456 627 post
482 588 576 625 esset,
602 584 656 617 ita
679 583 783 625 Boot,
810 582 961 626 Tyr-rell.
991 604 1035 607 —
1059 582 1110 616 Ib.
1132 593 1192 627 eyo
1217 583 1258 617 de
1282 594 1319 617 re
1340 594 1391 627 μ,
1417 593 1525 626 quam

194 630 274 663 edd.
324 630 383 663 Ad
419 642 453 674 p.
484 634 534 663 15.
563 634 616 663 22.
655 651 700 654 -
738 633 780 663 19
814 630 1043 673 prohoemiis
1080 630 1299 673 (prohemiis,
1332 629 1523 673 prohemis)

193 677 297 710 codd.
332 676 534 720 (Lehmann
571 676 646 710 Att.
675 688 709 720 p.
732 680 775 710 26
797 678 881 720 ex.),
921 676 1000 710 sine
1033 676 1259 720 aspiratione
1297 676 1396 718 edd,
1433 675 1525 709 item

192 734 227 767 p.
249 727 326 756 479.
349 728 387 765 2,
420 727 564 757 502.12
598 725 635 756 et
667 727 710 756 14
743 725 779 756 et
813 727 854 756 16
888 724 924 756 et
957 727 999 756 19
1033 722 1116 767 (del.
1137 723 1161 757 h
1191 723 1230 756 in
1260 722 1321 766 M).
1373 721 1414 756 V.
1428 722 1521 756 fam.

192 781 226 813 p.
248 769 472 812 LXXXVIII,
498 770 730 803 Friedlaend.
752 769 872 804 Iuven.
895 773 925 803 3.
947 773 1025 803 288.
1052 790 1097 794 —
1123 773 1165 803 21
1193 770 1322 814 idque
1342 768 1525 803 Streicher

194 815 411 850 Commentt.
433 817 504 850 Ien.
526 816 576 849 III
600 828 633 860 p.
659 820 723 849 159
749 828 782 850 n.
805 820 835 850 3.
871 815 921 850 Cf.
942 828 976 860 p.
999 819 1053 850 88.
1076 819 1129 850 31.
1169 836 1215 841 -
1252 819 1295 849 26
1332 816 1401 858 feci
1432 816 1525 860 quod

194 864 288 897 idem
327 875 411 906 scr,
446 864 517 905 feei
552 864 662 905 idem,
687 864 780 906 quod
816 863 939 906 Klotz,
979 862 1138 907 Tyrrell,
1182 863 1280 905 fecit
1320 863 1413 896 idem
1456 861 1523 905 ΜΞ,

192 909 394 943 Buecheler
418 921 509 943 mus,
530 909 644 943 Rhen.
665 909 715 942 XI
739 922 773 954 p.
796 913 880 953 519,
912 909 1054 952 Baiter,
1086 909 1276 952 Wesenb.,
1308 909 1412 952 Boot,
1438 919 1526 942 nam

196 956 357 990 ‘facilius
384 967 458 989 una
482 956 610 990 littera
633 957 664 990 T
681 956 872 990 intercidit
914 967 1026 999 quam
1044 956 1263 989 vocabulum
1283 956 1402 999 quod’.
1441 955 1525 989 Non

192 1003 383 1037 intercidit
421 1004 486 1036 aut
521 1013 595 1036 una
631 1003 758 1036 littera
791 1004 856 1036 aut
886 1014 999 1036 unum
1030 1002 1250 1036 vocabulum
1279 1003 1318 1035 in
1349 1002 1421 1044 Ml,
1460 1002 1525 1035 sed

193 1050 317 1083 omnia
342 1050 438 1083 inter
463 1050 596 1083 dimovi
622 1052 658 1083 et
682 1050 793 1091 Idem,
818 1050 878 1083 sed
897 1050 981 1092 feeit
1000 1049 1147 1083 addidit
1167 1049 1233 1091 ΜΞ,
1261 1048 1363 1082 cuius
1391 1048 1524 1092 exigua

194 1098 250 1130 est
282 1096 493 1130 auctoritas.
532 1117 577 1120 —
615 1100 656 1129 27
692 1096 903 1130 Piraeeum
933 1095 1030 1140 vulg.
1052 1097 1157 1139 vett,
1196 1095 1386 1138 VVesenb„
1418 1095 1523 1138 Boot,

193 1143 349 1187 Tyrrell,
376 1144 518 1186 piremn
542 1142 589 1176 M.
635 1142 693 1175 Ad
717 1142 803 1176 fam.
824 1154 858 1186 p.
881 1146 934 1176 88.
959 1147 1014 1185 23,
1040 1142 1137 1176 infra
1163 1154 1196 1186 p.
1221 1146 1296 1176 185.
1320 1146 1375 1184 13,
1404 1146 1480 1175 195.
1504 1146 1521 1175 1

195 1191 232 1223 et
257 1194 276 1223 9
304 1191 341 1223 et
367 1193 420 1231 18,
456 1193 531 1223 140.
554 1192 606 1222 34.
646 1210 691 1214 —
729 1192 771 1222 36
798 1200 869 1233 qua
894 1201 972 1223 eum
997 1189 1199 1223 Buecheler
1223 1200 1314 1222 mus.
1337 1188 1452 1222 Rhen.
1474 1188 1524 1221 XI

193 1248 228 1280 p.
245 1240 322 1278 519,
342 1236 478 1278 Baiter,
493 1235 646 1278 Tyr-rell,
662 1247 768 1280 quam
781 1235 830 1278 M,
851 1247 921 1280 qua
934 1235 1118 1278 Wesenb,
1139 1236 1242 1270 Boot.
1283 1237 1294 1280 ΙΙ
1336 1236 1381 1269 Ρ.
1398 1234 1487 1269 122.
1503 1239 1523 1268 3

194 1283 421 1317 ioculatorem
447 1281 489 1325 C,
522 1282 665 1325 Baiter,
698 1282 881 1325 Wesenb.,
913 1282 1067 1326 Tyrrell,
1095 1294 1176 1316 cum
1202 1293 1308 1316 eruce
1332 1282 1426 1316 Boot
1450 1292 1523 1315 non

195 1329 274 1363 sine
301 1340 422 1372 causa,
447 1330 666 1371 ioculatorie,
694 1330 758 1362 sed
782 1330 833 1363 rie
858 1329 897 1362 in
921 1340 1005 1372 ras,
1031 1329 1079 1371 M,
1105 1330 1337 1363 ioeulatoriae
1361 1329 1523 1372 disputa-

194 1376 286 1411 tioni
312 1375 386 1409 alii.
413 1397 458 1400 -
490 1380 509 1409 9
537 1377 599 1419 qui
622 1376 686 1410 sit:
719 1375 903 1419 Wesenb.,
930 1377 992 1420 qui
1015 1376 1087 1410 sit?
1130 1375 1282 1419 Tyrrell.
1309 1397 1354 1400 —
1381 1379 1423 1409 16
1449 1376 1524 1410 dies

195 1427 244 1457 est
269 1423 384 1457 dietus
410 1422 492 1456 add.
514 1422 665 1466 Madvig
689 1422 779 1456 Adv.
800 1423 849 1455 III
873 1435 907 1467 p.
931 1426 1014 1465 173,
1033 1423 1233 1469 *LueretiQ
1265 1423 1448 1457 iudicibus
1470 1433 1522 1456 re-

194 1470 344 1504 ieiendis
369 1480 401 1503 α.
422 1469 454 1502 d.
475 1468 611 1512 Baiter,
638 1469 717 1503 sine
742 1469 1039 1513 interpunctione
1065 1469 1237 1503 Wesenb.

266 1515 465 1558 Sequentia
479 1516 607 1549 eodem
621 1515 697 1549 fere
711 1516 839 1550 ordine
854 1515 1029 1560 disposui,
1052 1527 1161 1559 quem
1174 1515 1377 1549 Mommsen
1392 1525 1422 1549 a.
1434 1518 1523 1549 1845

196 1562 378 1605 instituit,
411 1561 483 1595 nisi
510 1562 608 1605 quod
632 1562 890 1606 Holzapfelum
915 1562 1050 1606 (Herm.
1073 1566 1166 1596 1890
1188 1574 1221 1606 p.
1245 1563 1442 1605 632-635)
1468 1572 1522 1595 se-

196 1611 302 1643 cutus
328 1621 362 1652 p.
380 1612 455 1642 125.
473 1612 491 1641 7
521 1609 693 1653 Coyrzosee
713 1631 757 1634 -
777 1613 818 1643 31
847 1621 1012 1653 quaerere
1039 1609 1220 1654 epistulae
1240 1608 1340 1641 XVII
1360 1608 1521 1650 adiunxi,

195 1666 291 1699 quae
311 1656 410 1699 apud
429 1655 619 1689 Baiterum
640 1657 677 1690 et
689 1655 996 1700 Wesenbergium
1017 1658 1053 1690 et
1071 1655 1243 1690 Bootium
1263 1656 1299 1689 et
1317 1654 1523 1698 Tyrrellum

196 1705 264 1747 (ep.
283 1704 362 1746 144)
389 1704 474 1735 sunt
498 1706 517 1743 ξ
539 1706 556 1735 7
584 1704 622 1736 et
646 1706 666 1736 8
694 1702 876 1746 epistulae
900 1702 993 1736 XVI.
1045 1702 1137 1736 Sunt
1162 1713 1247 1746 ergo

312 1749 351 1782 in
376 1749 446 1782 hac
473 1748 634 1782 editione
661 1767 705 1778 =
732 1750 831 1794 apud
844 1750 1033 1783 Baiter-um
1048 1751 1114 1783 etc.
1131 1767 1174 1778 =
1190 1748 1289 1794 apud
1302 1746 1521 1781 vetustiores

198 1806 253 1840 ep.
275 1795 359 1829 XVI
385 1799 473 1829 1-5
495 1796 644 1839 posthac
900 1796 983 1829 XVI
1010 1799 1098 1829 1—5
1322 1793 1405 1827 XVI
1420 1797 1509 1827 1—5

376 1846 395 1875 5
418 1852 469 1876 eX.
490 1842 561 1876 vid.
582 1853 652 1877 esse
675 1843 743 1876 val.
1002 1845 1022 1876 5
1038 1853 1090 1876 ex.
1299 1840 1400 1874 XVII
1416 1845 1496 1874 lex.

377 1939 395 1968 7
422 1935 469 1968 in.
492 1934 577 1969 Pae.
599 1946 650 1979 ep.
670 1935 839 1978 respondi
999 1939 1016 1968 7
1032 1934 1080 1968 in.
1312 1932 1396 1967 XVI
1411 1937 1452 1967 13

377 1985 395 2014 7
422 1982 533 2015 IVimc
552 1986 582 2016 te
999 1985 1018 2014 9
1415 1984 1456 2014 15

252 2025 352 2060 XVII
378 2031 466 2061 1-—3
487 2027 534 2061 in.
556 2032 648 2062 totus
673 2028 764 2062 iacet
871 2027 971 2060 XVII
997 2030 1086 2060 1—3
1113 2027 1247 2061 eoeiaee
1277 2026 1396 2059 XVIII
1415 2031 1504 2061 1—3

376 2077 395 2106 3
422 2075 515 2117 quod
539 2075 613 2108 iam
640 2095 682 2100 —
708 2077 728 2107 5
743 2084 795 2108 ex.
1000 2076 1089 2106 3-5
1103 2083 1155 2107 ex.
1317 2073 1400 2106 XVI
1415 2077 1504 2108 6-8

375 2123 406 2161 6,
434 2124 451 2153 7
891 2119 975 2152 XVI
1002 2123 1020 2153 7
1040 2130 1214 2164 coynosee,
1236 2122 1256 2153 8
1414 2124 1522 2163 13,14

232 2164 349 2198 XVHI
376 2169 464 2198 1--4
856 2166 974 2199 XVHI
1001 2170 1090 2199 1—4
1408 2170 1520 2201 9—-12

375 2215 394 2244 5
998 2215 1017 2246 5
1293 2212 1395 2246 XVII
1408 2217 1428 2247 3

263 2256 346 2290 XIX
373 2262 390 2291 1
412 2268 526 2300 usque
553 2259 600 2292 ad
628 2259 826 2293 Gabinium
892 2258 974 2291 XIX
1003 2264 1018 2291 1
1410 2264 1427 2293 1

376 2307 392 2337 1
417 2314 470 2338 ex.
491 2305 610 2340 dietat.
629 2306 749 2349 fruere
1002 2308 1020 2338 1
1034 2315 1085 2339 ex,
1277 2305 1393 2340 XVHI
1406 2306 1520 2352 3p.in.
