1665 2553
393 113 732 148 EPISTULARUM
756 114 820 148 AD
846 114 1049 149 BRUTUM
1073 115 1089 148 Ι
1116 119 1168 150 17.
1359 117 1443 158 549

110 210 315 250 victorem
353 208 525 263 habeat,
569 222 704 262 neque
742 209 1026 251 temeritatem
1062 210 1182 264 pueri
1219 213 1340 263 putet
1378 206 1444 251 ex-

110 267 411 309 timescendam
450 267 568 308 esse?
617 267 686 307 An
722 266 802 308 hoc
838 268 978 321 ipsum
1019 283 1065 309 ea
1102 284 1146 309 re
1177 268 1295 323 facit,
1333 269 1445 322 quod

109 326 173 367 illi
217 328 392 380 propter
436 326 757 379 amplitudinem
801 327 941 367 omnia
983 327 1067 367 iam
1103 327 1300 380 ultroque
1337 328 1444 368 defe-

111 385 239 425 renda
270 384 421 438 putat?
467 384 501 425 O
533 398 731 439 magnam
763 385 989 426 stultitiam
1016 386 1196 439 timoris⁷
1226 386 1268 425 id
1292 385 1444 440 ipsum,

75 460 90 484 5
111 443 222 497 quod
254 443 454 497 verearis,
490 443 551 484 ita
583 457 742 497 cavere,
781 446 841 499 ut,
872 459 966 484 cum
997 444 1130 485 vitare
1160 445 1341 484 fortasse
1372 459 1442 497 po-

110 502 260 557 tueris,
297 502 409 543 ultro
449 516 633 542 accersas
671 504 713 542 et
753 502 953 543 attrahas.
1015 502 1206 544 Nimium
1244 503 1442 543 timemus

110 563 289 601 mortem
333 563 375 601 et
420 560 615 601 exsilium
652 563 693 601 et
729 564 1030 614 paupertatem.
1093 561 1207 601 Haec
1242 561 1442 602 nimirum

110 619 306 660 videntur
344 618 537 660 Ciceroni
576 619 726 659 ultima
764 633 854 660 esse
885 619 929 660 in
959 620 1100 674 malis,
1142 623 1202 673 et,
1243 620 1342 660 dum
1372 620 1442 660 ha-

110 677 220 731 beat,
258 693 281 718 a
314 678 467 731 quibus
499 678 708 731 impetret,
741 692 846 730 quae
877 678 991 732 velit,
1023 681 1064 719 et
1096 693 1119 719 a
1151 678 1304 732 quibus
1337 679 1443 719 cola-

57 753 90 777 10
110 739 181 776 tur
219 750 265 776 30
302 736 513 790 laudetur7
557 736 821 791 servitutem,
863 736 1139 777 honorificam
1175 737 1317 790 modo,
1356 751 1443 777 non

111 797 370 849 aspernatur,
403 795 438 835 si
471 795 696 848 quicquam
726 795 771 835 in
803 798 990 835 extrema
1016 809 1062 836 ac
1086 795 1323 835 miserrima
1348 809 1441 836 con-

110 853 284 893 tumelia
320 855 463 906 potest
498 853 779 893 honorificum
818 868 917 894 esse.
979 853 1097 894 Licet
1135 867 1234 907 ergo
1276 856 1440 907 patrem

110 911 293 965 appellet
337 910 537 952 Octavius
581 910 841 966 Ciceronem,
890 911 1044 952 referat
1088 913 1244 965 omnia,
1288 912 1441 967 laudet,

110 970 269 1024 gratias
301 972 416 1024 agat,
457 973 600 1010 tamen
630 970 736 1010 illud
767 970 998 1025 apparebit,
1036 971 1163 1011 verba
1194 971 1319 1011 rebus
1353 985 1442 1011 esse

57 1044 90 1069 15
111 1029 332 1069 contraria.
386 1028 496 1076 Quid
527 1029 638 1069 enim
670 1031 758 1069 tam
790 1029 973 1069 alienum
1005 1029 1056 1069 ab
1087 1029 1284 1069 humanis
1314 1029 1442 1070 sensi-

109 1086 188 1127 bus
226 1089 290 1127 8813
328 1101 454 1140 quam
493 1101 587 1127 eum
625 1087 758 1140 patris
796 1087 951 1128 habere
981 1088 1090 1142 loco,
1134 1088 1205 1141 qui
1237 1102 1288 1128 ne
1318 1088 1442 1129 liberi

110 1145 279 1198 quidem
309 1145 493 1185 hominis
525 1160 700 1186 numero
727 1146 811 1186 sit?
860 1145 995 1199 Atqui
1022 1160 1068 1186 eo
1094 1146 1242 1201 tendit,
1273 1146 1316 1186 id
1342 1147 1442 1200 agit,

109 1203 161 1243 ad
192 1218 287 1244 eum
319 1204 479 1244 exitum
509 1206 709 1257 properat
739 1204 803 1244 vir
836 1205 1033 1257 optimus,
1065 1207 1112 1245 ut
1145 1205 1201 1245 sit
1231 1204 1295 1245 illi
1322 1204 1443 1245 Octa-

108 1261 201 1302 vius
233 1262 456 1315 propitius.
506 1262 601 1316 Ego
634 1276 732 1302 vero
764 1263 848 1303 iam
878 1263 930 1303 iis
964 1262 1127 1303 artibus
1153 1262 1262 1303 nihil
1287 1263 1443 1317 tribuo,

56 1337 89 1361 20
110 1320 264 1373 quibus
310 1319 554 1362 Ciceronem
604 1321 688 1361 scio
740 1320 1115 1361 instructissimum
1159 1335 1258 1362 esse.
1334 1321 1443 1370 Quid

109 1379 220 1419 enim
251 1378 316 1419 illi
347 1381 539 1433 prosunt,
571 1393 677 1432 quae
703 1393 779 1432 pro
804 1379 1001 1420 libertate
1027 1380 1201 1434 patriae,
1233 1380 1282 1420 de
1308 1380 1442 1434 digni-

108 1439 209 1489 tate,
242 1450 348 1490 quae
380 1437 429 1477 de
461 1440 609 1491 morte,
641 1438 803 1491 exsilio,
833 1440 1081 1491 paupertate
1107 1438 1276 1491 scripsit
1303 1439 1442 1492 copio-

110 1495 303 1535 sissime?
347 1494 513 1543 Quanto
547 1498 687 1535 autem
718 1496 852 1550 magis
882 1496 955 1536 illa
981 1497 1129 1537 callere
1155 1497 1321 1537 videtur
1345 1496 1441 1537 Phi—

107 1553 262 1607 lippus,
294 1553 367 1606 qui
397 1553 593 1607 privigno
625 1554 765 1594 minus
796 1554 995 1594 tribuerit
1027 1569 1153 1608 quam
1179 1554 1337 1607 Cicero,
1369 1555 1441 1608 qui

56 1627 88 1652 25
109 1611 245 1652 alieno
286 1611 465 1652 tribuat!
514 1611 692 1652 Desinat
729 1612 861 1665 igitur
901 1612 1120 1666 gloriando
1153 1613 1281 1653 etiam
1312 1613 1442 1654 insec-

108 1670 191 1710 tari
229 1669 394 1710 dolores
431 1673 611 1711 nostros.
679 1669 788 1718 Quid
825 1671 934 1711 enim
970 1674 1118 1712 nostra
1153 1671 1312 1711 victum
1351 1686 1441 1712 esse

107 1727 355 1780 Antonium,
389 1728 425 1768 si
455 1728 593 1769 victus
627 1731 702 1782 est,
732 1731 780 1768 ut
813 1728 885 1769 alii
915 1732 1094 1783 vacaret,
1126 1730 1237 1783 quod
1268 1730 1339 1770 ille
1371 1729 1442 1771 ob-

109 1786 267 1827 tinuit?
311 1786 498 1827 Tametsi
529 1790 626 1827 tuae
656 1787 823 1827 litterae
855 1787 981 1828 dubia
1013 1788 1140 1828 etiam
1171 1802 1282 1828 nunc
1313 1788 1439 1842 signi-

108 1845 246 1885 ficant.
308 1844 438 1910 Vivat
475 1845 644 1886 heicule
676 1844 840 1899 Cicero,
878 1845 951 1898 qui
988 1848 1148 1901 potest,
1189 1846 1365 1899 supplex
1398 1849 1440 1888 et

56 1920 89 1944 30
110 1903 336 1957 obnoxius,
375 1903 411 1944 81
447 1917 583 1957 neque
625 1903 776 1945 aetatis
807 1917 943 1957 neque
973 1904 1184 1945 honorum
1213 1919 1349 1958 neque
1379 1919 1440 1946 re

108 1976 203 2001 rum
246 1938 462 2015 gestarum
504 1962 649 2016 pudet3
699 1975 776 2016 ego
821 1965 931 2003 certe
976 1963 1096 2027 quin.
1122 1977 1216 2003 cum
1259 1963 1352 2016 ipsa
1395 1978 1440 2004 re

108 2019 267 2059 bellum
305 2033 465 2074 gemm,
505 2020 585 2061 hoc
622 2023 685 2060 est
725 2034 819 2061 cum
850 2034 980 2074 legno
1013 2023 1054 2061 et
1085 2020 1273 2074 impeliis
1306 2024 1440 2062 extra-

110 2077 331 2118 ordinariis
364 2081 405 2119 et
432 2078 716 2119 dominatione
742 2081 783 2119 et
808 2079 1012 2133 potentia,
1043 2093 1147 2132 quae
1175 2093 1301 2132 supra
1324 2080 1438 2133 leges

111 2150 154 2175 88
191 2149 280 2176 8888
317 2136 438 2190 velit,
473 2137 590 2177 nulla
628 2137 707 2177 erit
739 2140 827 2177 tam
858 2137 969 2177 bona
1001 2137 1187 2177 condicio
1221 2138 1440 2193 serviendi,

56 2210 89 2235 35
111 2208 193 2246 qua
225 2194 446 2249 deterrear,
478 2195 668 2248 quamvis
702 2195 757 2235 sit
788 2195 852 2235 vir
878 2195 1027 2249 bonus,
1058 2198 1105 2236 ut
1132 2196 1291 2250 scribis,
1317 2195 1440 2249 1·Αο-

109 2252 269 2305 tonius3
302 2253 414 2305 quod
446 2266 522 2306 ego
555 2268 785 2306 numquam
818 2253 1066 2294 existimavi.
1118 2252 1199 2294 Sed
1225 2254 1439 2295 dominum

108 2324 160 2350 ne
191 2313 407 2363 parentem
440 2311 608 2364 quidem
638 2311 817 2351 maiores
849 2311 986 2352 nostri
1017 2311 1242 2353 voluerunt
1274 2327 1374 2354 esse.
