1665 2553
159 2175 178 2205 2

210 82 297 123 336
653 81 702 117 M.
729 82 870 117 TULLI
895 81 1143 117 CICERONIS

209 192 342 232 prope
381 180 680 231 consumptum
719 179 792 218 est.
854 176 991 226 Quare
1022 176 1067 218 id
1099 191 1266 231 quoque
1298 177 1425 218 velim
1457 191 1551 217 cum

209 236 284 277 illa
321 236 482 292 videas,
519 239 567 277 ut
606 237 680 290 sit,
720 236 793 290 qui
832 239 1014 277 utamur.
1076 235 1159 276 Hic
1189 236 1371 276 fortasse
1402 238 1550 289 potero

209 309 393 349 sumere,
432 295 467 335 si
505 295 634 336 sciam
664 295 763 336 istic
793 297 991 348 paratum
1022 295 1130 350 fore3
1176 294 1264 348 sed,
1302 294 1552 348 priusquam

210 353 253 394 id
291 353 459 406 scirem,
496 353 606 394 nihil
636 368 729 394 sum
762 368 889 394 ausus
923 367 1097 394 sumere.
1160 351 1241 401 Qui
1273 353 1329 393 sit
1361 352 1552 394 omnium

208 426 351 453 rerum
382 414 519 453 status
550 415 706 466 noster,
739 412 863 453 vides.
925 410 1049 453 Nihil
1080 414 1144 452 est
1175 411 1289 466 mali,
1322 411 1434 466 quod
1464 425 1551 452 non
1589 426 1604 452 5

209 473 251 511 et
284 471 516 511 sustineam
549 473 591 511 et
624 473 872 524 exspectem.
923 469 1111 519 Quarum
1136 485 1278 511 rerum
1304 483 1352 510 eo
1380 469 1551 524 gravior

207 531 273 569 est
305 529 438 584 dolor,
472 544 553 583 quo
588 529 710 583 culpa
741 530 887 570 maior.
938 528 1015 570 Ille
1047 529 1092 569 in
1117 527 1277 569 Achaia
1301 542 1388 569 non
1414 530 1551 569 cessat

208 588 258 628 de
296 588 422 628 nobis
455 588 684 632 detrahere.
746 587 870 628 Nihil
899 588 1094 629 videlicet
1125 590 1224 628 tuae
1254 587 1423 628 litterae
1456 600 1551 641 pro-

205 646 405 687 fecerunt.
468 646 585 688 Vale.
647 658 731 687 VIII
761 645 861 687 Idus
893 646 1017 687 Mart.

832 786 925 828 XII.
1572 802 1605 826 10

433 878 506 912 Ser.
529 879 713 913 Brzmclisi
743 878 845 912 VIII
868 879 925 912 Id.
948 877 1062 913 Mart.
1084 890 1116 912 α.
1140 880 1212 913 707
1239 880 1329 922 (47).

636 970 804 1006 CICERO
832 969 1004 1006 ATTICO
1033 970 1130 1005 SAL.

298 1054 500 1109 Cephalio
538 1055 645 1095 mihi
684 1071 707 1096 a
744 1058 787 1095 te
823 1055 990 1095 litteras
1029 1054 1211 1096 reddidit
1248 1070 1281 1095 a.
1315 1055 1350 1095 d.
1378 1066 1460 1095 VIII
1492 1054 1550 1095 Id.

208 1114 332 1155 Mart.
365 1128 548 1167 vespere.
609 1113 675 1154 Eo
715 1117 856 1154 autem
901 1114 967 1154 die
997 1127 1121 1154 mane
1150 1113 1396 1154 tabellarios
1428 1113 1552 1154 mise-

207 1188 316 1226 ram,
349 1173 504 1226 quibus
537 1172 588 1212 ad
620 1175 662 1212 te
687 1172 880 1212 dederam
905 1172 1082 1212 litteras.
1133 1171 1235 1212 Tuis
1261 1174 1405 1212 tamen
1429 1171 1550 1212 lectis
1571 1188 1603 1213 15

207 1231 364 1272 litteris
409 1230 556 1284 putavi
600 1229 685 1270 iam
729 1230 888 1284 aliquid
931 1230 1247 1270 rescribendum
1289 1244 1379 1270 esse
1417 1244 1464 1270 ea
1505 1244 1550 1271 re

207 1290 407 1343 maxime,
453 1289 565 1342 quod
603 1289 790 1329 ostendis
828 1291 871 1329 te
912 1288 1092 1342 pendere
1131 1288 1279 1344 animi,
1323 1302 1549 1342 quamnam

208 1348 417 1389 rationem
451 1348 530 1387 sim
562 1346 732 1388 Caesari
764 1347 970 1387 allaturus
1002 1347 1276 1400 profectionis
1302 1361 1419 1388 meae
1445 1349 1550 1402 tum,

208 1421 303 1447 cum
335 1421 384 1447 ex
416 1404 542 1446 Italia
573 1406 848 1446 discesserim.
911 1404 1033 1445 Nihil
1065 1419 1170 1458 opus
1204 1407 1270 1446 est
1300 1405 1407 1445 mihi
1437 1419 1548 1447 nova

207 1465 383 1506 ratione.
447 1463 578 1518 Saepe
617 1464 728 1505 enim
766 1464 818 1505 ad
855 1478 951 1504 eum
991 1464 1141 1518 scripsi
1171 1463 1403 1517 multisque
1434 1478 1548 1505 man-
1569 1480 1602 1504 20

207 1524 302 1564 davi
340 1538 406 1565 me
437 1537 524 1563 non
554 1523 764 1578 potuisse,
802 1537 930 1577 quom
961 1522 1191 1577 cupissem,
1229 1536 1443 1563 sermones
1475 1522 1548 1563 ho-

207 1582 371 1622 minum
404 1582 624 1636 sustinere,
654 1582 873 1635 multaque
904 1581 951 1622 in
981 1595 1073 1622 eam
1105 1581 1368 1622 sententiam.
1425 1579 1548 1621 Nihil

207 1641 321 1681 enim
353 1643 460 1694 erat,
499 1640 612 1694 quod
642 1641 783 1681 minus
816 1654 911 1681 eum
942 1640 1094 1681 vellem
1126 1639 1378 1694 existimare,
1421 1654 1548 1693 quam

207 1713 275 1740 me
306 1702 427 1739 tanta
459 1699 508 1739 de
540 1713 583 1739 re
615 1713 701 1739 non
732 1713 825 1740 meo
858 1699 1035 1740 consilio
1067 1713 1192 1739 usum
1223 1712 1324 1739 esse.
1373 1696 1546 1739 Postea—

207 1772 301 1813 que,
333 1772 462 1811 quom
493 1757 598 1798 mihi
630 1757 800 1798 litterae
826 1772 848 1798 a
873 1756 1008 1798 Balbo
1037 1755 1233 1798 Cornelio
1259 1756 1423 1797 minore
1448 1756 1546 1797 mis·
1566 1771 1599 1798 25

207 1830 277 1857 sae
318 1819 458 1856 essent
489 1816 611 1856 illum
643 1816 885 1857 existimare
918 1815 1123 1864 Quintum
1153 1816 1328 1856 fratrem
1361 1814 1545 1855 ‘lituum’

206 1889 322 1916 meae
360 1874 636 1928 profectionis
674 1875 806 1915 fuisse
839 1873 917 1929 (ita
950 1875 1061 1915 enim
1093 1871 1300 1929 scripsit),
1338 1872 1411 1926 qui
1441 1887 1546 1914 non-

207 1933 306 1973 dum
350 1946 616 1988 cognossem,
661 1947 767 1987 quae
805 1933 854 1974 de
890 1948 955 1974 me
994 1932 1177 1981 Quintus
1217 1931 1454 1985 scripsisset
1494 1931 1546 1972 ad

1632 1908 1639 1966 ’1

205 1992 376 2046 multos,
408 1992 489 2032 etsi
517 1992 653 2032 multa
678 2005 875 2045 praesens
901 1991 946 2032 in
971 1993 1236 2045 praesentem
1262 1990 1408 2031 acerbe
1435 1989 1545 2030 dixe—
1567 2021 1571 2023 μ
1633 2029 1639 2036 ,

205 2052 272 2090 rat
305 2052 346 2090 et
376 2050 544 2105 fecerat,
576 2053 718 2091 tamen
750 2050 837 2090 nilo
870 2050 1010 2090 minus
1042 2049 1108 2090 his
1140 2048 1280 2090 verbis
1313 2048 1364 2089 ad
1397 2046 1543 2089 Caesa·
1564 2064 1598 2088 30
1633 2037 1638 2062 '

207 2122 295 2148 rem
327 2122 407 2148 scr1
442 2123 494 2149 si:

296 2166 386 2207 ‘De
410 2123 618 2215 pQuinto
667 2167 829 2207 fratre
872 2181 976 2207 meo
1021 2181 1117 2206 non
1159 2165 1323 2206 minus
1366 2164 1543 2205 laboro

207 2237 352 2276 quam
395 2224 451 2265 de
494 2239 565 2266 me
608 2225 739 2281 ipso,
783 2225 866 2265 sed
909 2239 1015 2266 eum
1059 2225 1157 2265 tibi
1203 2223 1543 2265 commendare

205 2280 297 2321 hoc
340 2296 445 2323 meo
482 2286 708 2337 tempore
745 2297 843 2324 non
881 2283 1046 2324 audeo.
1109 2282 1244 2323 Illud
1281 2282 1543 2322 dumtaxat
