1665 2553
245 107 326 149 182
675 107 721 142 Μ.
750 107 890 141 TULLI
916 106 1162 142 CICERONIS

853 223 965 265 VIII.
1098 265 1100 267 ,

577 298 651 334 Ser.
673 299 811 342 Ephesi
836 299 884 333 K.
909 298 981 333 Oct.
1003 310 1036 333 α.
1058 302 1128 334 ’704
1155 301 1247 342 (50).

664 368 830 403 CICERO
857 368 1029 403 ATTICO
1057 368 1151 403 SAL.

332 435 439 477 Cum
471 435 753 476 instituissem
787 435 838 476 ad
869 437 911 476 te
938 434 1119 476 scribere
1146 435 1436 489 calamumque
1466 449 1575 475 sum·

243 495 440 549 psissem7
483 494 689 535 Batonius
735 508 756 534 e
799 493 897 534 navi
927 495 1041 534 recta
1074 493 1125 534 ad
1155 509 1221 535 me
1252 494 1366 535 venit
1404 493 1574 534 domum
1612 509 1627 535 5

243 553 404 607 Ephesi
430 555 471 593 et
498 552 724 606 epistulam
750 554 868 592 tuam
893 551 1073 593 reddidit
1099 552 1232 605 pridie
1250 551 1343 592 Kal.
1360 550 1573 593 Octobres.

242 610 444 652 Laetatus
485 625 580 651 sum*
615 611 817 651 felicitate
855 610 1138 665 navigationis
1177 613 1286 664 tuae,
1330 609 1574 664 opportuni-

244 673 332 711 tate
357 669 501 724 Piliae,
528 669 655 710 etiam
680 668 847 709 hercule
875 683 1067 710 sermone
1094 668 1277 710 eiusdem
1304 669 1353 710 de
1379 669 1573 723 coniugio

245 728 407 769 Tulliae
446 742 571 768 meae.
633 726 840 768 Batonius
879 729 1019 768 autem
1050 727 1181 768 miros
1213 729 1394 768 terrores
1427 727 1478 768 ad
1508 741 1574 768 me

245 787 391 827 attulit
430 785 721 840 Caesarianos,
766 800 859 827 cum
896 785 1031 840 Lepta
1074 786 1200 826 etiam
1243 786 1365 839 plura
1406 785 1573 827 locutus
1595 803 1627 827 10

246 848 326 899 est,
365 859 485 898 spero
518 844 637 900 falsa,
675 844 746 885 sed
778 847 889 885 certe
919 844 1160 900 horribilia,
1197 844 1426 885 exercitum
1456 843 1572 884 nullo

244 903 368 944 modo
402 903 685 957 dimissurum,
717 917 811 943 cum
843 903 915 943 illo
948 905 1163 956 praetores
1190 903 1445 957 designatos,
1477 900 1574 943 Cas-

246 962 354 1002 sium
391 962 609 1002 tribunum
647 961 721 1016 pL,
757 960 983 1002 Lentulum
1022 961 1235 1002 consulem
1266 962 1417 1016 facere,
1453 960 1574 1002 Pom-

244 1020 338 1074 peio
370 1020 416 1060 in
448 1020 587 1060 animo
615 1035 704 1061 esse
737 1020 884 1061 urbem
915 1019 1161 1073 relinquere.

334 1078 414 1120 Sed
453 1078 557 1119 heus
597 1080 663 1119 tu!
706 1078 911 1132 numquid
951 1078 1128 1119 moleste
1165 1078 1248 1119 fers
1287 1077 1336 1118 de
1366 1077 1459 1132 1110,
1501 1077 1573 1131 qui
1593 1092 1625 1119 15

247 1152 289 1178 se
322 1136 430 1178 solet
463 1137 670 1178 anteferre
701 1139 852 1189 patruo
886 1137 1042 1176 sororis
1075 1138 1171 1177 tuae
1201 1136 1312 1177 filii?
1362 1138 1405 1176 at
1437 1151 1460 1176 a
1486 1135 1573 1189 qui-

246 1195 324 1235 bus
359 1194 511 1235 victus!
574 1193 653 1235 Sed
686 1194 736 1234 ad
766 1209 865 1236 rem.

332 1252 422 1294 Nos
455 1253 608 1294 etesiae
639 1252 1007 1294 vehementissime
1032 1251 1270 1306 tardarunt3
1301 1251 1484 1292 detraxit
1509 1262 1571 1291 XX

245 1312 360 1364 ipsos
399 1311 485 1352 dies
524 1311 651 1352 etiam
689 1311 913 1364 aphractus
951 1310 1223 1351 Rhodiorum.
1283 1308 1375 1350 Kal.
1403 1308 1570 1350 Octobr.

245 1370 415 1423 Epheso
448 1370 772 1410 conscendentes
797 1369 904 1410 hanc
930 1368 1156 1422 epistulam
1182 1368 1371 1409 dedimus
1404 1367 1447 1408 L.
1475 1367 1606 1408 Tar-0
1592 1384 1625 1410 20

247 1428 381 1482 quitio
421 1428 547 1468 simul
584 1442 604 1468 e
641 1430 768 1481 portu
799 1427 1048 1481 egiedienti7
1089 1426 1159 1468 sed
1193 1426 1428 1480 expeditius
1460 1426 1572 1467 navi-

247 1486 374 1541 ganti.
449 1486 539 1527 Nos
583 1485 847 1526 Rhodiorum
897 1485 1107 1540 aphractis
1157 1484 1389 1539 ceterisque
1432 1484 1571 1539 longis

245 1521 423 1585 navibus
464 1545 795 1598 tranquillitates
835 1544 1083 1597 aucupaturi
1115 1558 1298 1598 eramus3
1341 1543 1401 1584 ita
1431 1545 1573 1584 tamen

246 1603 590 1657 properabamus,
620 1605 668 1643 ut
698 1617 785 1644 non
815 1606 957 1657 posset
988 1601 1134 1656 magis.

335 1661 397 1702 De
429 1662 680 1702 raudusculo
712 1661 944 1702 Puteolano
978 1663 1155 1715 gratum.
1204 1659 1328 1701 Nunc
1359 1659 1484 1700 velim
1515 1659 1572 1700 di·
1592 1675 1624 1701 25

248 1720 399 1774 spicias
432 1735 498 1761 res
530 1720 762 1774 Romanas,
800 1719 959 1775 videas,
991 1719 1091 1773 quid
1120 1719 1244 1759 nobis
1276 1718 1325 1758 de
1355 1717 1571 1770 triumpho

247 1779 516 1833 cogitandum
553 1781 695 1833 putes,
733 1778 784 1818 ad
822 1792 945 1832 quem
983 1777 1105 1818 amici
1141 1791 1207 1817 me
1243 1778 1404 1818 vocant.
1464 1775 1572 1831 Ego,

245 1837 329 1878 nisi
361 1836 557 1891 Bibulus,
599 1837 683 1891 qui,
715 1837 813 1877 dum
844 1851 952 1877 unus
983 1835 1121 1876 hostis
1153 1835 1196 1875 in
1229 1834 1350 1888 Syria
1380 1833 1474 1888 fuit,
1505 1848 1572 1887 pe-

247 1895 340 1936 dem
377 1898 501 1948 porta
531 1910 617 1936 non
648 1895 743 1948 plus
776 1894 927 1935 extulit
961 1909 1085 1948 quam
1116 1893 1294 1934 *domo
1328 1907 1420 1948 sua,
1461 1892 1572 1933 adni-

248 1956 407 1994 teretur
439 1953 488 1994 de
519 1953 747 2007 triumpho,
779 1967 911 2006 aequo
944 1953 1083 1993 animo
1116 1966 1258 1993 essem.
1317 1950 1443 1992 Nunc
1473 1964 1571 1992 vero
1592 1967 1624 1992 30

248 2012 430 2066 αἰσχρὸν
463 2018 640 2053 σιωπᾶν.
697 2011 777 2053 Sed
809 2011 981 2064 explora
1010 2024 1098 2050 rem
1129 2012 1275 2063 totam7
1305 2012 1366 2064 ut>
1397 2023 1479 2063 quo
1507 2009 1572 2049 die

249 2070 462 2124 congressi
494 2070 662 2124 erimus,
693 2069 916 2110 consilium
948 2082 1093 2122 capere
1124 2068 1346 2133 possimus.

336 2127 410 2169 Sat
441 2128 586 2182 multa7
619 2128 691 2182 qui
724 2130 764 2168 et
796 2141 1064 2181 111-’0110131010
1096 2128 1137 2166 et
1166 2126 1203 2166 ei
1228 2126 1392 2167 litteras
1419 2124 1572 2179 darem,

248 2186 320 2238 qui
352 2189 424 2226 aut
456 2201 618 2227 mecum
651 2189 722 2227 aut
748 2186 873 2239 paulo
900 2187 996 2226 ante
1021 2186 1224 2225 venturus
1251 2186 1370 2225 esset.
1427 2181 1571 2224 Cicero

249 2243 330 2283 tibi
363 2244 589 2297 plurimam
622 2244 802 2285 salutem
834 2243 946 2284 dicit.
1009 2242 1073 2283 Tu
1106 2242 1215 2283 dices
1248 2242 1468 2295 utriusque
1499 2255 1570 2282 no·
1591 2255 1624 2282 35

247 2303 382 2342 strum
415 2303 553 2343 verbis
587 2305 628 2343 et
658 2302 790 2343 Piliae
823 2304 918 2342 tuae
951 2303 992 2341 et
1024 2300 1145 2341 filiae.
