1665 2553
297 103 638 139 EPISTULARUM
663 104 728 138 AD
753 104 970 140 ATTICUM
994 104 1080 139 XIII
1105 109 1253 141 42-45.
1364 107 1448 147 427

111 200 308 254 opinione
341 202 382 241 et
413 200 534 241 fama.
592 199 764 242 Cottam
794 201 852 241 mi
883 200 1011 241 velim
1041 201 1206 256 mittas3
1244 200 1450 243 Libonem
1476 214 1496 244 3

109 272 274 300 mecum
303 258 440 300 habeo
473 262 514 300 et
541 259 774 300 habueram
799 262 896 300 ante
923 258 1107 300 Cascam.
1158 259 1318 301 Brutus
1344 261 1450 301 mihi

110 317 154 358 T.
186 316 332 372 Ligari
368 318 508 359 verbis
545 319 779 374 nuntiavit,
823 318 936 372 quod
973 318 1210 372 appelletur
1247 318 1291 360 L.
1321 318 1450 360 Corfi-

109 376 202 417 dius
235 377 281 417 in
312 377 502 418 oratione
534 376 775 432 Ligariana,
805 380 991 418 erratum
1024 391 1114 418 esse
1145 392 1297 418 meum.
1358 376 1448 431 Sed,

75 438 158 477 5ut
196 435 334 490 aiunt,
376 437 648 490 μνημονικὸν
686 436 922 491 ἁμάρτημα.
986 434 1179 477 Sciebam
1217 434 1449 477 Corfidium

108 494 465 547 pernecessarium
497 494 785 549 Ligariorum,
830 494 901 535 sed
940 509 1036 535 eum
1077 495 1196 535 video
1231 498 1327 536 ante
1360 510 1449 536 esse

107 555 336 594 mortuum.
386 553 452 594 Da
484 553 628 609 igitur,
661 567 831 608 quaeso,
860 553 1082 607 negotium
1110 553 1331 608 Pharnaci,
1363 553 1448 594 An-

107 614 219 665 taeo,
257 611 417 667 Salvio,
455 614 502 652 ut
534 611 577 652 id
607 626 762 653 nomen
794 626 843 652 ex
876 612 1072 653 omnibus
1104 612 1226 653 libris
1258 613 1448 654 tollatur.

714 728 841 770 XLV.

54 815 88 840 10
313 809 387 844 Ser.
408 810 449 843 in
479 809 683 844 Tusculano
709 810 782 843 III
802 809 859 843 Id.
880 808 975 844 Seoet.
998 821 1029 843 α.
1053 812 1075 844 7
1077 812 1125 844 09
1152 812 1241 853 (45).

511 891 701 926 CICERO
725 891 917 926 ATTICO
942 891 1050 925 SAL.

193 962 294 1004 Fuit
326 963 438 1017 apud
468 977 534 1004 me
566 963 713 1004 Lamia
745 966 842 1017 post
875 963 1105 1004 discessum
1136 966 1259 1004 tuum
1291 964 1446 1017 epistu-
1474 976 1491 1005 1

106 1022 274 1076 lamque
315 1022 367 1062 ad
409 1036 475 1063 me
511 1022 656 1063 attulit
693 1022 867 1063 missam
906 1022 988 1062 sibi
1027 1037 1050 1062 a
1083 1020 1269 1063 Caesare.
1333 1021 1447 1070 Quae
1509 1040 1517 1043 ·

107 1095 364 1135 quamquam
413 1083 510 1121 ante
559 1080 657 1122 data
707 1083 796 1121 erat
843 1094 969 1134 quam
1012 1080 1110 1121 illae
1153 1080 1446 1135 Diocharinae,

54 1156 87 1181 15
106 1142 249 1180 tamen
297 1139 422 1193 plane
472 1139 712 1180 declarabat
754 1139 876 1180 illum
919 1141 1017 1179 ante
1050 1139 1184 1180 vludos
1228 1139 1445 1180 Romanos

107 1213 195 1239 esse
227 1200 465 1239 venturum.
527 1197 579 1238 In
611 1213 693 1252 qua
725 1200 912 1239 extrema
944 1197 1149 1251 scriptum
1182 1200 1284 1251 erat,
1314 1200 1363 1238 ut
1395 1198 1447 1239 ad

105 1256 228 1298 ludos
261 1256 403 1298 omnia
434 1260 603 1310 pararet
633 1271 738 1297 neve
770 1256 1067 1312 committeret,
1097 1259 1146 1297 ut
1172 1257 1331 1297 frustra
1356 1257 1446 1309 ipse

105 1317 385 1369 properasset.
454 1314 636 1356 Prorsus
687 1330 737 1356 ex
782 1315 850 1356 his
893 1315 1051 1355 litteris
1094 1329 1182 1356 non
1224 1315 1448 1356 videbatur

106 1388 195 1415 esse
244 1374 438 1428 dubium,
488 1374 592 1428 quin
635 1377 732 1415 ante
780 1388 871 1415 eam
916 1373 1027 1414 diem
1072 1376 1276 1414 venturus
1323 1377 1446 1426 esset,

53 1449 86 1473 20
105 1433 291 1486 itemque
334 1432 489 1486 Balbo,
533 1447 629 1473 cum
673 1447 765 1474 eam
809 1432 1037 1486 epistulam
1080 1432 1273 1487 legisset,
1313 1433 1446 1474 videri

105 1490 252 1532 Lamia
284 1491 462 1531 dicebat.

193 1548 295 1590 Dies
326 1549 528 1589 feriarum
559 1548 665 1589 mihi
697 1548 862 1590 additos
894 1550 1035 1604 video,
1077 1549 1150 1590 sed
1182 1563 1308 1602 quam
1340 1549 1445 1590 mul-

106 1611 186 1662 tos,
217 1608 295 1662 fac,
329 1607 364 1648 si
395 1622 463 1648 me
495 1622 624 1662 amas,
656 1607 796 1648 sciam.
846 1607 910 1648 De
941 1607 1100 1648 Baebio
1133 1608 1294 1661 poteris
1328 1610 1369 1648 et
1395 1607 1444 1648 de

106 1666 238 1707 altero
271 1666 408 1707 vicino
442 1665 640 1720 Egnatio.

53 1741 86 1766 25
194 1724 315 1773 Quod
346 1739 413 1764 1116
443 1723 641 1778 hortaris,
671 1726 720 1764 ut
752 1737 822 1764 eos
853 1723 940 1764 dies
968 1738 1213 1764 consumam
1239 1724 1285 1764 111
1309 1723 1445 1777 philo·
1470 1736 1491 1766 2

106 1783 256 1837 sophia
288 1783 547 1838 explicanda,
579 1784 816 1822 currentem
850 1785 899 1822 tu
925 1782 1111 1836 quidem,
1145 1782 1216 1823 sed
1242 1796 1336 1822 cum
1360 1781 1444 1823 Do-

104 1841 259 1882 labella
290 1841 516 1882 vivendum
548 1854 639 1881 esse
671 1840 766 1881 istis
794 1840 942 1881 diebus
968 1840 1095 1881 vides.
1147 1840 1352 1888 Quodnisi
1377 1855 1443 1881 me

106 1899 312 1954 Torquati
343 1914 469 1941 causa
499 1901 674 1951 teneret,
707 1899 808 1939 satis
841 1901 931 1939 erat
962 1898 1135 1953 dierum,
1168 1902 1216 1939 ut
1240 1898 1442 1940 Puteolos

106 1972 325 1999 excurrere
357 1972 526 2012 possem
559 1960 600 1998 et
632 1957 683 1998 ad
714 1961 881 2010 tempus
907 1957 1055 1998 redire.
1103 1956 1250 1997 Lamia
1275 1957 1444 2010 quidem
1470 1970 1490 2000 3

53 2033 86 2058 30
107 2031 130 2056 a
155 2016 307 2071 Balbo,
339 2020 386 2057 ut
412 2016 647 2070 videbatur,
679 2016 896 2056 audiverat
922 2016 1080 2056 multos
1106 2029 1303 2056 nummos
1331 2016 1444 2056 domi

106 2089 196 2115 esse
231 2051 493 2129 nuineratos,
532 2089 637 2128 quos
682 2077 896 2128 oporteret
930 2089 1056 2127 quam
1087 2074 1270 2127 piimum
1302 2074 1444 2129 dividi,

105 2146 308 2198 magnum
352 2109 517 2186 pondiis
562 2133 745 2187 argeum
790 2133 1027 2173 auctionem
1068 2135 1234 2186 praeter
1274 2132 1444 2186 praedia

105 2191 242 2245 primo
277 2206 443 2245 quoque
478 2194 668 2244 tempore
699 2191 791 2231 fieri
820 2193 1028 2246 o.portere
1092 2190 1261 2232 Scribas
1294 2190 1348 2231 ad
1377 2206 1444 2232 me

104 2249 250 2305 velim,
293 2250 395 2303 quid
439 2249 521 2289 tibi
566 2249 740 2303 placeat.
802 2244 1030 2304 Equidem,
1073 2249 1109 2290 si
1153 2263 1203 2289 ex
1245 2249 1443 2290 omnibus

52 2324 85 2349 35
106 2310 218 2349 esset
258 2307 517 2363 eligendum,
562 2321 638 2348 nec
679 2307 991 2361 diligentiorem
1029 2322 1106 2348 nec
1147 2307 1443 2349 officiosiorem
