1665 2553
150 2232 190 2264 (4)

215 74 303 116 524
642 73 690 109 M.
719 73 859 108 TULLI
884 73 1131 108 CICERONIS

215 170 395 211 mirifica
431 169 593 211 indoles
631 170 804 210 virtutis
838 172 911 210 est.
973 169 1150 211 Utinam
1181 172 1269 210 tam
1300 170 1423 212 facile
1454 185 1550 213 eum

215 228 437 270 florentem
470 232 510 269 et
542 228 777 269 honoribus
809 231 851 269 et
883 229 1021 283 gratia
1046 243 1191 283 regere
1217 243 1264 269 ac
1288 231 1429 270 tenere
1455 244 1549 283 pos-

217 288 362 340 simus,
395 302 521 342 quam
552 287 675 328 facile
707 286 841 328 adhuc
866 287 1096 328 tenuimus!
1139 287 1221 328 Est
1248 288 1417 329 omnino
1443 288 1550 329 fflud

215 346 449 399 difficilius,
489 345 559 387 sed
597 349 739 387 tamen
775 360 862 387 non
899 346 1140 387 diffidimus.
1201 345 1454 387 Persuasum
1485 350 1549 388 est

216 405 327 446 enim
371 405 628 446 adulescenti
671 407 713 445 et
750 404 929 445 maxime
966 419 1040 458 per
1076 419 1143 445 me
1179 404 1269 445 eius
1308 419 1435 459 opera
1471 420 1549 446 nos
1588 423 1603 448 5

216 478 305 504 esse
337 464 486 504 salvos.
537 462 595 504 Et
628 465 750 517 certe,
780 463 863 504 nisi
894 463 930 503 is
963 463 1199 504 Antonium
1229 463 1281 504 ab
1307 464 1410 504 urbe
1437 478 1550 505 aver-

216 522 357 576 tisset,
400 522 609 575 perissent
653 521 804 563 omnia.
867 521 1023 562 Triduo
1067 536 1166 563 vero
1204 524 1278 562 aut
1314 522 1548 576 quadriduo

215 584 312 622 ante
344 581 452 621 hanc
482 595 570 621 rem
589 581 927 634 *pulcherrimam
960 581 1112 621 timore
1144 581 1326 634 quodam
1357 582 1550 634 perculsa

215 640 364 680 civitas
402 642 495 680 tota
527 639 578 679 ad
609 642 651 680 te
683 654 726 680 se
760 653 854 680 cum
885 639 1137 693 coniugibus
1170 642 1211 680 et
1241 639 1387 680 liberis
1419 639 1549 681 effun-

217 698 359 752 debat3
404 698 547 739 eadem
577 701 764 739 recreata
795 713 828 738 a.
855 698 890 738 d.
917 710 982 738 XII
1013 697 1105 738 Kal.
1132 697 1266 739 Maias
1298 701 1340 738 te
1370 698 1453 739 huc
1483 713 1549 739 ve—
1569 716 1604 740 1ο

214 757 305 797 11110
350 771 475 810 quam
518 771 561 797 se
605 757 656 797 ad
699 760 740 798 te
785 757 844 798 ire
887 756 1084 797 malebat.
1148 756 1238 806 Quo
1277 757 1446 810 quidem
1483 756 1549 797 die

213 829 468 870 magnorum
503 830 695 856 meorum
734 815 929 856 laborum
961 815 1274 869 multarumque
1305 815 1549 870 vigiliarum

213 874 399 915 fructum
431 875 521 928 cepi
552 875 794 927 maximum,
827 874 862 915 si
887 874 1011 915 modo
1038 877 1102 915 est
1129 874 1281 927 aliquis
1307 874 1471 915 fructus
1499 888 1548 915 ex

215 933 349 974 solida
380 947 561 986 veraque
587 933 734 988 gloria.
784 931 895 973 Nam
920 936 1063 974 tantae
1089 932 1389 987 multitudinis,
1421 947 1548 987 quan-

213 994 303 1032 tam
335 992 447 1045 capit
479 992 580 1032 urbs
613 995 772 1045 nostra,
803 1006 1029 1032 concursus
1063 994 1126 1032 est
1157 991 1208 1032 ad
1239 1007 1305 1033 me
1337 992 1492 1046 factus,
1525 1007 1549 1032 a
1568 1008 1602 1034 15

215 1065 298 1104 qua
341 1065 474 1104 usque
518 1051 563 1090 in
600 1049 860 1104 Capitolium
903 1050 1105 1091 deductus
1143 1050 1329 1091 maximo
1367 1050 1548 1091 clamore

215 1112 342 1163 atque
380 1109 531 1162 plausu
569 1109 613 1149 in
645 1110 795 1150 rostris
828 1109 1057 1150 collocatus
1091 1124 1194 1150 sum.
1256 1108 1377 1149 Nihil
1409 1111 1473 1150 est
1503 1109 1549 1150 in

212 1183 279 1208 me
312 1168 452 1221 inane,
495 1182 631 1221 neque
662 1168 774 1208 enim
807 1168 947 1221 debet,
987 1168 1058 1208 sed
1089 1170 1231 1208 tamen
1264 1167 1453 1208 omnium
1485 1181 1548 1208 or—

213 1226 359 1266 dinum
404 1240 649 1279 consensus,
693 1226 927 1280 gratiarum
970 1226 1078 1266 actio
1122 1226 1437 1280 gratulatioque
1481 1240 1547 1266 me

213 1287 450 1325 commovet
481 1287 721 1338 propterea,
759 1284 871 1338 quod
902 1285 1149 1338 popularem
1180 1299 1246 1324 me
1279 1298 1369 1325 esse
1400 1284 1445 1324 in
1475 1299 1546 1337 po-
1569 1301 1602 1325 ρο

212 1343 305 1397 puli
336 1343 471 1383 salute
502 1343 763 1396 praeclarum
796 1346 869 1383 est.
921 1341 1000 1383 Sed
1028 1343 1131 1383 haec
1156 1345 1198 1384 te
1224 1343 1334 1383 malo
1362 1342 1414 1383 ab
1442 1342 1545 1383 aliis.

303 1401 370 1442 Me
401 1401 528 1442 velim
559 1401 608 1442 de
638 1402 725 1442 tuis
757 1401 882 1442 rebus
914 1402 1185 1455 consiliisque
1216 1401 1346 1442 facias
1372 1401 1547 1456 diligen-

211 1460 376 1502 tissime
408 1461 630 1501 certiorem
661 1460 851 1513 illudque
883 1460 1136 1514 consideres,
1175 1474 1228 1500 ne
1259 1463 1334 1501 tua
1363 1460 1547 1501 liberali-

211 1522 278 1560 tas
310 1519 558 1560 dissolutior
588 1519 791 1560 videatur.
855 1517 924 1559 Sic
956 1519 1085 1560 sentit
1118 1521 1301 1573 senatus,
1326 1518 1385 1559 sic
1415 1533 1547 1572 popu-

211 1578 278 1619 lus
310 1578 548 1632 Romanus,
584 1577 725 1618 nullos
764 1592 965 1643 umquam
1001 1577 1146 1618 hostes
1184 1554 1397 1631 digniores
1431 1577 1544 1618 omni
1566 1593 1600 1618 25

214 1637 420 1691 supplicio
452 1612 585 1677 fuis'se
617 1651 743 1690 quam
775 1651 845 1677 eos
879 1636 1001 1690 cives,
1041 1636 1113 1690 qui
1144 1635 1224 1676 1100
1229 1611 1366 1676 ὅ110110
1399 1638 1546 1676 contra

211 1696 394 1749 patriam
438 1710 553 1736 arma
596 1698 813 1750 ceperunt3
866 1709 971 1748 quos
1014 1695 1183 1748 quidem
1227 1708 1303 1748 ego
1349 1693 1546 1734 omnibus

212 1755 435 1795 sententiis
467 1754 648 1795 ulciscor
680 1756 721 1794 et
753 1768 982 1807 persequor
1015 1753 1210 1794 omnibus
1242 1752 1366 1793 bonis
1399 1752 1546 1806 adpro-

210 1813 423 1854 bantibus.
486 1812 549 1853 Tu
588 1813 690 1866 quid
720 1812 770 1853 de
800 1812 878 1853 hac
910 1826 954 1852 re
987 1812 1155 1866 sentias,
1194 1811 1258 1852 tui
1290 1810 1432 1851 iudicii
1463 1813 1546 1865 est3

211 1885 289 1926 ego
329 1872 389 1912 sic
426 1871 581 1925 sentio,
621 1871 751 1911 trium
790 1871 969 1911 fratrum
1005 1885 1133 1911 unam
1171 1872 1212 1911 et
1250 1869 1422 1910 eandem
1454 1883 1545 1910 esse
1565 1886 1600 1911 30

210 1944 390 1971 causam.

829 2009 935 2050 IHa.

483 2084 555 2123 Scr,
573 2085 710 2120 Romae
742 2086 776 2119 V
797 2086 883 2120 Kal.
911 2086 1006 2119 Mai.
1034 2097 1066 2119 α.
1095 2087 1163 2119 711
1191 2086 1279 2127 (43).

614 2153 804 2189 CICERO
829 2152 1009 2187 BRUTO
1035 2153 1142 2187 SAL.

299 2220 504 2263 Consules
536 2220 640 2261 duos
671 2220 806 2261 bonos
840 2219 1020 2273 quidem,
1057 2219 1128 2259 sed
1159 2218 1378 2260 dumtaxat
1405 2219 1540 2260 bonos
1561 2235 1595 2261 35

210 2280 404 2321 consules
450 2279 677 2321 amisimus.
746 2277 913 2319 Hirtius
953 2277 1121 2331 quidem
1157 2278 1203 2318 in
1239 2278 1331 2331 ipsa
1367 2277 1546 2318 victoria
