1665 2553
343 96 683 132 EPISTULARUM
707 96 771 130 AD
798 94 1013 130 ATTICUM
1038 94 1088 129 Vl
1113 98 1144 129 2.
1329 93 1410 134 171

72 194 265 235 civitates
304 193 564 235 emerserint.
639 191 831 234 Accessit
871 191 1014 232 altera.
1071 190 1181 232 Mira
1218 191 1339 230 erant
1369 189 1414 229 in
1441 199 1461 230 5

73 252 320 293 civitatibus
346 252 537 306 ipsorum
562 252 678 292 furta
705 249 975 305 Graecorum,
1002 264 1109 304 quae
1134 248 1413 303 magistratus

72 311 140 352 sui
175 311 371 352 fecerant.
434 309 633 359 Quaesivi
671 310 761 364 ipse
799 309 848 349 de
886 309 958 363 iis,
1003 307 1077 362 qui
1115 308 1236 349 annis
1274 307 1415 347 decem

72 369 279 424 proximis
323 369 622 423 magistratum
664 370 893 423 gesserant.
959 366 1121 421 Aperte
1157 365 1414 407 fatebantur.

31 445 53 470 -5
72 427 221 482 Itaque
259 428 349 468 sine
385 428 473 468 ulla
513 427 749 482 ignominia
791 426 879 467 suis
917 426 1074 467 umeris
1106 425 1305 479 pecunias
1338 438 1416 478 po-

72 488 184 542 pulis
222 486 491 528 rettulerunt.
553 485 709 540 Populi
746 488 889 526 autem
925 485 1044 526 nullo
1083 484 1247 539 gemitu
1278 483 1416 537 publi-

72 546 206 599 canis,
251 545 406 599 quibus
446 544 529 586 hoc
565 545 659 599 ipso
700 545 837 585 lustro
868 543 978 585 nihil
1008 542 1242 596 solverant,
1286 542 1416 583 etiam

73 604 305 658 superioris
330 604 458 644 lustri
482 604 642 656 reliqua
667 602 949 644 reddiderunt.
998 601 1150 655 Itaque
1174 600 1414 656 publicanis

74 663 118 703 in
151 663 285 704 oculis
318 677 476 703 sumus.
541 661 735 717 ‘Gratis',
771 661 933 716 inquis,
974 660 1120 702 ‘viris’.
1185 658 1414 701 Sensimus.

19 740 54 764 ιο
72 721 164 763 Iam
190 724 328 762 cetera
353 721 459 761 iuris
482 721 611 762 dictio
637 735 714 761 nec
738 719 937 773 imperita
960 722 1002 760 et
1024 719 1205 761 clemens
1229 733 1324 759 cum
1347 718 1415 759 ad-

72 780 260 822 mirabili
296 779 518 834 facilitate3
563 779 701 820 aditus
740 782 881 819 autem
919 778 972 819 ad
1008 793 1075 819 me
1115 777 1289 818 minime
1321 791 1416 830 pro-

71 839 292 893 vinciales3
323 838 434 879 nihil
464 852 538 892 per
571 837 895 892 cubicularium,
927 839 1025 878 ante
1055 836 1195 878 lucem
1224 835 1416 877 inambu—

71 898 213 939 labam
245 897 359 938 domi
390 899 438 938 ut
471 897 574 938 olim
600 896 858 937 candidatus.
911 894 1043 937 Grata
1066 895 1170 936 haec
1195 897 1236 935 et
1261 908 1417 949 magna

73 956 264 1010 mihique
294 956 482 996 nondum
513 955 728 996 laboriosa
759 969 810 996 ex
842 954 916 995 illa
946 957 1088 996 vetere
1119 953 1284 994 militia.

20 1033 54 1057 15
161 1013 300 1056 Nonis
320 1013 445 1055 Maiis
464 1014 511 1055 in
529 1012 723 1055 Ciliciam
742 1013 994 1068 cogitabam.
1037 1012 1106 1053 Ibi
1131 1027 1227 1053 cum
1245 1010 1417 1052 lunium

74 1087 259 1114 mensem
297 1073 656 1127 consumpsissem
694 1071 849 1128 (atque
885 1072 1051 1112 utinam
1087 1071 1133 1112 in
1163 1071 1281 1124 pace!
1331 1085 1417 1110 ma-

75 1147 207 1187 gnum
237 1132 349 1172 enim
380 1131 539 1173 bellum
570 1131 770 1185 inpendet
795 1146 819 1172 a
843 1129 1059 1187 Parthis),
1090 1129 1347 1178 Quinctilem
1371 1128 1418 1169 in

74 1191 214 1231 reditu
244 1204 410 1244 ponere.
459 1189 639 1231 Annuae
670 1190 783 1231 enim
812 1189 919 1230 milii
945 1202 1096 1242 operae
1122 1203 1155 1229 a.
1183 1188 1219 1228 d.
1245 1199 1297 1228 ΙΙΙ
1321 1186 1415 1228 Kal.

76 1248 222 1290 Sextil.
264 1251 513 1290 emerentur.
585 1247 743 1303 Magna
791 1250 933 1288 autem
974 1247 1021 1288 in
1061 1261 1134 1301 spe
1176 1261 1270 1287 sum
1309 1245 1417 1286 mihi

21 1325 56 1350 20
74 1308 184 1349 nihil
214 1307 419 1361 temporis
451 1310 731 1361 prorogatum
761 1307 825 1347 iri.
875 1305 1099 1347 Habebam
1129 1308 1223 1346 acta
1254 1304 1418 1345 urbana

75 1380 210 1420 usque
239 1366 291 1406 ad
315 1364 462 1407 Nonas
488 1365 685 1421 Martias3
718 1380 739 1406 e
766 1365 919 1419 quibus
945 1364 1246 1419 intellegebam
1271 1361 1418 1404 Curio-

75 1425 142 1466 nis
172 1424 312 1464 nostri
344 1424 585 1465 constantia
611 1424 753 1466 omnia
783 1424 928 1478 potius
961 1426 1102 1464 actum
1134 1422 1189 1463 iri
1215 1436 1342 1476 quam
1368 1421 1418 1461 de

76 1482 318 1538 provinciis.
380 1482 511 1537 Ergo,
542 1485 591 1523 ut
623 1497 760 1538 spero,
790 1497 922 1537 prope
954 1482 1064 1522 diem
1094 1484 1137 1522 te
1167 1480 1330 1522 videbo.

165 1540 302 1582 Venio
335 1541 387 1581 ad
417 1540 600 1582 Brutum
631 1544 771 1595 tuum,
801 1542 932 1582 immo
963 1543 1176 1594 nostrum,
1215 1539 1274 1580 sic
1306 1539 1418 1579 enim

24 1617 58 1642 25
78 1600 224 1641 mavis.
286 1599 497 1653 Equidem
529 1600 670 1641 omnia
700 1600 797 1654 feci,
836 1613 942 1653 quae
980 1599 1103 1652 potui
1140 1600 1214 1638 aut
1250 1598 1296 1638 in
1325 1611 1420 1638 mea

34 1686 37 1691 ‹
77 1658 296 1712 provincia
327 1658 526 1712 perficere
558 1661 632 1699 aut
661 1658 706 1699 in
730 1672 861 1712 regno
889 1657 1080 1710 experiri.
1132 1655 1259 1697 Omni
1283 1655 1419 1709 igitur

77 1717 203 1758 modo
236 1717 303 1771 egi
335 1731 430 1757 cum
460 1730 558 1770 rege
596 1719 637 1757 et
664 1730 743 1771 ago
770 1715 923 1756 cotidie
954 1729 1029 1769 per
1052 1715 1218 1755 litteras
1247 1714 1419 1754 scilicet.

79 1774 226 1829 Ipsum
258 1775 370 1816 enim
402 1774 590 1815 triduum
625 1774 956 1828 quadriduumve
980 1787 1145 1814 mecum
1168 1772 1301 1813 habui
1331 1774 1419 1812 tur-

79 1833 266 1875 bulentis
298 1835 344 1874 in
373 1833 520 1888 rebus,
561 1833 715 1887 quibus
754 1847 850 1873 eum
886 1832 1077 1872 liberavi.
1140 1829 1222 1872 Sed
1253 1832 1295 1871 et
1327 1832 1421 1871 tum

27 1909 62 1933 30
82 1906 277 1945 praesens
322 1895 363 1933 et
403 1894 551 1946 postea
589 1891 853 1932 creberrimis
891 1904 979 1931 non
1016 1889 1163 1930 destiti
1192 1902 1344 1942 rogare
1376 1891 1419 1929 et

82 1952 223 2003 petere
265 1965 358 1991 mea
400 1965 544 2004 causa,
586 1950 760 1990 suadere
804 1952 845 1990 et
883 1948 1048 1990 hortari
1086 1963 1172 1989 sua.
1232 1946 1420 1988 Multum

82 2008 257 2062 profeci,
298 2009 369 2050 sed
401 2011 625 2063 quantum,
665 2022 754 2048 non
782 2008 923 2063 plane,
965 2007 1064 2061 quia
1100 2006 1226 2060 longe
1258 2005 1421 2060 absum,

84 2067 181 2107 scio.
243 2065 495 2108 Salaminios
528 2069 669 2108 autem
701 2065 803 2121 (lios
836 2066 948 2106 enim
979 2067 1172 2118 poteram
1202 2063 1418 2119 coercere)

83 2124 254 2178 adduxi,
291 2128 338 2165 ut
375 2128 515 2166 totum
544 2139 701 2166 nomen
732 2123 901 2178 Scaptio
933 2123 1091 2164 vellent
1129 2122 1308 2176 solvere,
1347 2123 1421 2163 sed

29 2200 64 2225 35
84 2183 322 2224 centesimis
364 2183 499 2224 ductis
542 2199 565 2224 a
605 2197 812 2237 proxuma
852 2182 1021 2236 quidem
1062 2180 1305 2235 syngrapha
1344 2195 1422 2222 nec

36 2268 39 2273 -
83 2242 316 2296 perpetuis,
375 2242 447 2282 sed
494 2242 709 2282 renovatis
764 2240 1002 2294 quotannis,
1075 2238 1422 2280 Numerabantur

82 2300 261 2341 nummi:
305 2300 443 2341 noluit
478 2298 684 2353 Scaptius.
748 2300 812 2340 Tu
851 2299 924 2352 qui
962 2298 1023 2339 ais
1055 2298 1238 2339 Brutum
1269 2312 1421 2352 cupere
