1665 2553
298 73 638 108 EPISTULARUM
662 72 727 106 AD
753 70 968 107 ATTICUM
993 71 1009 105 Ι
1037 75 1090 115 19,
1118 75 1172 106 20.
1373 71 1428 112 35

88 170 429 224 celebrabantur,
468 168 553 210 iam
598 167 669 209 diu
712 167 804 209 fieri
853 167 1079 208 desierunt.
1154 166 1219 208 Tu
1261 168 1299 208 si
1343 166 1429 208 tuis

88 228 306 271 blanditiis
344 230 486 269 tamen
525 241 548 268 a
581 225 789 281 Sicyoniis
820 225 1138 267 nummulorum
1171 225 1331 280 aliquid
1363 239 1430 266 ex-

87 287 305 343 presseris,
335 286 464 328 velim
493 299 561 327 me
591 285 721 327 facias
753 285 985 326 certiorem.

178 345 540 388 Commentarium
565 344 809 386 consulatus
840 344 924 385 mei
956 342 1113 385 Graece
1145 342 1428 397 compositum

53 423 69 449 5
88 406 185 447 misi
219 405 270 446 ad
300 407 353 446 te.
414 403 466 446 In
498 417 581 458 quo
615 403 651 444 si
683 403 784 458 quid
815 403 907 458 erit,
943 402 1056 457 quod
1086 401 1251 443 homini
1282 401 1427 442 Attico

88 465 229 506 minus
251 462 457 505 Graecum
483 462 777 516 eruditumque
802 461 1006 517 videatur,
1029 475 1117 502 non
1143 460 1290 515 dicam,
1317 460 1430 514 quod

88 524 189 579 tibi,
223 526 272 564 ut
310 522 479 577 opinor,
513 520 745 563 Panhormi
781 519 983 561 Lucullus
1022 520 1071 560 de
1109 519 1197 560 suis
1234 518 1428 560 historiis

88 582 263 636 dixerat,
295 595 351 637 se,
380 595 463 636 quo
489 580 657 621 facilius
684 579 778 620 illas
805 579 1005 633 probaret
1035 577 1218 619 Romani
1242 577 1427 619 hominis

89 655 197 696 esse,
233 640 386 682 idcirco
424 639 606 680 barbara
643 638 846 693 quaedam
885 640 925 679 et
963 637 1129 679 soloeca
1163 637 1428 692 dispersisse,

35 717 70 742 ιο
89 700 201 754 apud
237 713 304 740 me
344 698 379 739 si
418 697 518 752 quid
552 698 631 739 erit
664 698 752 738 eius
783 696 915 752 modi,
953 710 1020 737 me
1050 696 1317 750 imprudente
1350 695 1429 736 erit

89 762 130 800 et
161 758 308 799 invito.
370 756 568 798 Latinum
603 756 638 797 si
669 756 902 811 perfecero,
934 755 984 796 ad
1015 757 1058 795 te
1088 755 1268 796 mittam.
1331 753 1429 795 Ter-

88 817 197 858 tium
241 819 390 871 po’effla
434 817 694 871 exspectato,
735 829 788 855 ne
833 813 945 868 quod
988 827 1120 868 genus
1165 828 1188 854 a
1230 827 1297 854 me
1334 813 1427 867 ipso

89 875 225 916 laudis
259 888 376 916 meae
406 874 782 928 praetermittatur.
844 872 926 913 Hic
960 875 1008 912 tu
1041 885 1138 913 cave
1170 871 1300 913 dicas:
1333 872 1428 921 ςΤίς

88 933 236 989 πατέρ’
273 933 475 987 αἰνήσει;’
520 931 565 974 Si
598 935 660 973 est
693 932 804 973 enim
837 931 946 985 apud
977 930 1170 971 homines
1203 930 1428 985 quicquam

1456 353 1498 384 10

35 1010 69 1036 15
90 993 204 1047 quod
241 992 384 1047 potius
422 992 497 1046 sit,
533 991 745 1046 laudetur,
781 1004 860 1031 nos
896 990 1199 1043 vituperemur,
1239 989 1312 1043 qui
1341 1003 1429 1029 non
1487 1004 1494 1007 ⁷

89 1052 234 1106 potius
267 1050 349 1092 alia
378 1050 628 1091 laudemus?
685 1048 949 1103 Quamquam
985 1062 1071 1089 non
1114 1047 1428 1102 ἐγκωμιαστικὰ

89 1112 189 1151 sunt
219 1109 334 1164 haec,
366 1109 438 1150 sed
472 1109 679 1163 ἱστορικά,
712 1121 819 1162 quae
850 1107 1085 1148 scribimus.

177 1168 358 1217 Quintus
390 1168 521 1208 frater
546 1169 702 1222 purgat
729 1180 773 1208 se
803 1165 910 1207 mihi
940 1179 1014 1220 per
1045 1165 1211 1206 litteras
1240 1167 1281 1205 et
1307 1165 1428 1205 adfir-

87 1230 176 1268 mat
224 1227 334 1268 nihil
383 1241 406 1267 a
456 1240 500 1267 se
543 1226 739 1280 cuiquam
783 1225 832 1266 de
873 1226 917 1265 te
960 1238 1077 1265 secus
1124 1237 1215 1264 esse
1258 1223 1427 1264 dictum.

34 1304 69 1329 20
88 1285 249 1327 Verum
290 1285 393 1326 haec
433 1284 558 1326 nobis
603 1298 743 1326 coram
788 1298 951 1324 summa
995 1297 1094 1323 cura
1131 1285 1171 1323 et
1209 1282 1430 1337 diligentia

90 1348 190 1386 sunt
221 1344 398 1399 agenda,
430 1346 479 1384 tu
503 1343 629 1385 modo
654 1357 732 1384 nos
758 1343 894 1383 revise
920 1341 1168 1395 aliquando(
1208 1339 1428 1382 Cossinius

88 1403 175 1458 hic,
212 1403 278 1444 cui
310 1402 404 1443 dedi
433 1402 617 1456 litteras,
653 1401 775 1442 valde
805 1400 910 1441 mihi
943 1400 1079 1441 bonus
1110 1399 1238 1440 homo
1272 1402 1312 1440 et
1343 1414 1430 1441 non

89 1462 194 1502 levis
228 1464 269 1502 et
300 1475 443 1502 amans
475 1460 540 1501 tui
571 1460 687 1501 visus
720 1462 783 1501 est
816 1462 856 1500 et
883 1458 993 1514 talis,
1027 1458 1193 1512 qualem
1220 1472 1310 1499 esse
1336 1472 1431 1499 eum

89 1523 189 1562 tuae
218 1518 326 1561 mihi
356 1519 524 1560 litterae
553 1519 814 1560 nuntiarant.
876 1517 1023 1558 Idibus
1054 1516 1231 1558 Martiis.

36 1713 70 1740 25
715 1693 805 1735 XX.

402 1773 476 1809 Ser.
503 1774 638 1808 Romae
665 1786 706 1808 m.
735 1773 841 1807 Maio
867 1784 900 1807 α.
929 1775 998 1807 694
1026 1773 1116 1816 (60).

515 1854 682 1890 CICERO
710 1853 882 1888 ATTICO
910 1853 1006 1887 SAL.

181 1927 286 1970 Cum
330 1942 349 1970 e
391 1927 648 1981 Pompeiano
692 1940 759 1967 me
802 1925 981 1966 Romam
1025 1925 1275 1979 recepissem
1317 1940 1350 1966 a.
1393 1925 1428 1966 d.

92 1999 159 2028 1111
183 1986 282 2028 Idus
308 1986 455 2041 Maias,
487 1984 656 2027 Cincius
686 1987 830 2026 noster
857 1999 947 2025 eam
973 1983 1078 2024 milii
1105 1984 1179 2024 abs
1205 1986 1248 2024 te
1274 1984 1428 2038 epistu-

39 2064 72 2088 30
91 2046 176 2086 lam
204 2045 397 2101 reddidit,
429 2059 554 2099 quam
579 2046 628 2085 tu
675 2043 820 2084 Idibus
847 2042 966 2084 Febr.
1001 2042 1181 2083 dederas.
1232 2041 1288 2083 Ei
1317 2057 1429 2083 nunc

94 2103 299 2158 epistulae
328 2103 483 2144 litteris
514 2103 582 2144 his
614 2102 887 2156 respondebo.
937 2100 999 2142 Ac
1025 2101 1208 2154 primum
1232 2099 1313 2141 tibi
1338 2115 1428 2155 per-

93 2164 283 2217 spectum
325 2175 414 2202 esse
450 2161 652 2202 iudicium
689 2161 739 2201 de
776 2163 817 2201 te
847 2173 987 2200 meum
1019 2159 1169 2213 laetor,
1208 2159 1354 2200 deinde
1385 2163 1428 2200 te

72 2221 136 2262 ‘in
161 2221 213 2262 iis
240 2219 379 2274 rebUS,
411 2234 517 2274 quae
541 2219 646 2260 mihi
679 2219 866 2272 asperius
900 2233 923 2258 a
953 2217 1078 2258 nobis
1112 2220 1237 2271 atque
1267 2219 1426 2259 nostris

92 2282 134 2320 et
159 2278 428 2320 iniucundius
455 2280 571 2318 actae
595 2277 858 2332 videbantur,
886 2276 1271 2317 moderatissimum
1296 2277 1427 2318 fuisse

1169 2346 1213 2378 3*

1456 1176 1496 1205 11
