1665 2553
608 69 647 104 P.
670 72 864 104 135—140.
1308 67 1404 102 XLV

71 167 115 197 14
140 163 376 207 adrogantur
402 163 517 204 codd.,
545 162 699 197 Schiche
724 162 746 196 1.
768 162 804 206 1.,
830 163 1066 208 adroganter
1092 162 1186 205 edd,
1212 164 1405 205 tamquam

71 221 93 244 a
118 209 288 244 Schichio
313 211 497 243 mutatum
521 211 648 243 tuetur
673 210 710 243 L.
733 209 872 244 Gurlitt
896 220 1019 254 progr.
1040 208 1196 254 Steglitz
1224 212 1313 242 1898
1334 220 1367 252 p.
1384 212 1404 241 3

70 261 144 290 n.2.
167 277 210 281 —
232 260 274 290 15
294 267 368 291 non
388 256 546 290 alterum
565 257 705 290 habent
725 257 828 290 codd.
842 258 926 290 Zet
939 268 957 290 c
972 256 1177 295 (Lehmann
1197 255 1273 289 Att.
1286 267 1320 300 p.
1336 258 1404 298 70),

71 314 140 338 om.
161 307 203 338 Δ.
248 303 307 337 Ad
331 315 365 348 p.
387 307 441 337 84.
465 307 519 338 28.
547 324 591 328 —-
616 303 666 337 Ib.
689 302 935 347 ὃυσεκλάλητα
961 303 1131 346 Turneb,
1158 302 1299 337 Guriitt
1323 302 1346 336 1.
1369 301 1405 344 1.,

72 351 408 385 ΔΥΕΕΕΚΙΛΛΗΤΑ
428 349 477 393 Μ,
498 362 579 384 cum
601 361 706 384 cruce
720 351 814 384 Boot
835 351 994 394 ι’ζὸυςεκ.),
1015 348 1249 394 ὃυσεξείλητα
1266 348 1404 390 Baiter,

71 396 225 441 TyrreIL
246 395 491 441 δυσεξίλλητα,
518 395 758 441 δυσεξέλικτα,
784 397 1020 442 δυσδιήγητα,
1041 396 1308 440 δυσδιεξήγητα
1328 395 1406 438 alii,

73 442 291 478 δυσὲκλεκτα
317 443 473 478 Schiche
498 443 560 478 1.1.
581 456 617 488 p.
635 448 687 478 15.
703 465 748 469 —
768 448 810 478 23
836 455 910 478 non
935 445 1036 479 modo
1061 445 1173 487 homo,
1197 444 1258 478 sed
1282 454 1327 477 ne
1344 454 1405 477 ru-

73 501 149 525 mor
175 491 318 535 quidem
343 492 530 535 quisquam
556 502 620 525 scr.
644 492 757 535 (homo
781 493 929 535 nemo?),
955 502 1030 525 non
1054 491 1157 525 modo
1185 501 1285 525 nemo
1305 490 1407 524 modo

73 538 137 582 (ad
154 549 189 582 p.
207 541 260 571 24.
277 539 311 582 8)
330 549 373 572 ne
393 538 510 572 Roma
529 539 670 582 quidem
689 539 876 583 quisquam
896 538 1012 580 codd„
1040 548 1122 572 cum
1143 548 1249 571 cruce
1269 536 1406 578 Baiter,

73 595 148 619 non
178 585 282 619 ‘modo
306 596 406 619 nemo
432 586 550 626 domo,
581 585 641 619 sed
665 596 708 619 ne
734 585 851 619 Roma
876 585 1017 629 quidem
1042 585 1230 628 quisquam
1254 584 1407 628 Kayser,

74 631 194 665 Madv.
210 631 300 665 Adv.
321 632 354 665 Π
378 644 412 675 p.
428 636 506 674 235,
533 631 634 675 Tyrr.
656 632 782 675 (domo,
806 643 927 666 verum
946 631 1105 665 Hirschf.
1120 631 1299 665 Fleckeis.
1324 641 1406 663 ann.

77 682 164 712 1871
192 690 227 722 p.
249 680 341 722 205),
368 678 553 721 ἊῙ636111).,
581 679 646 712 sed
672 679 799 712 addito
826 678 1001 713 asterisco
1024 679 1180 712 addend.
1197 678 1289 712 coni.
1304 689 1407 712 cura-

75 726 126 760 vit
150 724 208 758 vel
231 725 317 767 fecit
341 725 398 759 vel
423 726 576 769 scripsit,
601 737 701 759 nemo
727 736 933 768 meorum,
957 726 1018 760 secl
1041 737 1086 759 ne
1109 736 1232 759 rumor
1257 725 1409 769 quidem,

76 772 279 816 quicquam
303 776 344 806 ut
373 774 541 807 sciremus
566 772 721 806 Schiche
745 783 866 817 progr.
887 772 1004 806 Berol.
1028 776 1116 806 1895
1142 784 1177 816 p.
1200 777 1242 806 15
1258 782 1310 814 sq.
1356 771 1410 804 De

79 818 197 863 ‘gravi
235 819 413 852 orationis
450 819 540 853 vitio
577 830 699 853 rumor
736 820 936 863 quisquam’
971 819 1123 863 Madvig
1155 819 1341 852 dicturum
1372 828 1410 851 se

76 865 270 910 profitetur
293 866 339 899 ad
354 865 469 900 X125.
487 870 517 908 1,
537 865 602 899 ubi
621 869 733 910 p.‘208
758 866 971 910 ‘pronomen
991 867 1180 910 quisquam
1199 864 1412 899 Ciceronem

77 914 225 956 praeter
257 912 445 946 vocabulis
471 912 638 946 homines
666 913 961 957 significantibus
989 912 1177 946 addidisse
1204 913 1318 946 etiam
1348 922 1409 955 ap-

77 959 342 1003 pellationibus
373 959 536 1003 plurium
559 959 760 1002 hominum,
787 971 869 993 cum
895 960 949 993 rei
974 959 1135 993 nomine’
1163 970 1236 993 non
1262 958 1411 993 coniun-

77 1005 176 1039 xisse
202 1005 317 1040 docet.
368 1006 478 1049 Mihi,
504 1006 679 1049 quoniam
704 1006 817 1040 semel
843 1007 942 1050 apud
969 1005 1181 1040 Ciceronem
1205 1005 1411 1039 invenimus

79 1053 165 1087 ordo
190 1053 388 1097 quisquam,
413 1064 525 1098 yenus
548 1053 731 1087 hommum
756 1054 958 1098 quodquam
982 1053 1106 1087 nescio
1133 1064 1181 1086 an
1206 1053 1411 1097 quidquam,

80 1100 208 1144 leqatio
242 1099 317 1133 sive
348 1111 546 1153 quaequam
571 1100 646 1134 sive
673 1101 877 1144 quisquam,
910 1111 984 1135 non
1009 1100 1112 1134 modo
1136 1101 1255 1142 homo,
1285 1100 1345 1133 secl
1370 1110 1413 1132 ne

78 1156 201 1181 rumor
232 1147 372 1191 quidem
404 1148 592 1191 quisquam
622 1146 770 1180 facilius
802 1147 954 1181 tolerari
984 1157 1093 1199 posse
1124 1147 1270 1180 videtur
1302 1156 1414 1189 quam

79 1204 152 1227 non
177 1194 279 1227 modo
305 1205 404 1228 nemo
428 1215 475 1219 —
498 1194 558 1228 sed
583 1205 627 1228 ne
652 1194 769 1228 Roma
794 1195 952 1237 quzdem,
985 1194 1024 1227 in
1051 1204 1134 1236 quo,
1166 1203 1261 1236 quae
1286 1192 1414 1226 volunt

81 1250 160 1274 esse
187 1240 382 1283 contiaria,
409 1241 534 1275 domus
560 1242 596 1274 et
615 1241 742 1283 Roma,
768 1251 888 1284 neque
914 1240 1096 1274 collocata
1122 1242 1209 1274 sunt
1233 1241 1333 1274 recte
1352 1250 1412 1273 ne-

81 1297 152 1330 que
178 1288 264 1320 sunt
289 1287 448 1331 omnino,
474 1290 516 1322 ut
541 1287 681 1332 opinor,
709 1288 904 1321 contraria.
947 1308 989 1312 —
1027 1291 1070 1321 29
1096 1288 1200 1321 urbe
1225 1287 1415 1321 dumtaxat

81 1338 113 1368 et
148 1334 249 1368 urbis
286 1339 492 1369 ornamento
529 1339 561 1369 et
596 1335 778 1368 hominum
815 1345 945 1369 amore
981 1335 1022 1368 in
1057 1338 1089 1369 te
1125 1338 1163 1368 et
1200 1335 1282 1378 (om.
1309 1333 1414 1375 Boot,

82 1379 250 1424 Schiche)
281 1381 322 1415 in
355 1392 420 1415 nos
451 1382 607 1425 quadam
633 1381 871 1416 benevolentia
895 1380 1086 1423 Wesenb.,
1117 1381 1228 1424 Boot,
1260 1379 1414 1424 Tyr-rell,

83 1426 237 1461 Schiche
262 1438 382 1471 progr.
403 1427 521 1461 Berol.
544 1431 633 1461 1895
658 1439 692 1471 p.
716 1431 776 1470 16,
803 1428 902 1462 turbe
927 1429 1065 1471 (turbae
1089 1428 1229 1471 Baiter)
1254 1428 1363 1462 dunzt.
1385 1431 1416 1461 et

82 1474 183 1507 urbis
214 1479 472 1508 ornamentum
504 1479 536 1509 et
565 1475 749 1509 hominu1n
773 1486 920 1509 amores
945 1475 1012 1517 (Μ,
1043 1475 1175 1509 Amore
1200 1473 1239 1527 C)
1265 1475 1305 1508 in
1329 1478 1360 1508 te
1385 1478 1416 1508 et

83 1522 166 1563 (om.
186 1519 238 1564 M>
263 1521 303 1554 in
328 1532 392 1555 nos
418 1522 592 1565 quaedam
618 1521 731 1555 benev.
753 1522 869 1564 codd„
900 1521 1036 1555 Baiter.
1063 1542 1109 1546 ——-
1135 1525 1176 1555 31
1206 1521 1284 1555 sine
1310 1531 1416 1554 cruce

82 1566 220 1609 Baiter,
242 1569 327 1600 ante
347 1579 388 1601 ea
402 1567 572 1602 Wesenb.
587 1570 599 1612 (
607 1568 762 1601 ‘1atetne
781 1550 932 1602 verbum
954 1568 1116 1611 aliquod,
1130 1570 1172 1602 ut
1185 1568 1387 1602 commeat?’
1394 1570 1415 1611 )

83 1614 193 1656 Boot,
232 1613 375 1657 Tyr-rell
408 1615 500 1648 coni.
526 1619 618 1649 meat
648 1617 714 1648 aut
745 1612 816 1657 ρεῖ,
854 1616 1045 1649 tumultum
1076 1616 1148 1650 edit
1174 1616 1303 1658 philos.
1323 1606 1416 1647 Boot

84 1642 217 1694 Mnem.
240 1664 328 1694 1893
354 1673 388 1705 p.
412 1665 489 1702 118
517 1661 579 1695 Es
605 1661 655 1695 ist
681 1673 725 1694 zu
750 1661 869 1695 lesen:
897 1663 1048 1696 multam
1073 1663 1114 1695 in
1132 1666 1173 1695 ea
1190 1659 1416 1705 philosophia

83 1708 238 1742 sursum'
265 1707 377 1751 paulo
405 1708 647 1742 confidentius
674 1707 828 1742 Schiche
854 1708 915 1742 1.1.
955 1708 1049 1742 Mihi
1073 1709 1112 1742 in
1132 1710 1293 1742 mentem
1311 1718 1415 1741 vene-

84 1756 144 1788 rat
177 1758 288 1797 errat,
321 1755 484 1798 vacillat,
517 1756 647 1790 titubat
673 1756 913 1799 philosophia.
940 1776 985 1780 -
1018 1759 1061 1789 35
1098 1756 1153 1789 Ta
1184 1756 1288 1789 velim
1312 1754 1416 1795 Boot,

84 1800 274 1842 Wesenb,
313 1800 472 1845 Tyrrell,
511 1802 664 1836 inuecim
689 1801 760 1845 M1,
799 1802 915 1836 iuncti
938 1801 1013 1845 ΜΣ,
1051 1803 1201 1835 iunctim
1236 1800 1280 1833 Zb
1312 1801 1416 1844 <Leh-

84 1858 197 1880 mann
221 1847 297 1881 Att.
317 1860 351 1892 p.
374 1851 442 1893 36),
468 1848 552 1882 secl.
573 1848 709 1883 Baiter.
731 1869 777 1873 —
799 1852 842 1882 36
869 1849 1009 1883 scribes
1035 1847 1159 1889 Orelli,
1185 1848 1321 1881 Baiter.
1359 1847 1419 1880 Ad

85 1906 120 1938 p.
142 1897 218 1928 108.
240 1897 294 1928 36.
338 1896 349 1938 Η
391 1895 437 1930 Ρ.
459 1895 548 1930 139.
564 1899 583 1929 8
605 1896 736 1939 poterit
756 1894 910 1929 Schiche
930 1906 1051 1939 progr.
1066 1894 1184 1928 Berol.
1202 1898 1292 1927 1895
1311 1906 1346 1937 p.
1364 1897 1417 1935 17,

83 1944 195 1984 potest
213 1941 293 1974 edd.
314 1962 358 1966 —
380 1946 420 1976 11
450 1943 488 1976 in
508 1942 630 1986 Sigon.
653 1944 688 1975 et
707 1941 875 1986 Malasp.,
900 1942 1037 1983 Baiter,
1064 1941 1253 1982 Wesenb,
1274 1940 1417 1984 Tyr-rell

86 1997 143 2031 ep.
163 1990 241 2029 200,
266 1988 411 2022 sedendi
435 2000 545 2024 comes
565 1989 681 2031 codd,
707 1989 749 2023 de
767 1989 909 2031 Bosius,
935 1989 1029 2022 Boot
1048 1987 1351 2031 ‹‘Obse1·v.p.4s›.
1374 2008 1418 2012 —

88 2037 130 2067 12
162 2039 326 2078 yesserat
355 2035 529 2079 Pantag.,
568 2035 759 2077 Wesenb„
796 2036 941 2081 gesserit
968 2035 1090 2077 codd„
1128 2034 1272 2077 Baiter,
1312 2035 1416 2076 Boot,

87 2079 229 2123 Tyrrell
259 2080 396 2124 ignari,
435 2083 524 2125 quid
555 2082 679 2116 valeat
703 2064 951 2116 εΐ31.(]1“.3.(1
977 2081 1065 2114 Sul]
1086 2093 1120 2124 p.
1145 2085 1222 2115 372.
1245 2085 1275 2115 3.
1302 2102 1349 2106 —
1377 2085 1420 2115 17

86 2127 203 2169 illud,
233 2126 288 2160 Fr.
314 2127 386 2162 Leo
413 2128 487 2162 ind.
508 2129 592 2163 lect.
615 2128 778 2173 Gotting.
803 2133 891 2162 1892
918 2141 952 2173 p.
976 2132 1030 2162 10.
1057 2148 1103 2153 —
1135 2131 1179 2161 24
1206 2124 1420 2186 §nanctumv

86 2154 248 2216 Ernesti,
286 2173 426 2217 Baiter
458 2175 568 2215 Boot
600 2175 756 2219 ΓΓγιἹ-,611
791 2176 1027 2209 ΕΠΙΚΟΝΔΕΙ
1062 2174 1165 2208 codd
1232 2173 1419 2208 ἐπίκωποι)

87 2219 236 2262 Victor„
267 2204 437 2255 Wesenb.
475 2243 521 2248 —
558 2216 600 2256 28
633 2233 733 2256 nosse
757 2223 843 2267 [nos
845 2221 877 2266 ,J
902 2225 1001 2256 nost]
1003 2233 1061 2255 am
1085 2221 1228 2264 Baiter,
1265 2221 1420 2265 Tyrrell,

89 2266 141 2300 sic
177 2248 275 2301 enim
312 2268 415 2302 codd.
460 2269 517 2302 Ad
553 2281 587 2313 p.
610 2273 664 2303 24.
686 2273 715 2302 8.
773 2271 783 2312 ΙΙ
838 2269 884 2303 P.
906 2267 995 2303 140.
1017 2271 1036 2301 3
1069 2269 1118 2302 ad
1149 2279 1214 2311 ea,
1247 2280 1338 2312 quae
1366 2268 1420 2302 ed
