1665 2553
184 92 298 127 LVIII
602 89 881 125 ADNOTATIO
908 89 1097 124 CRITICA

177 186 369 230 plissima
392 184 491 227 Pius,
516 184 616 218 Wes.
631 184 946 227 παραδιορθώσει,
971 184 1014 216 ut
1034 182 1088 217 ait
1106 183 1200 217 Boot
1220 182 1436 226 amplissime
1456 193 1516 216 ex—

182 233 327 277 plicans
347 232 578 276 amplissimis
595 232 720 266 verbis.
740 252 785 256 —
806 235 849 264 32
864 230 1003 265 extulit
1022 240 1041 264 e
1062 230 1139 264 cod.
1155 230 1238 264 Ant.
1254 229 1394 272 Lamb„
1414 228 1514 263 Wes.

183 280 262 313 sine
289 279 402 312 dubio
427 280 577 323 propter
595 279 734 313 habuit
751 290 782 312 v,
799 281 852 311 33.
891 277 945 310 De
972 276 1202 312 coniunctivo
1222 289 1252 310 V.
1270 276 1318 309 ad
1337 288 1371 320 p.
1387 280 1442 310 41.
1458 279 1514 319 25,

184 326 229 360 de
259 325 462 360 indicativo
501 325 549 358 ad
578 337 613 369 p.
642 328 719 359 179.
741 328 801 366 35,
841 324 885 357 de
916 323 1098 358 varietate
1127 323 1320 357 modorum
1351 323 1399 356 ad
1428 322 1514 357 fam.

181 385 217 417 p.
241 377 317 407 152.
340 377 370 407 3.
414 374 425 417 ΙΙ
467 373 512 407 P.
534 372 624 406 191.
646 375 665 405 5
692 372 731 405 id
749 370 908 413 Ernesti,
935 369 1046 414 YVes„
1071 371 1223 415 oieyavit.
1261 371 1448 414 solitaque
1466 369 1515 412 M,

183 419 254 454 del.
275 420 314 454 id
340 419 435 463 vulg.
456 440 501 444 —
527 422 547 452 8
572 419 630 453 hic
654 429 722 452 om.
750 418 851 461 Tyrr.
877 417 980 451 tacit.
1002 438 1047 442 —
1070 417 1123 451 Ib.
1144 418 1283 451 dierum
1302 417 1384 450 XX
1406 416 1515 461 vulg„

182 466 319 509 Baiter,
345 465 530 509 Wesenb,
550 465 702 509 TyrreU.
743 464 849 499 ‘Cum
869 463 1049 498 Gronovio
1074 475 1157 498 vere
1183 463 1229 497 ab
1250 463 1383 497 Ursino
1404 464 1515 508 scrip-

182 516 262 547 tum
299 515 405 557 puto:
450 514 502 548 At
536 513 594 547 liic
630 513 722 546 idem
760 512 896 546 Bibulo
932 511 1084 545 decrevit
1120 522 1168 545 sc.
1207 510 1517 555 supplicationem

182 560 291 594 unius
324 560 413 594 diei’
441 560 544 594 Boot.
588 562 600 603 11
642 559 687 594 Ρ.
715 558 805 593 192.
831 562 850 591 2
883 569 936 592 me
960 559 1018 592 sit
1043 557 1160 601 codd„
1186 569 1239 592 me
1263 562 1312 592 est
1337 557 1419 591 edd.
1459 557 1517 591 Ad

181 619 216 651 p.
247 611 275 641 1.
305 611 357 640 11.
378 628 423 631 —
442 606 494 641 Tb.
521 611 553 641 te
578 607 798 650 approbante
819 604 896 648 CH,
922 605 1026 647 Boot,
1046 604 1235 638 Lehmann
1253 615 1308 648 ep.
1330 604 1393 639 sel.
1414 604 1465 637 III
1483 609 1516 648 4,

183 666 251 689 om.
273 658 304 688 te
323 653 476 687 ΝΟΡΜ1
496 653 558 697 (ad
576 665 609 697 p.
627 656 657 686 8.
674 654 743 697 19),
763 652 983 696 approbante
1000 656 1032 686 te
1051 651 1136 694 M2s,
1156 651 1253 695 vulg.
1274 672 1320 676 ——
1340 655 1383 685 10
1403 662 1517 695 opor-

182 705 258 735 tzm.
284 700 345 734 hic
370 700 418 742 M,
445 700 534 734 item
559 712 593 744 p.
615 703 764 741 23817,
792 702 941 741 351.18,
973 703 1109 743 opport.
1130 702 1207 732 227.
1224 702 1255 741 3,
1282 701 1360 732 272.
1375 701 1407 741 8,
1433 698 1515 732 edd.

184 749 404 781 constanter.
456 747 513 780 Ad
539 746 624 780 fam.
651 758 685 790 p.
721 749 773 779 18.
809 750 838 779 9.
871 767 917 770 —
946 745 998 780 Ib.
1030 756 1133 789 saepe
1171 747 1257 778 ante
1288 749 1459 788 oportune
1488 744 1517 778 L

183 796 305 838 (mgo),
333 794 388 836 Zb,
414 793 600 835 YVesenb„
626 793 826 827 Lehmann.
853 813 898 817 —
922 792 974 826 Ib.
1001 793 1054 826 vel
1079 803 1145 826 sor.
1171 803 1262 825 mus.
1289 791 1405 825 Rhen.
1427 795 1517 826 1898

182 853 217 885 p.
241 846 318 882 125,
338 846 380 875 ut
399 840 515 882 codd.‚
532 840 715 882 Wesenb.,
737 839 880 883 Tyrrell
899 850 953 883 ep.
970 843 1048 882 294,
1068 839 1269 881 Lehmann,
1290 849 1358 872 om.
1379 838 1517 881 Baiter,

183 888 287 921 Boot.
341 887 392 921 Cf.
414 899 443 921 v.
461 899 489 921 c.
504 899 538 931 p.
557 891 633 921 120.
650 891 711 929 31,
744 890 821 920 379.
839 890 876 929 6,
903 890 981 920 412.
998 890 1052 929 28,
1081 890 1159 920 514.
1183 889 1239 928 26,
1278 885 1364 919 fam.
1386 885 1453 918 VH
1474 889 1516 919 15

183 935 245 977 in.,
280 945 354 978 rep.
376 934 425 967 ΠΙ
454 938 506 967 10.
530 937 571 968 17
599 934 652 968 vel
675 934 716 967 in
740 934 807 967 hac
831 934 912 977 ipsav
937 934 1004 967 eto.
1048 932 1107 966 Ad
1131 944 1166 977 p.
1193 936 1271 966 465.
1288 936 1343 974 28,
1368 935 1446 966 467.
1463 935 1516 967 18.

184 1003 229 1006 -
256 985 298 1015 25
325 992 393 1025 quo
420 981 524 1014 codd.
549 983 697 1024 praeter
721 980 761 1022 E,
787 980 928 1022 Baiter,
955 979 1113 1023 Tyrrell,
1146 980 1239 1023 quod
1263 979 1305 1021 E,
1332 978 1517 1022 Wesenb„

184 1029 293 1070 Boot,
324 1027 515 1062 Lehmann
549 1027 716 1071 probab.,
747 1037 820 1060 non
856 1036 1035 1060 necessar.
1069 1026 1131 1070 (ad
1161 1037 1195 1070 p.
1222 1029 1278 1060 40.
1300 1027 1368 1069 30).
1396 1046 1441 1050 ——
1473 1029 1516 1060 28

185 1076 378 1109 adsentior
396 1074 463 1117 ΜΞ,
482 1074 620 1116 Baiter,
633 1074 737 1115 Boot,
752 1073 905 1117 Tyr-rell,
920 1073 1072 1107 assentio
1093 1074 1177 1106 cett.
1194 1072 1309 1115 codd,
1330 1072 1516 1116 Wesenb„

184 1122 384 1156 Lehmann.
425 1121 548 1154 ‘Diese
568 1121 675 1154 Form
689 1119 895 1164 gebraucht
915 1119 1039 1153 Cicero
1053 1120 1092 1152 in
1112 1119 1183 1153 den
1202 1119 1349 1153 Briefen
1362 1119 1517 1163 haufig’,

184 1168 326 1211 inquit,
355 1167 417 1200 ‘ad
442 1168 518 1201 Att.
539 1167 555 1200 Ι
582 1171 635 1201 14.
658 1170 689 1209 5,
714 1167 748 1200 H
774 1171 803 1200 1.
825 1170 856 1209 8,
882 1166 932 1200 IX
952 1170 982 1200 9.
1007 1171 1036 1210 1,
1063 1166 1110 1199 ad
1135 1166 1220 1200 fam.
1248 1166 1263 1199 Ι
1291 1170 1320 1199 1.
1343 1170 1374 1207 3,
1400 1166 1416 1199 Ι
1437 1170 1516 1209 2.1,

184 1215 217 1248 V
237 1220 267 1249 2.
290 1218 321 1257 9,
349 1214 396 1247 ad
422 1213 461 1255 Q.
488 1214 530 1247 fr.
559 1214 592 1247 Π
619 1218 649 1248 1.
677 1215 726 1256 2⁷,
753 1213 791 1247 in
823 1213 956 1256 quibus
991 1213 1159 1247 omnibus
1191 1212 1281 1246 locis
1312 1212 1518 1257 perfectum

185 1263 241 1296 est
265 1264 413 1305 praeter
437 1261 523 1294 fam.
549 1261 565 1294 Ι
593 1264 622 1294 1.
650 1264 670 1294 3
697 1262 740 1304 (v.
769 1260 851 1293 adn.
880 1260 958 1294 crit.
990 1272 1025 1304 p.
1052 1264 1083 1293 2.
1111 1264 1154 1293 25
1182 1261 1220 1293 et
1243 1259 1292 1293 ib.
1320 1263 1364 1293 20
1390 1260 1516 1294 adsen-

184 1310 342 1351 tiuntur,
382 1312 424 1341 23
451 1308 664 1351 adsentitur)
697 1309 734 1341 et
763 1306 861 1340 infra
885 1319 919 1351 p.
948 1310 1025 1340 269.
1053 1310 1106 1340 26.
1146 1327 1190 1331 -
1229 1310 1271 1340 37
1305 1306 1518 1341 Volcatium

185 1355 318 1397 OPMs,
344 1355 487 1397 Baiter,
519 1353 705 1397 YVesenb„
732 1353 890 1398 Tyr-rell,
922 1353 961 1386 hi
992 1353 1083 1387 item
1107 1365 1142 1397 p.
1175 1357 1252 1387 223.
1276 1356 1330 1395 14,
1356 1356 1433 1387 275.
1461 1357 1516 1396 35,

185 1405 262 1436 276.
286 1405 316 1444 5,
344 1405 421 1435 367.
445 1405 499 1443 32,
531 1404 610 1435 440.
633 1404 686 1435 27.
743 1403 754 1443 Η
809 1401 854 1434 Ρ.
876 1399 965 1435 193.
981 1403 1000 1434 6
1026 1401 1094 1435 isto
1121 1400 1236 1442 codd„
1262 1400 1398 1442 Baiter,
1425 1400 1516 1434 Leh-

183 1459 312 1491 mann,
350 1449 413 1482 illo
444 1447 634 1490 Wesenb.,
673 1447 783 1490 Boot,
821 1447 980 1490 TyrreH,
1018 1457 1091 1480 non
1122 1459 1152 1481 v,
1175 1458 1202 1480 0.
1225 1449 1303 1480 218.
1327 1450 1368 1480 19
1398 1449 1435 1481 et
1461 1451 1516 1490 31,

184 1499 262 1529 226.
286 1499 340 1537 18,
374 1499 452 1528 231.
475 1498 517 1528 29
546 1497 583 1528 et
608 1498 651 1528 35
667 1505 718 1537 sq.
746 1493 808 1537 (ad
838 1493 915 1528 Mil.
935 1506 970 1538 p.
993 1497 1070 1527 306.
1094 1496 1160 1538 18).
1200 1514 1245 1518 —
1284 1497 1326 1527 12
1357 1504 1435 1537 spes
1471 1515 1517 1518 —

182 1543 229 1577 sit
264 1541 427 1584 Ernesti,
466 1541 658 1584 VVesenb„
695 1552 750 1575 res
787 1561 830 1565 —
868 1542 915 1575 sit
946 1540 1068 1582 codd,
1108 1540 1207 1583 quod
1237 1550 1310 1573 non
1343 1540 1516 1584 displicet

182 1589 394 1623 Lehmanno
415 1599 470 1632 ep.
492 1587 575 1622 selss
593 1600 628 1632 p.
650 1591 729 1630 244,
748 1588 840 1622 scires
858 1608 904 1612 —
922 1588 996 1622 sint
1014 1587 1133 1629 Klotz,
1158 1585 1294 1629 Baiter,
1314 1586 1516 1631 Lehmann,

182 1635 342 1680 Tyr-rell,
374 1636 427 1669 ”cis
446 1656 490 1660 —
510 1636 557 1670 sit
589 1634 769 1668 Gronovio
802 1636 950 1673 auctore
980 1634 1074 1668 Boot
1098 1645 1176 1678 spes
1206 1634 1255 1667 acl
1284 1635 1518 1668 resistemzum

180 1684 228 1717 sit
257 1682 431 1716 Latinum
469 1692 548 1715 esse
584 1692 735 1725 negans.
787 1680 838 1715 Cf.
870 1680 967 1714 infra
991 1693 1026 1724 p.
1052 1684 1130 1715 484.
1158 1683 1213 1723 33,
1239 1679 1431 1714 Eberhard
1469 1680 1518 1714 ad

181 1729 258 1763 Mil.
282 1733 311 1763 2.
333 1733 352 1763 5
381 1740 433 1763 eX.
455 1750 499 1753 —
519 1732 561 1762 22
588 1739 648 1763 vos
666 1749 711 1753 —
731 1728 813 1763 estis
837 1727 875 1761 in
894 1727 1061 1771 parenth.
1083 1727 1283 1761 Lehmann.
1327 1727 1386 1760 Ad
1403 1739 1439 1772 p.
1461 1731 1515 1762 16.

182 1781 235 1810 14.
263 1797 308 1800 -
341 1779 383 1809 23
415 1786 476 1821 eqo
506 1777 591 1819 post
627 1779 745 1809 tamen
774 1774 1014 1818 Wesenberg,
1044 1774 1148 1808 Boot.
1192 1773 1234 1807 V.
1257 1773 1305 1806 ad
1329 1785 1363 1818 p.
1386 1777 1462 1808 137.
1485 1777 1515 1808 6.

180 1844 226 1847 ——
249 1822 302 1856 Π).
329 1824 414 1857 haee
439 1822 475 1865 C,
506 1822 611 1864 Boot,
637 1821 791 1865 Tyrrell,
816 1821 1016 1865 Lehmann,
1041 1821 1102 1855 hec
1126 1820 1192 1863 M1,
1217 1821 1281 1854 hoe
1298 1820 1365 1862 M2,
1379 1820 1516 1864 Baiter,

180 1869 353 1903 Wesenb.
399 1869 457 1902 Ad
475 1881 510 1913 p.
533 1873 586 1902 12.
609 1872 639 1902 6.
660 1889 706 1893 ——
731 1872 774 1902 26
795 1869 881 1902 illac
900 1868 1016 1911 codd„
1036 1867 1173 1909 Baiter,
1194 1867 1337 1910 Tyrrell
1357 1878 1514 1912 compar.

181 1915 242 1950 Ov.
264 1916 347 1950 Her.
368 1916 384 1949 Ι
417 1919 483 1950 103
520 1916 587 1950 hac
615 1915 769 1958 faciunt,
800 1915 1005 1957 Lehmann,
1038 1926 1120 1948 cum
1151 1924 1257 1947 cruce
1288 1914 1382 1947 Boot
1412 1914 1515 1958 prob.

180 1963 277 2006 illue,
303 1963 326 1996 i.
343 1973 371 1996 e.
398 1963 501 2005 illud,
528 1963 630 1996 illine
649 1961 807 1998 Con-ad..
827 1961 925 1995 Wes.
952 1961 995 1995 V.
1015 1961 1102 1994 Brix
1122 1960 1170 1994 ad
1183 1960 1302 1994 Plaut.
1323 1960 1421 1995 Trin.
1438 1965 1517 2004 383,

179 2008 271 2042 Enn.
299 2020 381 2043 ann.
398 2013 464 2043 246
490 2009 569 2052 Μ1.,
594 2008 688 2042 Plin.
704 2019 759 2052 ep.
774 2007 857 2041 Vm
878 2012 930 2042 14.
949 2012 990 2041 19
1007 2018 1037 2041 a.
1048 2018 1101 2041 eX.
1124 2009 1161 2041 et
1181 2010 1234 2041 20.
1256 2028 1300 2032 --
1327 2011 1370 2041 28
1393 2007 1429 2042 Ο.
1446 2007 1516 2042 del.

182 2054 341 2097 Coi-rad,
378 2056 514 2090 Baiter.
553 2077 599 2081 —
634 2055 686 2089 Ib.
720 2059 947 2099 premuntur
983 2054 1147 2098 Kaysero
1193 2056 1342 2088 auctore
1379 2054 1517 2097 Baiter,

180 2101 365 2144 VVesenb,
392 2102 545 2145 Tyn-eil.
595 2102 653 2136 Ad
687 2113 721 2146 p.
751 2105 827 2135 106.
855 2105 885 2135 9.
913 2122 958 2126 —
989 2104 1031 2134 32
1063 2112 1142 2135 vero
1173 2101 1280 2135 etiam
1312 2100 1381 2144 ΟΡ,
1406 2101 1517 2146 vulg„

180 2149 274 2182 enim
300 2159 378 2182 iero
397 2148 594 2192 Hofmann,
620 2149 725 2191 Boot,
751 2149 857 2183 etiam
881 2158 962 2182 ‘cero
987 2147 1091 2181 codd.
1117 2147 1233 2181 ENM.
1260 2169 1306 2172 —
1331 2151 1374 2182 36
1400 2148 1519 2193 [noaz]

179 2195 283 2228 Boot.
323 2195 381 2228 Ad
399 2207 433 2239 p.
457 2199 510 2229 84.
528 2200 582 2230 28.
615 2198 626 2237 11
656 2196 703 2230 Ρ.
719 2193 807 2230 194.
828 2198 848 2228 3
864 2206 942 2237 sqq.
957 2194 1030 2236 fere
1044 2215 1088 2219 —
1101 2195 1276 2238 scripsisti
1294 2194 1333 2228 in
1346 2194 1516 2239 parenth.

180 2241 265 2274 secl.
281 2243 345 2275 aut
366 2241 435 2275 del.
456 2244 556 2277 renio
577 2243 626 2276 ad
641 2243 789 2286 privata
806 2241 994 2285 Madvig-io
1019 2242 1168 2274 auctore
1188 2241 1325 2283 Baiter,
1341 2240 1516 2275 Wesenb.

180 2287 335 2321 Tradita
370 2288 537 2323 defendit
572 2289 762 2323 Lehmann
801 2290 838 2322 et
869 2287 1020 2332 Tyrrell.
1071 2287 1222 2330 Melius,
1261 2288 1386 2329 credo,
1423 2288 1519 2322 Boot
