1665 2553
331 87 672 122 EPISTULARUM
697 86 762 121 AD
787 86 1004 121 ATTICUM
1028 86 1114 121 VIII
1140 86 1326 121 11—-1113,
1412 85 1497 126 237

156 183 258 239 quid
291 183 459 238 efficiat,
492 186 699 237 exspecto.
761 181 939 224 Utinam
972 181 1134 236 aliquid
1166 182 1303 222 simile
1336 181 1500 222 Parthi-

156 244 215 285 cis
247 243 393 284 rebus!
454 242 591 284 Simul
624 241 784 296 aliquid
817 241 1002 296 audiero,
1035 240 1217 281 scribam
1250 240 1302 281 ad
1332 242 1385 281 te.
1434 239 1499 281 Tu

156 302 207 343 ad
243 316 311 343 me
349 301 476 343 velim
516 301 727 342 bonorum
766 314 990 341 sermones.
1053 299 1214 340 Romae
1254 299 1499 353 frequentes

156 375 248 403 esse
275 361 483 401 dicuntur.
533 360 628 401 Scio
656 359 850 414 equidem
875 361 918 400 te
950 359 994 400 111
1019 358 1239 412 publicum
1264 372 1352 399 non
1377 357 1501 412 prod-

120 436 136 462 5
157 420 235 475 ire,
275 419 347 460 sed
386 422 529 460 tamen
570 419 713 459 audire
745 421 786 459 te
818 418 955 459 multa
985 432 1154 458 necesse
1187 419 1262 458 est.
1324 416 1500 458 Memini

155 479 314 520 librum
345 478 425 519 tibi
458 478 612 519 adferri
639 493 662 518 a
687 476 904 518 Demetrio
931 476 1131 531 Magnete
1164 476 1216 517 ad
1247 478 1290 517 te
1321 476 1501 516 missum

157 537 282 593 [scio]
314 536 413 591 περὶ
447 537 663 591 ὁμονοίας.
712 535 825 576 Eum
856 535 962 577 mihi
987 536 1116 576 velim
1147 535 1307 576 mittas.
1356 533 1502 590 Vides,

156 611 283 651 quam
317 611 486 638 causam
517 595 704 636 mediter.

801 711 851 753 A.

101 801 135 826 10
397 792 471 828 Ser.
499 793 677 827 Luceriae
701 792 765 827 IV
786 793 844 827 Id.
872 792 978 827 Febr.
1006 804 1038 826 α.
1067 793 1140 826 ’705
1166 794 1257 835 (49).

280 874 354 910 CN.
380 874 581 909 MAGNUS
606 874 801 909 PROCOS.
830 874 863 908 S.
889 875 931 909 D.
959 874 1007 908 M.
1036 872 1260 908 CICERONI
1284 872 1380 907 IMP.

245 946 289 996 Q.
323 947 481 988 Fabius
523 946 573 988 ad
614 961 681 988 me
722 946 839 988 venit
880 961 914 987 a.
948 946 983 986 d.
1023 957 1091 986 1111
1131 944 1234 986 Idus
1275 944 1395 986 Febr.
1457 943 1513 999 IS-

154 1007 325 1047 nuntiat
357 1005 402 1047 L.
435 1005 676 1046 Domitium
709 1020 804 1046 cum
838 1005 924 1046 suis
952 1004 1201 1045 cohortibus
1232 1015 1299 1044 XII
1331 1006 1373 1044 et
1405 1017 1501 1044 cum

156 1064 404 1106 cohortibus
437 1076 555 1120 XIIII,
600 1079 704 1118 quas
737 1063 955 1105 Vibullius
998 1063 1190 1117 adduxit,
1233 1062 1285 1102 ad
1321 1077 1388 1103 me
1420 1062 1501 1103 iter

102 1142 135 1167 15
155 1123 327 1178 habere3
364 1123 564 1164 habuisse
602 1124 647 1164 in
684 1123 825 1164 animo
867 1122 1080 1176 proficisci
1115 1121 1301 1162 Corfinio
1335 1135 1368 1161 a.
1401 1121 1438 1162 d.
1470 1133 1501 1161 V

155 1182 255 1223 Idus
297 1182 436 1237 Febr.3
486 1181 527 1223 C.
569 1182 748 1223 Hirrum
788 1196 883 1223 cum
924 1193 954 1222 V
995 1180 1244 1222 cohortibus
1286 1180 1499 1234 subsequi.

157 1241 335 1296 Censeo,
374 1241 425 1282 ad
462 1255 540 1282 nos
577 1240 798 1282 Luceriam
830 1240 985 1281 venias.
1047 1238 1159 1280 Nam
1196 1241 1239 1280 te
1276 1238 1346 1280 hic
1377 1239 1500 1279 tutis-

155 1301 260 1341 sime
292 1302 396 1354 puto
428 1300 530 1341 fore.

801 1416 848 1458 B.

101 1505 136 1529 20
385 1496 459 1531 Sor.
487 1496 649 1531 Formiis
675 1497 779 1530 XIV
802 1496 850 1531 K.
878 1496 993 1531 Mart.
1021 1507 1054 1530 a.
1084 1497 1156 1530 705
1183 1497 1274 1539 (49).

321 1578 369 1613 M.
397 1577 564 1613 CICERO
590 1578 686 1613 IMP.
714 1579 747 1613 S.
774 1579 817 1613 D.
845 1578 917 1613 CN.
943 1576 1116 1612 MAGNO
1143 1577 1339 1613 PROCOS.

245 1649 295 1691 A.
329 1650 364 1690 d.
397 1662 460 1691 XV
490 1649 665 1691 Kalend.
697 1650 876 1691 Martias
907 1649 1091 1690 Formiis
1130 1649 1269 1703 accepi
1304 1652 1401 1690 tuas
1432 1649 1500 1690 lit-

157 1712 288 1763 teras3
321 1724 370 1750 ex
404 1709 558 1762 quibus
591 1723 649 1762 ea,
683 1723 788 1762 quae
818 1709 865 1749 in
897 1722 998 1762 agro
1029 1707 1182 1748 Piceno
1216 1710 1337 1762 gesta
1368 1711 1502 1762 erant,

158 1768 338 1822 cognovi
370 1767 655 1808 commodiora
688 1782 779 1808 esse
811 1767 966 1821 multo,
1005 1781 1131 1819 quam
1169 1768 1216 1806 ut
1255 1768 1344 1806 erat
1374 1766 1499 1807 nobis

104 1844 137 1869 25
156 1827 419 1881 nuntiatum,
456 1825 706 1879 Vibullique
746 1826 950 1866 virtutem
990 1824 1328 1877 industriamque
1367 1824 1500 1866 liben—

158 1888 223 1925 ter
255 1885 418 1939 agnovi.

246 1942 337 1983 Nos
371 1943 506 1983 adhuc
536 1943 582 1983 in
625 1957 672 1983 ea
715 1956 805 1996 ora,
845 1942 921 1982 ubi
961 1941 1194 1995 praepositi
1236 1955 1399 1995 sumus,
1439 1941 1501 1982 ita

158 2001 330 2056 fuimus,
354 2005 403 2042 ut
428 2016 579 2042 navem
604 2003 796 2054 paratam
820 2000 1081 2040 haberemus.
1132 2000 1197 2040 Ea
1224 2000 1336 2040 enim
1362 1999 1499 2041 audie-

159 2059 309 2100 bamus
342 2062 384 2101 et
415 2075 463 2101 ea
493 2060 752 2112 verebamur,
783 2062 844 2113 ut,
877 2059 1170 2112 quodcumque
1202 2061 1250 2099 tu
1275 2058 1500 2100 consilium

106 2118 361 2173 accepisses,
403 2119 446 2159 id
483 2119 607 2159 nobis
652 2118 987 2172 persequendum
1031 2120 1287 2170 putaremus.
1361 2116 1501 2173 Nunc,

161 2176 360 2230 quoniam
402 2177 654 2217 auctoritate
698 2179 740 2217 et
785 2176 961 2217 consilio
1006 2177 1080 2216 tuo
1119 2176 1164 2216 in
1203 2190 1276 2229 spe
1313 2175 1499 2217 firmiore

159 2249 317 2289 sumus,
351 2235 386 2275 si
417 2236 553 2276 teneri
584 2250 708 2289 posse
740 2237 866 2288 putas
893 2234 1162 2275 Tarracinam
1193 2238 1231 2275 et
1261 2248 1351 2275 eam
1382 2249 1499 2276 oram

158 2293 435 2349 maritimam,
478 2294 524 2334 in
561 2308 608 2334 ea
645 2293 844 2348 manebo,
885 2293 966 2334 etsi
1003 2292 1212 2346 praesidia
1249 2293 1293 2333 in
1332 2293 1497 2347 oppidis

1529 1662 1545 1692 1
