1665 2553
185 76 240 117 98
608 75 657 110 M.
684 75 826 109 TULLI
851 74 1100 110 CICERONIS

182 171 340 211 mirum
359 173 440 225 est3
467 173 557 212 erat
578 171 689 211 em'm
716 171 885 212 difficile
911 171 1108 227 reperire,
1134 171 1207 225 qui
1233 174 1380 212 contra
1404 173 1527 212 tanta

184 229 403 270 commoda
433 229 613 270 duorum
645 230 864 270 consulum
900 230 1041 283 palam
1074 230 1327 271 sententiam
1358 230 1525 271 diceret.

183 287 285 329 Fuit
307 288 478 329 omnino
501 288 672 328 difficile
691 302 778 328 non
799 288 976 341 obsequi
989 288 1057 329 vel
1076 289 1330 329 amicissimo
1350 288 1526 343 homini,

183 345 381 400 Lentulo,
413 346 481 387 vel
510 345 698 400 Metello,
732 346 805 400 qui
837 346 1099 387 simultatem
1122 346 1429 388 humanissime
1460 347 1526 388 de-

183 407 376 459 poneret3
415 405 488 446 sed
518 419 677 459 vei-eor,
706 419 758 445 ne
788 404 868 445 hos
901 408 1045 446 tamen
1074 408 1217 446 tenere
1250 393 1527 460 potuerimus,
1564 420 1579 447 5

183 464 381 504 tribunos
419 463 474 517 pl.
508 463 781 504 amiserimus.
842 462 958 504 Haec
995 478 1061 504 res
1101 478 1225 517 quem
1265 464 1317 504 ad
1354 464 1528 505 modum

184 522 398 577 ceciderit,
439 524 480 563 et
512 524 604 563 tota
635 536 702 562 res
736 535 818 575 quo
851 522 944 563 loeo
982 522 1056 575 sit,
1087 523 1215 563 velim
1248 522 1299 563 ad
1329 537 1396 563 me
1429 523 1527 563 scri-

183 580 260 621 bas
293 582 335 621 et
365 581 443 634 ita,
484 582 532 620 ut
573 580 811 629 instituisti.
871 579 984 621 Nam
1024 580 1108 621 ista
1144 581 1318 634 veritas,
1360 581 1527 622 etiamsi

182 639 365 680 iucunda
394 653 482 679 non
513 641 594 694 est,
631 638 738 679 mihi
770 641 911 680 tamen
943 641 1065 693 grata
1102 642 1178 680 est.
1239 639 1335 680 Dat.
1367 651 1436 680 1111
1466 639 1524 680 Id.

182 696 404 739 Decembr.
1545 714 1580 738 10

788 813 920 855 XXV.

183 893 258 930 Ser.
279 895 468 940 Dyrrachi
492 906 537 929 m.
559 894 645 929 Dec.
667 907 700 929 a.
720 897 792 929 696
815 896 895 938 (58)
923 898 1007 938 post
1031 895 1095 928 IV
1109 895 1180 937 Id.2
1206 898 1289 929 ante
1307 895 1359 928 ΙΙ
1372 895 1421 929 K.
1441 895 1525 929 Ian.

609 975 778 1011 CICERO
804 975 978 1010 ATTICO
1006 976 1104 1012 SAL.

271 1047 374 1089 Post
400 1051 523 1089 tuum
550 1063 573 1088 a
597 1063 663 1089 me
690 1048 922 1089 discessum
947 1048 1115 1089 litterae
1140 1047 1246 1088 mihi
1265 1047 1402 1088 Roma
1429 1047 1526 1088 alla-

182 1109 252 1147 tae
283 1109 395 1160 sunt,
427 1122 479 1147 ex
510 1107 665 1160 quibus
696 1107 905 1160 perspicio
936 1107 1061 1147 nobis
1100 1107 1146 1146 in
1175 1106 1254 1147 hae
1285 1106 1524 1147 calamitate
1544 1123 1578 1148 15

182 1165 484 1206 tabescendum
516 1179 616 1205 esse.
667 1163 817 1218 Neque
844 1165 956 1205 enim
982 1163 1073 1221 (sed
1104 1165 1261 1205 bonam
1291 1165 1336 1204 in
1361 1167 1525 1218 partem

184 1222 395 1278 accipies),
427 1223 463 1263 si
494 1223 582 1263 ulla
614 1237 708 1277 spes
740 1223 890 1263 salutis
922 1226 1094 1263 nostrae
1127 1223 1336 1277 subesset,
1367 1225 1415 1263 tu
1446 1237 1523 1276 pro

182 1284 258 1323 tuo
291 1296 432 1322 amore
471 1281 518 1322 in
554 1296 621 1322 me
659 1281 740 1322 hoe
776 1284 965 1335 tempore
1004 1281 1273 1322 discessisses
1337 1280 1435 1336 Sed,
1471 1295 1524 1322 ne

183 1340 344 1395 ingrati
378 1342 451 1380 aut
481 1354 535 1381 ne
562 1340 702 1380 omnia
727 1340 833 1381 velle
859 1340 1080 1380 nobiseum
1105 1355 1189 1380 una
1215 1339 1388 1380 interire
1413 1339 1524 1380 vide-

185 1414 322 1454 amur,
359 1398 439 1439 hoc
478 1399 647 1452 omitt03
691 1398 799 1439 illud
839 1399 912 1439 abs
951 1401 992 1439 te
1024 1401 1122 1452 peto
1156 1399 1226 1439 des
1259 1412 1445 1452 operam,
1481 1397 1525 1438 id
1543 1416 1579 1440 20

186 1458 299 1511 quod
328 1457 435 1498 mihi
455 1457 717 1512 adfirmasti,
757 1460 804 1497 ut
842 1460 885 1498 te
918 1459 1015 1498 ante
1047 1457 1259 1498 Kalendas
1294 1456 1525 1511 Ianuarias,

184 1516 438 1570 ubicumque
470 1516 638 1571 erimus,
670 1516 806 1556 sistas.

780 1667 931 1709 XXVI,

435 1748 508 1783 Ser.
536 1748 724 1793 Dyrrachi
748 1759 792 1782 m.
819 1748 999 1782 Ianuario
1025 1760 1056 1783 α.
1086 1751 1159 1783 697
1186 1749 1276 1792 (57).

612 1828 780 1863 CICERO
806 1828 979 1863 ATTICO
1007 1829 1102 1863 SAL.
1542 1835 1576 1861 25

273 1902 461 1943 Litterae
480 1902 586 1942 mihi
612 1916 636 1942 a
661 1901 818 1949 Quinto
845 1901 976 1942 fratre
1003 1915 1097 1942 cum
1122 1902 1292 1942 senatus
1319 1900 1525 1956 consulto,

187 1961 299 2014 quod
330 1960 379 2001 de
411 1975 477 2001 me
509 1963 573 2001 est
603 1960 783 2015 factum,
815 1960 967 2000 allatae
999 1962 1107 2000 sunt.
1169 1959 1277 2000 Mihi
1308 1959 1353 1999 in
1383 1959 1523 2000 animo

187 2022 250 2060 est
289 2019 432 2074 legum
472 2019 676 2059 lationem
716 2020 974 2072 exspectare,
1021 2020 1082 2072 et,
1127 2017 1163 2058 si
1204 2017 1524 2071 obtrectabitur,

187 2079 283 2117 utar
324 2077 578 2118 auctoritate
620 2079 790 2118 senatus
832 2079 874 2117 et
910 2076 1055 2129 potius
1092 2075 1180 2116 vita
1220 2090 1345 2130 quam
1385 2076 1524 2130 patria

188 2136 347 2176 carebo.
409 2135 487 2191 Tu,
519 2150 684 2190 quaeso,
716 2135 871 2176 festina
903 2134 954 2174 ad
984 2148 1061 2175 nos
1092 2134 1245 2175 venire.
1542 2150 1575 2175 30
