1665 2553
159 88 247 129 250
584 88 633 124 M.
660 89 800 123 TULLI
826 88 1075 124 CICERONIS

154 184 288 225 maris
320 184 545 238 apiscendi,
576 199 628 225 ne
661 185 697 225 is
730 184 898 239 quidem
932 185 1021 225 scit.
1083 184 1259 239 Ignorat
1290 185 1417 226 etiam
1449 185 1499 227 de

158 242 259 284 filio.
321 243 453 284 Addit
489 243 596 284 illud
635 258 734 285 sane
772 244 1015 297 molestum,
1053 244 1274 297 pecuniam
1306 243 1496 285 Domitio

159 302 263 342 satis
304 302 525 357 grandem,
570 316 696 355 quam
737 302 773 342 is
816 300 976 343 Corfini
1016 301 1230 355 habuerit,
1275 317 1362 343 non
1409 317 1497 344 esse

158 360 376 401 redditam.
447 359 511 401 De
557 360 738 401 Lentulo
784 364 925 401 autem
965 360 1074 401 nihil
1118 361 1320 402 audimus.
1383 360 1498 402 Haec

157 418 285 460 velim
318 418 515 472 exquiras
548 419 600 459 ad
631 433 781 473 meque
812 419 1062 473 perscribas.
1536 436 1552 462 5

783 536 875 577 XV.

394 615 468 651 Ser.
495 615 658 650 Formiis
688 615 723 649 V
743 616 842 650 Non.
869 616 985 652 ,Mart
1012 629 1044 652 a.
1074 620 1146 653 705
1172 620 1262 662 (49).

562 697 753 732 CICERO
777 697 968 733 ATTICO
992 698 1101 733 SAL.

110 771 128 800 l
246 768 295 810 A.
324 769 360 810 d
388 781 418 810 V
442 768 591 811 Nonas
616 769 795 811 Martias
822 770 1026 823 epistulas
1053 771 1159 811 mihi
1184 775 1280 813 tuas
1300 770 1498 826 Aegypta

157 828 356 882 reddidit,
394 843 522 869 unam
553 831 755 882 veterem,
794 840 861 869 1111
893 828 985 870 Kal.
1019 844 1146 895 quam
1177 833 1219 871 te
1252 831 1402 871 scribis
1433 831 1499 871 de·
1518 847 1552 872 10

159 888 270 928 disse
301 886 491 942 Pinario,
533 901 658 952 quem
694 901 782 928 non
818 887 1020 942 vidimus3
1060 888 1106 929 in
1146 903 1229 954 qua
1270 892 1499 945 exspectas,

159 946 361 1000 quidnam
392 946 648 999 praemissus
688 949 787 1000 agat
818 945 1054 1000 Vibullius,
1093 948 1167 1001 qui
1204 948 1375 989 omnino
1412 962 1500 989 non

158 1008 224 1045 est
256 1005 371 1045 visus
404 1019 428 1045 a
462 1003 639 1046 Caesare
672 1003 741 1060 (id
779 1005 912 1045 altera
949 1006 1133 1059 epistula
1164 1006 1285 1047 video
1317 1009 1360 1047 te
1392 1007 1498 1048 scire

158 1063 220 1104 ita
261 1061 398 1118 esse),
443 1066 484 1103 et
531 1077 656 1117 quem
703 1063 755 1104 ad
794 1063 967 1104 modum
1007 1065 1252 1105 redeuntem
1293 1065 1498 1119 excipiam

159 1120 394 1176 Caesarem,
427 1135 551 1174 quem
584 1122 756 1162 omnino
788 1122 922 1162 vitare
955 1123 1108 1177 cogito,
1141 1126 1181 1163 et
1212 1123 1498 1165 Automedon-
1517 1140 1551 1165 15

158 1180 215 1221 tis
241 1181 387 1234 fugam
412 1180 597 1220 intendis
628 1180 1085 1234 commutationemque
1111 1181 1221 1223 vitae
1250 1185 1360 1236 tuae,
1386 1182 1499 1235 quod

159 1238 240 1279 tibi
277 1241 381 1292 puto
421 1252 510 1278 esse
547 1238 804 1293 faciendum,
843 1242 884 1279 et
921 1239 1111 1293 ignoras,
1149 1239 1364 1280 Domitius
1402 1254 1498 1281 cum

158 1297 399 1338 fascibusne
441 1297 508 1337 sit.
571 1295 691 1345 Quod
731 1311 825 1337 cum
866 1297 989 1350 scies,
1029 1298 1175 1352 facies,
1216 1301 1264 1339 ut
1306 1298 1497 1340 sciamus.

159 1355 304 1396 Habes
338 1355 389 1395 ad
419 1355 600 1408 primam
631 1355 868 1408 epistulam.

249 1412 426 1455 Secutae
457 1416 557 1454 sunt
588 1413 692 1454 duae
724 1429 785 1467 pr.
817 1413 909 1455 Kal.
943 1414 1090 1455 amba-e
1123 1414 1261 1470 datae,
1294 1430 1400 1469 quae
1431 1431 1497 1457 me
1516 1433 1551 1458 20

159 1472 450 1513 convellerunt
482 1472 531 1513 de
563 1471 745 1526 pristino
779 1474 893 1513 statu
924 1472 1004 1513 iam
1039 1476 1198 1528 tamen,
1235 1477 1284 1514 ut
1316 1477 1413 1515 ante
1446 1475 1499 1515 ad

158 1534 201 1572 te
242 1531 409 1584 scripsi,
454 1530 680 1572 labantem.
747 1530 837 1572 Nec
876 1546 942 1571 me
986 1534 1145 1586 movet,
1193 1533 1307 1586 quod
1348 1533 1496 1574 scribis

111 1426 131 1455 Ν)

158 1648 309 1689 cundia
340 1648 529 1701 positum
563 1650 638 1701 est,
669 1649 848 1689 victoria
879 1651 1021 1689 autem
1053 1649 1114 1689 ita
1144 1649 1320 1702 incerta,
1352 1653 1400 1690 ut
1431 1650 1496 1690 de-

157 1706 291 1748 terior
341 1721 466 1747 causa
516 1707 705 1760 paratior
748 1707 853 1747 mihi
897 1722 985 1748 esse
1029 1707 1230 1748 videatur.
1297 1707 1386 1748 Nec
1429 1723 1496 1749 ine
1516 1725 1549 1750 25

158 1765 352 1806 consules
396 1768 585 1818 movent,
636 1766 709 1819 qui
752 1765 836 1819 ipsi
878 1766 1022 1819 pluma
1065 1769 1137 1806 aut
1181 1766 1284 1807 folio
1329 1766 1494 1807 facilius

159 1826 396 1864 moventur.
460 1822 599 1864 Officii
631 1839 698 1864 nie
730 1824 977 1865 deliberatio
1016 1825 1174 1864 cruciat
1210 1824 1496 1878 cruciavitque

159 1882 304 1923 adhuc.
370 1881 545 1923 Cautior
576 1885 688 1924 certe
721 1885 783 1923 est
814 1883 996 1936 mansio,
1033 1882 1252 1924 honestior
1285 1883 1496 1924 existima-

159 1944 229 1981 tur
270 1941 475 1981 traiectio.
546 1940 659 1981 Malo
707 1941 936 1995 interdum,
976 1941 1100 1981 multi
1141 1956 1206 1981 me
1245 1955 1332 1982 non
1375 1944 1496 1982 caute

159 2013 284 2052 quam
326 1999 450 2052 pauci
489 2013 575 2039 non
615 1999 792 2041 honeste
832 2000 981 2040 fecisse
1012 1999 1264 2040 existiment.
1326 1999 1390 2040 De
1421 2000 1549 2042 Le-30

159 2057 256 2110 pido
299 2060 341 2098 et
372 2057 496 2098 Tullo
539 2057 652 2111 quod
693 2058 878 2112 quaeris,
918 2057 981 2098 illi
1021 2072 1120 2098 vero
1160 2072 1247 2098 non
1287 2057 1496 2113 dubitant,

161 2116 263 2168 quin
285 2115 453 2156 Caesari
477 2118 647 2169 praesto
674 2116 809 2156 futuri
834 2117 880 2156 in
906 2119 1180 2169 senatumque
1204 2117 1373 2157 venturi
1398 2117 1494 2158 sint.

111 2185 132 2213 3
247 2173 554 2214 Recentissima
593 2177 667 2215 tua
708 2177 772 2215 est
813 2174 995 2228 epistula
1033 2174 1126 2214 Kal.
1165 2174 1281 2230 data,
1326 2175 1372 2215 in
1412 2190 1495 2229 qua

161 2234 284 2284 optas
323 2247 593 2287 congressum
632 2247 860 2286 pacemque
897 2247 984 2274 non
1022 2232 1228 2286 desperas.
1292 2231 1372 2274 Sed
1404 2247 1494 2288 ego,

160 2303 254 2330 cum
293 2290 395 2331 haec
435 2291 686 2346 scribebam,
726 2305 803 2332 nec
843 2291 939 2332 illos
980 2304 1281 2345 congressuros
1321 2306 1416 2346 nec,
1457 2292 1490 2332 si
1513 2308 1547 2334 35
