1665 2553
197 69 284 109 200
621 67 669 101 M.
696 66 836 100 TULLI
862 64 1110 100 CICERONIS

197 164 357 204 bonum
388 164 531 216 putas,
568 176 643 216 per
675 176 800 215 quem
832 160 921 201 sine
952 159 1129 214 imperio
1161 159 1400 213 provinciae
1433 160 1532 200 sunl:

199 220 455 277 (numquam
498 221 609 261 enim
649 218 776 260 Curio
823 218 1116 272 sustinuisseb,
1159 218 1195 258 si
1238 232 1332 258 cum
1375 232 1423 258 eo
1462 217 1532 271 agi

199 283 395 334 coeptum
428 282 557 333 esset3
590 293 715 332 quam
749 277 1003 318 senhenbiam
1030 279 1199 317 senatus
1233 276 1351 330 sequi
1375 275 1533 330 noluit3

198 354 249 379 ex
282 353 364 392 quo
396 338 555 378 factum
587 339 668 390 651,
704 339 752 376 ut
786 335 954 376 Caesari
989 349 1076 375 non
1113 333 1448 390 succederetur),
1478 348 1532 374 an

198 397 460 451 publicanos,
493 396 565 449 qui
595 409 827 448 numquam
851 394 976 449 firmi,
1008 393 1079 434 sed
1102 407 1213 434 nunc
1239 392 1406 434 Caesari
1432 395 1531 433 suni:
1568 410 1585 436 5

199 455 456 509 amicissimi,
495 469 548 494 an
578 453 862 494 faenerahores
895 467 949 492 an
980 451 1198 506 agricolas,
1230 451 1384 505 quibus
1417 453 1533 505 opia-

199 514 414 554 tissimum
451 515 515 554 651
553 512 717 553 otium?
763 511 846 552 nisi
885 525 956 552 eos
994 511 1141 551 timere
1178 513 1322 565 putas,
1363 523 1416 550 ne
1454 509 1531 549 sub

200 586 330 626 regno
364 572 462 626 51111,
493 571 565 624 qui
597 570 640 610 id
670 584 913 623 numquam,
943 569 1042 609 dum
1067 568 1191 609 modo
1223 568 1350 608 otiosi
1382 569 1534 622 essent,

165 643 172 655 ³
201 633 458 671 recusarunt.
497 627 605 677 Quid
632 628 760 683 ergo?
793 628 1022 668 exercitum
1047 627 1281 680 retinentis,
1307 641 1401 667 cum
1425 625 1533 680 legis

201 689 288 729 dies
320 688 549 742 transierit,
580 687 788 728 rationem
818 686 967 727 haberi
996 686 1162 739 placet?
1217 685 1326 725 Mihi
1355 698 1455 725 vero
1481 697 1534 724 ne
1554 702 1589 727 10

203 747 388 788 absentis
428 746 613 800 quidem3
654 745 742 799 sed,
785 759 879 785 cum
916 744 959 784 id
996 744 1142 785 datum
1179 746 1260 797 651,
1301 742 1408 783 illud
1449 757 1534 783 una

202 806 348 846 datum
386 807 460 845 651.
522 804 744 844 Annorum
782 803 893 844 enim
937 803 1077 843 decem
1119 802 1345 856 imperium
1389 803 1430 841 61
1473 801 1535 841 iba

201 864 337 905 latum
377 864 540 916 placet?
602 862 744 903 Placet
788 862 920 916 igitur
965 861 1092 901 ebiam
1128 874 1195 901 me
1234 859 1457 913 expulsum
1494 861 1536 899 61

202 937 351 977 agrum
383 921 644 975 Campanum
687 921 846 974 perisse
885 922 926 961 61
965 920 1213 973 adoptarum
1248 917 1475 972 patricium
1513 932 1536 957 a

202 981 386 1035 plebeio,
424 979 679 1020 Gadifianum
711 995 735 1020 a
765 978 1040 1032 Mytilenaeo,
1078 980 1118 1018 61
1149 976 1326 1018 Labieni
1364 975 1536 1017 divitiae
1555 992 1589 1018 15

203 1042 244 1080 61
274 1039 513 1080 Mamurrae
551 1038 717 1091 placent
762 1040 803 1078 61
840 1037 963 1077 Balbi
1005 1036 1122 1077 horti
1166 1038 1207 1077 61
1239 1034 1535 1076 Tusculanum.

204 1097 285 1139 Sed
322 1097 475 1138 horum
517 1097 704 1137 omnium
748 1095 844 1136 fons
888 1110 996 1135 unus
1042 1097 1115 1135 651.
1177 1092 1395 1134 Imbecillo
1436 1092 1537 1132 resi-

205 1156 399 1196 stendum
432 1155 527 1209 fuit,
558 1157 598 1195 61
624 1154 667 1194 id
693 1157 781 1194 crab
808 1153 945 1206 facile3
976 1167 1087 1193 nunc
1117 1152 1304 1206 legiones
1330 1163 1391 1206 XI,
1423 1150 1536 1203 equi-

204 1217 318 1254 tatus
368 1216 535 1267 tantus,
585 1215 791 1265 quantum
839 1211 971 1265 volet,
1026 1209 1337 1264 Transpadani,
1392 1209 1535 1262 plebes

204 1273 385 1326 urbana,
428 1274 493 1311 101
530 1271 692 1311 tribuni
730 1270 803 1324 pl,
846 1272 933 1310 bam
970 1269 1134 1322 perdita
1164 1269 1380 1321 iuventus,
1415 1269 1536 1307 ’canta
1556 1284 1590 1308 20

205 1331 456 1371 auctoritate
494 1329 593 1382 dux,
637 1331 756 1369 tanta
795 1328 975 1368 audacia.
1039 1325 1145 1368 Cum
1182 1326 1263 1367 hoc
1301 1328 1374 1366 aut
1412 1325 1536 1378 depu-

206 1389 419 1443 gnandum
457 1391 521 1428 651
559 1390 631 1428 auh
668 1387 859 1427 habenda
897 1401 918 1426 e
958 1386 1051 1439 lege
1091 1385 1211 1426 ratio.
1274 1383 1538 1437 ‘Depugna',

204 1447 359 1501 inquis,
391 1446 547 1499 ‘potius
575 1460 701 1499 quam
734 1444 915 1486 servias?
966 1443 1026 1485 Ut
1059 1444 1186 1497 quid?
1220 1443 1255 1483 si
1282 1442 1417 1483 victus
1443 1441 1538 1495 eris,

204 1505 485 1559 proscribare,
530 1504 564 1544 si
602 1503 769 1558 viceris,
806 1506 947 1543 tamen
984 1502 1170 1543 servias?
1232 1500 1364 1550 ‘Quid
1401 1499 1538 1555 ergo',

203 1564 364 1619 inquis,
395 1563 604 1603 ‘facturus
638 1562 724 1602 es‘?'
786 1560 902 1602 Idem
935 1560 1047 1615 quod
1077 1560 1273 1614 pecudes,
1312 1573 1417 1613 quae
1456 1558 1537 1598 dis-
1556 1575 1590 1601 25

203 1623 349 1676 pulsae
381 1622 447 1662 sui
478 1621 643 1675 generis
676 1623 910 1673 sequuntur
942 1633 1102 1673 greges.
1152 1617 1212 1659 Uh
1243 1618 1320 1658 bos
1348 1618 1537 1657 armenta

207 1681 265 1721 sic
298 1695 374 1735 ego
407 1680 541 1720 bonos
567 1679 681 1720 viros
709 1681 781 1719 auh
808 1693 891 1732 eos,
923 1678 1177 1731 quicumque
1202 1676 1392 1716 dicen'cur
1423 1674 1537 1728 boni,

206 1754 375 1793 sequar,
413 1738 579 1778 etiamsi
615 1740 748 1778 ruent.
812 1736 919 1784 Quid
959 1736 1013 1776 511
1051 1738 1273 1789 οΡ1ι11111111]
1305 1733 1411 1773 male
1443 1746 1537 1772 con-

204 1798 350 1838 tractis
382 1797 522 1851 rebus,
552 1796 676 1850 plane
707 1795 838 1835 video.
900 1793 1072 1835 Nemini
1104 1796 1168 1834 651
1207 1793 1317 1834 enim
1349 1791 1538 1844 explora-

204 1860 312 1909 tum,
350 1870 444 1896 cum
477 1855 528 1895 ad
560 1869 675 1895 arma
706 1856 879 1894 ventum
912 1853 986 1907 511,
1025 1852 1125 1906 quid
1155 1851 1347 1897 futurum
1380 1849 1453 1903 511,
1494 1851 1538 1889 ab
1557 1867 1592 1892 30

204 1915 309 1954 illud
341 1913 554 1966 omnibus,
592 1913 627 1952 si
665 1912 766 1952 boni
798 1911 899 1952 victi
932 1911 1035 1965 51111,
1071 1924 1147 1950 nec
1185 1909 1230 1949 in
1266 1907 1388 1948 caede
1425 1907 1538 1961 prin-

205 1973 345 2026 cipum
385 1971 697 2012 clementiorem
739 1969 851 2010 hunc
893 1969 999 2023 fore,
1049 1982 1175 2022 quam
1219 1965 1354 2007 Cinna
1397 1965 1537 2020 fuerit,

203 2045 280 2071 nec
320 2030 662 2083 moderatiorem,
707 2042 833 2081 quam
872 2026 1005 2081 Sulla,
1048 2027 1093 2066 in
1129 2025 1319 2078 pecuniis
1357 2024 1538 2077 locuple-

204 2091 305 2129 tum.
375 2087 764 2141 Συμπολιτεύομαί
809 2097 878 2127 σοι
932 2086 1016 2126 iam
1065 2084 1222 2124 dudum
1267 2086 1308 2123 61
1359 2083 1538 2123 facerem

205 2147 375 2201 diutius,
405 2146 489 2186 nisi
520 2160 587 2186 me
616 2145 785 2185 lucerna
816 2144 1032 2184 desereret.
1083 2141 1149 2182 Ad
1181 2155 1396 2182 summam
1427 2139 1539 2194 ε1310,
1557 2156 1591 2182 35

203 2203 259 2244 M.
291 2205 462 2245 TVLLI’.
525 2203 751 2244 Adsentior
790 2200 862 2243 Cn.
898 2200 1118 2254 PompeiO,
1158 2200 1201 2240 id
1243 2202 1306 2240 651
1338 2198 1384 2240 Τ.
1415 2197 1538 2239 Pom-

204 2276 343 2315 pomo.
