1665 2553
134 641 153 671 10

178 114 264 156 300
605 114 652 148 M.
680 113 820 148 TULLI
846 112 1094 148 CICERONIS

825 219 875 260 V.

409 300 482 335 Ser.
504 301 544 334 in
572 300 733 334 Omncmo
761 300 839 333 XV
863 299 910 333 K.
932 299 1027 334 Mai.
1049 311 1081 334 α.
1104 302 1174 334 705
1203 302 1291 343 (49).

582 381 774 416 CICERO
798 381 989 416 ATTICO
1015 381 1121 416 SAL.

267 454 331 495 De
368 458 461 497 tota
492 470 585 496 mea
617 453 875 508 cogitatione
908 453 1057 507 scripsi
1089 453 1141 494 ad
1171 456 1214 494 te
1247 455 1370 494 antea
1402 453 1519 508 satis,

180 516 228 554 ut
259 513 365 554 mihi
396 514 511 554 visus
546 528 650 567 sum,
684 512 918 567 diligenter.
968 511 1033 552 De
1066 511 1131 552 die
1162 511 1271 552 nihil
1303 526 1400 552 sane
1426 514 1518 565 pot·
1556 529 1572 555 5

181 575 245 613 est
285 572 411 613 scribi
443 572 547 613 certi
575 574 746 626 praeter
782 571 880 625 hoc,
920 585 1007 611 non
1048 573 1144 611 ante
1175 570 1321 611 lunam
1351 584 1517 611 novam.

183 629 380 671 Curionis
414 645 550 671 sermo
583 629 788 684 postridie
814 629 987 670 eandem
1010 629 1162 669 habuit
1187 629 1273 669 fere
1301 643 1520 684 summam,

181 689 264 730 nisi
297 689 410 743 quod
442 689 629 743 apertius
664 688 919 743 significavit
947 702 990 728 se
1014 687 1167 728 harum
1192 702 1334 728 rerum
1360 688 1520 728 exitum

180 762 267 788 non
299 748 451 788 videre.

271 805 392 854 Quod
423 806 529 846 mihi
554 805 728 846 mandas
757 805 806 845 de
833 804 989 853 Quinto
1015 804 1211 859 regendo,
1238 803 1518 858 εἈρκοιόιίκνῖ
1540 823 1575 846 10

183 864 341 905 Tamen
371 864 480 905 nihil
511 864 856 918 praetermittam.
909 862 1051 917 Atque
1084 862 1248 903 utinam
1280 865 1328 903 tu
1355 887 1423 917 —,
1449 862 1521 903 secl

182 923 401 964 molestior
442 937 529 964 non
567 937 648 964 ero.
716 921 961 976 Epistulam
999 921 1050 961 ad
1088 921 1334 962 Vestorium
1374 921 1521 962 statim

183 982 326 1035 detuli,
365 996 411 1022 ac
442 982 562 1023 valde
594 981 806 1035 requirere
840 980 1012 1021 solebat.
1077 978 1351 1020 Commodius
1383 982 1522 1020 tecum

184 1040 409 1081 Vettienus
454 1043 518 1080 est
556 1040 742 1094 locutus,
788 1054 913 1093 quani
952 1039 1002 1079 ad
1040 1052 1107 1079 me
1140 1038 1376 1091 scripserat.
1441 1037 1522 1079 Sed

182 1099 327 1139 mirari
373 1099 476 1139 satis
522 1097 705 1138 hominis
748 1097 1058 1152 neglegentiam
1103 1111 1189 1137 non
1227 1111 1344 1150 queo.
1414 1094 1522 1137 Cum
1541 1113 1575 1138 15
1631 1093 1634 1115 ²

184 1157 296 1198 enim
328 1156 434 1197 mihi
464 1156 721 1197 Philotimus
755 1156 929 1197 dixisset
962 1169 1004 1195 se
1035 1154 1108 1196 HS
1139 1158 1174 1194 Ἰ]
1206 1169 1340 1196 emere
1371 1155 1420 1195 de
1449 1153 1522 1195 Ca-

183 1215 325 1256 nuleio
358 1215 646 1255 deversorium
678 1214 784 1254 illud
815 1228 952 1268 posse,
991 1213 1168 1253 minoris
1201 1214 1328 1253 etiam
1361 1216 1522 1266 emptu-

183 1288 289 1326 rum,
318 1273 353 1313 si
372 1272 621 1313 Vettienum
648 1286 875 1326 rogassem,
906 1272 1066 1326 rogavi,
1092 1274 1152 1326 ut,
1178 1271 1213 1311 si
1241 1271 1341 1325 quid
1366 1273 1522 1326 posset,

185 1346 233 1372 ex
279 1346 325 1372 ea
370 1346 532 1371 summa
573 1331 823 1372 detraheret.
890 1329 1103 1370 Promisit.
1166 1329 1233 1369 Ad
1276 1344 1342 1370 me
1384 1344 1521 1383 nuper

185 1405 228 1431 se
260 1388 332 1430 HS
365 1392 461 1430 ᾗ
499 1390 666 1443 emisse3
710 1392 758 1429 ut
798 1388 1042 1443 scriberem,-
1080 1388 1146 1428 cui
1183 1387 1334 1429 vellem
1367 1388 1576 1444 addici320

186 1449 295 1489 diem
332 1448 532 1502 pecuniae
564 1447 663 1488 Idus
694 1446 922 1488 Novembr.
956 1461 1057 1487 esse.
1118 1445 1331 1500 Rescripsi
1367 1447 1404 1487 ei
1438 1449 1522 1487 sto-

183 1506 435 1562 machosius,
465 1521 559 1547 cum
591 1507 682 1547 ioco
715 1509 857 1547 tamen
887 1504 1098 1546 familiari.
1154 1503 1290 1560 Nunc,
1322 1505 1522 1559 quoniam

185 1565 274 1620 agit
316 1565 567 1619 liberaliter,
606 1565 715 1605 nihil
760 1578 908 1605 accuso
946 1563 1160 1604 hominem
1200 1564 1433 1617 scripsique
1471 1563 1522 1604 ad

185 1638 280 1664 eum
311 1638 377 1664 me
409 1639 432 1664 a
464 1627 506 1664 te
538 1624 760 1664 certiorem
792 1637 883 1663 esse
915 1622 1083 1663 factum.
1147 1621 1227 1676 Tu,
1266 1622 1316 1663 de
1347 1624 1422 1663 tuo
1454 1621 1521 1662 iti-

182 1696 281 1723 nere
320 1682 420 1736 quid
458 1685 499 1723 et
541 1682 706 1736 quando
740 1682 918 1736 cogites,
955 1681 1081 1721 velim
1113 1695 1179 1721 me
1211 1680 1433 1722 certiorem
1464 1680 1521 1720 fa·
1542 1698 1577 1723 25

184 1741 279 1781 cias.
342 1741 391 1781 A.
420 1740 455 1781 d.
482 1752 545 1781 XV
577 1740 627 1781 K.
654 1740 800 1781 Maias.

820 1844 892 1885 VI.

401 1925 475 1960 Ser.
496 1926 537 1959 in
565 1924 725 1959 Cumano
752 1925 864 1959 medio
889 1936 932 1958 m.
954 1925 1043 1967 Apr.
1066 1936 1098 1957 α.
1122 1926 1193 1958 705
1219 1925 1308 1967 (49).

583 2006 771 2041 CICERO
796 2005 988 2040 ATTICO
1014 2005 1119 2040 SAL.

273 2077 341 2118 Me
397 2078 532 2119 adhuc
586 2077 695 2118 nihil
752 2080 919 2131 praeter
974 2079 1269 2131 tempestatem
1319 2079 1519 2118 moratur.
1541 2095 1575 2119 30

185 2134 340 2176 Astute
370 2136 479 2177 nihil
512 2151 605 2177 sum
637 2138 816 2176 acturus.
872 2135 967 2176 Fiat
998 2135 1043 2176 in
1073 2134 1281 2188 Hispania
1313 2135 1521 2189 quidlibet

185 2194 273 2243 †et
317 2196 457 2234 tamen
498 2194 645 2235 recitet
687 2196 737 2234 et.
799 2193 915 2235 Meas
957 2193 1236 2248 cogitationes
1279 2193 1415 2234 omnis
1454 2208 1520 2234 ex-

186 2251 339 2304 plicavi
383 2252 463 2292 tibi
502 2252 791 2306 superioribus
828 2252 996 2293 litteris.
1065 2251 1266 2300 Quocirca
1302 2251 1381 2293 hae
1420 2254 1520 2292 sunt

187 2308 347 2363 breves,
367 2310 445 2363 †et
472 2313 613 2351 tamen
639 2311 737 2364 quia
762 2310 1016 2351 festinabam
1042 2324 1238 2364 eramque
1266 2309 1518 2363 occupatior.
