1665 2553
307 108 645 144 EPISTULARUM
670 108 734 142 AD
761 106 974 141 ATTICUM
998 105 1083 140 XVI
1109 109 1163 148 11,
1190 109 1243 139 12.
1370 105 1453 146 509

121 206 230 260 cipia
260 206 365 247 mire
397 205 551 247 favent.
612 203 699 244 Iter
732 202 842 243 enim
873 201 1029 243 faciens
1061 201 1103 241 in
1137 199 1355 241 Samnium
1386 215 1456 240 ve-

120 265 185 305 nit
216 263 352 318 Cales,
383 263 541 304 mansit
572 262 712 303 Teani.
764 260 943 301 Mirifica
975 259 1212 313 ἀπάντησις
1244 261 1284 299 et
1310 258 1454 299 cohor-

121 323 239 364 tatio.
302 322 394 363 Hoc
431 325 479 362 tu
519 321 719 375 putares?
771 318 834 360 Ob
871 319 952 360 hoc
992 332 1068 372 ego
1109 318 1232 358 citius
1263 316 1455 370 Romam,

123 396 248 436 quam
281 380 594 422 constitueram.
658 378 793 420 Simul
826 380 866 418 et
898 377 1172 431 constituero,
1204 376 1396 417 scribam.

86 456 102 482 5
209 439 308 480 Etsi
342 439 530 480 nondum
557 437 854 491 stipulationes
879 436 1064 490 legeram
1090 433 1185 490 (nec
1211 434 1321 475 enim
1346 434 1455 475 Eros

121 497 327 552 venerat),
358 501 502 538 tamen
531 511 621 537 rem
652 496 785 549 pridie
816 494 914 535 Idus
947 494 1074 535 velim
1099 493 1305 534 conficias.
1355 493 1455 546 Epi-

123 557 256 597 stulas
295 555 508 611 Catinam,
545 554 891 608 Tauromenium,
932 552 1158 607 Syracusas
1197 551 1455 593 commodius

122 616 290 656 mittere
327 617 494 668 potero,
538 614 573 654 si
612 612 806 654 Valerius
848 612 1054 665 interpres
1093 611 1146 652 ad
1181 625 1248 651 me
1285 611 1456 651 nomina

123 674 409 728 gratiosorum
435 672 661 726 scripserit.
712 671 801 712 Alii
827 671 938 711 enim
964 673 1063 710 sunt
1090 670 1206 725 alias,
1235 669 1456 722 nostrique

70 750 102 774 10
122 732 350 773 familiares
383 732 469 772 fere
502 730 722 771 demortui.
772 729 946 770 Publice
971 731 1112 769 tamen
1138 728 1297 782 scripsi,
1331 728 1366 768 si
1391 727 1455 768 uti

121 791 247 831 vellet
280 790 338 831 eis
370 789 586 845 Valerius3
619 791 691 830 aut
722 788 829 828 mihi
859 787 1030 828 nomina
1061 787 1260 827 mitteret.

209 848 272 890 De
298 848 540 903 Lepidianis
566 848 683 889 feriis
710 847 869 887 Balbus
896 847 949 886 ad
973 860 1039 886 me
1064 860 1198 899 usque
1224 845 1275 885 ad
1293 857 1344 885 ΙΙΙ
1363 843 1454 884 Kal.

122 908 389 961 Exspectabo
422 910 518 948 tuas
550 907 716 947 litteras
748 920 898 959 meque
930 906 976 945 de
1002 904 1207 958 Torquati
1238 903 1455 958 negotiolo

123 967 326 1007 sciturum
358 968 472 1019 puto.
535 964 681 1013 Quinti
718 964 885 1005 litteras
926 963 977 1004 ad
1014 966 1056 1003 te
1087 963 1202 1016 misi,
1238 965 1285 1003 ut
1318 962 1457 1016 scires,

70 1042 102 1067 15
124 1040 249 1078 quam
275 1025 394 1065 valde
420 1039 515 1064 eum
542 1026 712 1076 amaret,
740 1038 864 1076 quem
890 1022 1005 1062 dolet
1032 1038 1055 1062 a
1079 1024 1121 1062 te
1147 1021 1287 1061 minus
1314 1021 1456 1061 amari.
1518 1034 1525 1037 ’

122 1083 307 1137 Atticae,
345 1083 563 1137 quoniam,
601 1082 712 1136 quod
745 1081 954 1135 optimum
985 1080 1030 1120 in
1061 1080 1202 1134 pueris
1236 1082 1311 1134 est,
1349 1079 1456 1120 hila-

122 1142 214 1182 rula
247 1144 320 1196 est,
352 1141 456 1182 meis
488 1141 628 1181 verbis
662 1140 854 1181 suavium
887 1139 957 1180 des
989 1139 1097 1180 volo.

742 1279 835 1320 XII.

310 1362 383 1397 Ser.
410 1362 450 1395 in
476 1361 677 1395 Puteolano
708 1360 813 1394 VIII
832 1360 888 1394 Id.
911 1360 1002 1394 Nov.
1025 1371 1057 1393 α.
1081 1362 1151 1394 ’710
1177 1361 1267 1402 (44).

71 1452 104 1476 20
525 1442 715 1476 CICERO
739 1441 931 1476 ATTICO
957 1441 1063 1476 SAL.

213 1513 322 1568 Oppi
368 1514 589 1568 epistulae,
641 1514 739 1567 quia
782 1514 1041 1566 perhumana
1085 1515 1192 1565 erat,
1236 1512 1317 1552 tibi
1360 1512 1456 1552 misi

126 1573 371 1626 exemplum.
433 1571 498 1612 De
535 1571 693 1626 Ocella,
738 1572 837 1612 dum
879 1574 927 1612 tu
970 1571 1202 1625 muginaris
1240 1585 1316 1611 nec
1352 1571 1458 1611 mihi

126 1632 349 1685 quicquam
382 1631 591 1684 rescribis,
629 1630 719 1684 cepi
751 1630 973 1670 consilium
1006 1630 1281 1670 domesticum
1313 1629 1457 1682 itaque

124 1705 189 1731 me
236 1705 295 1743 pr.
336 1689 436 1730 Idus
484 1689 668 1729 arbitror
708 1688 868 1729 Romae
909 1689 1108 1728 futurum.
1185 1686 1455 1727 Commodius

73 1766 106 1791 25
126 1751 189 1789 est
226 1749 365 1789 visum
402 1748 561 1788 frustra
597 1761 664 1787 me
702 1747 798 1787 istic
831 1761 936 1800 esse,
975 1761 1069 1787 cum
1099 1746 1142 1786 id
1171 1760 1257 1786 non
1288 1760 1456 1786 necesse

127 1810 255 1861 esset,
292 1821 436 1861 quam,
474 1806 508 1846 si
541 1820 646 1859 opus
679 1808 805 1857 esset,
843 1820 929 1845 non
961 1805 1121 1858 adesse,
1161 1807 1202 1844 et
1236 1804 1374 1858 simul,
1405 1818 1456 1844 ne

126 1865 435 1918 intercluderer,
467 1865 718 1905 metuebam.
768 1863 845 1904 Ille
872 1864 983 1904 enim
1008 1863 1090 1904 iam
1117 1863 1340 1903 adventare
1365 1866 1456 1915 pot-

127 1926 200 1964 est.
249 1923 345 1963 Etsi
370 1923 477 1963 varii
503 1937 692 1963 rumores
718 1923 937 1976 multique,
966 1936 1071 1975 quos
1099 1935 1292 1974 cuperem
1317 1935 1455 1975 veros,

126 1981 233 2021 nihil
263 1984 405 2022 tamen
436 1981 550 2021 certi.
611 1980 705 2035 Ego
737 1995 848 2035 vero,
881 1980 1079 2034 quicquid
1112 1983 1185 2033 est,
1216 1982 1354 2020 tecum
1385 1994 1456 2032 po-

74 2058 108 2082 30
127 2040 226 2093 tius,
263 2055 388 2093 quam
420 2039 550 2080 animi
580 2040 794 2094 pendeam,
827 2054 920 2080 cum
953 2054 976 2079 a
1007 2042 1048 2079 te
1081 2038 1228 2091 absim,
1261 2040 1302 2077 et
1334 2038 1383 2077 de
1413 2040 1456 2078 te

129 2100 169 2138 et
213 2099 262 2138 de
304 2112 382 2138 me.
444 2096 525 2138 Sed
569 2098 669 2150 quid
712 2098 792 2138 tibi
836 2098 998 2138 dicam?
1048 2096 1215 2136 Bonum
1259 2096 1456 2136 animum.

127 2155 190 2196 De
217 2155 523 2212 Ἡρακλειὸείςο
555 2155 760 2196 Varronis
797 2156 968 2210 negotia
1008 2155 1126 2195 salsa.
1189 2154 1257 2194 Me
1290 2155 1457 2207 quidem

126 2214 235 2255 nihil
265 2229 465 2267 umquam
498 2214 556 2254 sic
587 2214 818 2255 delectavit.
870 2214 949 2255 Sed
980 2214 1080 2254 haec
1112 2216 1152 2253 et
1185 2213 1266 2253 alia
1298 2213 1457 2253 maiora

128 2286 281 2314 coram.
