1665 2553
288 62 631 98 EPISTULARUM
656 62 721 96 AD
746 61 962 97 ATTICUM
987 62 1037 97 IV
1063 66 1219 97 Sa—ll.
1346 63 1430 104 115

82 161 189 203 velle
240 159 348 201 mihi
399 159 517 200 visus
569 161 632 199 est
688 172 815 212 quam
867 157 1111 199 Messallam
1161 158 1429 200 consulatum

82 222 236 274 petere.
297 217 362 259 De
396 232 479 272 quo
511 217 606 271 ipso
640 217 676 257 si
708 217 811 272 quid
842 217 943 271 scis,
974 217 1103 258 velim
1135 217 1251 258 scire.

172 277 294 326 Quod
323 276 502 318 Lucceio
537 275 686 316 scribis
717 278 760 316 te
789 278 983 317 nostram
1014 276 1196 330 gloriam
1222 290 1429 317 commen-
1456 285 1475 315 2

84 337 299 391 daturum,
337 338 380 376 et
417 334 654 376 aedificium
696 337 893 375 nostrum
932 335 1045 388 quod
1082 335 1229 375 crebro
1267 335 1429 387 invisis,

50 398 268 451 5gratum.
331 393 514 443 Quintus
553 394 684 434 frater
722 393 773 434 ad
809 408 876 434 me
914 393 1085 447 scripsit
1124 408 1184 448 se,
1229 393 1430 447 quoniam

86 454 332 496 Ciceronem
373 452 673 493 suavissimum
710 454 850 493 tecum
885 451 1082 507 haberes,
1123 452 1174 493 ad
1211 454 1254 493 te
1290 452 1429 493 Nonis

84 513 211 554 Maiis
237 514 474 554 venturum.
525 511 620 565 Ego
653 525 719 551 me
751 510 800 551 de
827 509 1016 552 Cumano
1049 511 1164 552 movi
1196 513 1293 552 ante
1320 511 1428 551 diem

85 584 116 613 V
140 571 233 612 Kal.
271 570 417 612 Maias.
484 569 550 610 Eo
590 569 655 610 die
693 568 875 624 Neapoli
917 569 1029 623 apud
1065 569 1255 610 Paetum.
1316 568 1430 610 Ante

85 630 197 671 diem
226 641 294 670 1111
325 629 418 670 Kal.
450 627 586 669 Maias
618 628 709 668 iens
748 628 793 669 in
823 627 1129 682 Pompeianum
1165 628 1272 669 bene
1308 642 1430 669 mane

34 707 67 732 10
85 689 188 730 haec
220 688 383 742 scripsi.

735 779 774 820 X

311 850 385 885 Ser.
412 849 453 883 ‘m
480 848 641 883 Cumano
665 848 732 882 IX
754 848 804 882 K.
832 848 928 883 Ilffaz'.
956 860 988 882 α.
1018 850 1090 883 699
1117 850 1207 892 (55).

512 905 680 942 CICERO
708 906 882 941 ATTICO
913 906 1009 942 SAL.

175 968 364 1010 Puteolis
406 981 587 1022 magnus
631 968 695 1007 est
738 981 884 1008 rumor
921 966 1216 1008 Ptolomaeum
1261 981 1352 1008 esse
1389 967 1433 1008 in
1459 978 1494 1009 1.

37 1046 68 1071 15
88 1042 230 1083 regnO.
294 1026 339 1068 Si
377 1026 478 1081 quid
508 1025 638 1066 habes
678 1025 854 1080 certius,
891 1025 1018 1066 velim
1057 1025 1174 1067 scire.
1236 1025 1331 1080 Ego
1364 1026 1433 1067 hic

87 1101 238 1141 pascor
280 1084 540 1127 bibliotheca
583 1083 742 1125 Fausti.
805 1083 1003 1125 Fortasse
1028 1086 1096 1130 ¹tu
1138 1085 1322 1138 putabas
1366 1084 1433 1125 his

88 1146 213 1186 rebus
250 1143 496 1185 Puteolanis
540 1145 581 1184 et
617 1141 960 1184 Lucrinensibus.
1023 1141 1089 1184 Ne
1134 1143 1219 1183 ista
1263 1143 1433 1197 quidem

89 1204 251 1245 desunt.
315 1201 396 1244 Sed
425 1201 661 1243 mehercule
694 1216 717 1242 a
749 1201 899 1242 ceteris
928 1201 1287 1242 oblectationibus
1321 1202 1434 1242 dese—

88 1278 160 1304 ror
191 1265 232 1303 et
262 1262 292 1315 *3⁴
311 1261 581 1315 voluptatum
612 1262 788 1314 propter
812 1274 902 1301 rem
934 1260 1157 1313 publicam.
1222 1260 1290 1302 Sic
1320 1260 1433 1301 litte-

37 1339 70 1364 ρο
89 1321 148 1362 ris
181 1322 398 1361 sustentor
429 1322 471 1359 et
501 1333 665 1360 recreor
702 1318 900 1372 maloque
939 1319 984 1359 in
1015 1319 1089 1359 illa
1120 1321 1195 1360 tua
1227 1319 1431 1372 sedecula,

92 1394 217 1434 quam
247 1379 379 1419 habes
411 1378 489 1418 sub
528 1377 711 1432 imagine
742 1376 1009 1431 AristoteliS,
1048 1377 1190 1418 sedere
1230 1392 1357 1432 quam
1388 1378 1434 1418 in

90 1439 273 1479 istorum
305 1437 406 1478 sella
437 1436 572 1477 curuli
600 1439 824 1490 tecumque
851 1435 963 1489 apud
988 1438 1029 1477 te
1056 1436 1272 1477 ambulare
1304 1451 1433 1490 quam

91 1511 187 1538 cum
219 1510 281 1550 eo,
313 1509 494 1549 quocum
524 1494 644 1535 video
677 1509 765 1536 esse
798 1494 1112 1535 ambulandum.
1165 1493 1247 1535 Sed
1279 1495 1328 1536 de
1359 1495 1433 1535 illa

92 1553 379 1596 ambulatione
415 1553 503 1594 fors
541 1552 712 1607 viderit,
756 1555 828 1593 aut
873 1553 908 1593 si
947 1552 1019 1607 qui
1065 1555 1147 1608 est,
1191 1553 1265 1607 qui
1303 1556 1432 1606 curet,

39 1630 72 1657 25
92 1614 211 1666 deus3
235 1615 428 1653 nostram
454 1611 785 1652 ambulationem
812 1614 852 1651 et
872 1610 1129 1652 Laconicum
1156 1625 1299 1666 eaque,
1326 1626 1432 1665 quae
1459 1622 1477 1651 2

93 1671 228 1726 Cyrea
248 1672 346 1724 sint,
371 1670 508 1723 velim,
535 1670 649 1724 quod
672 1670 844 1723 poteriS,
870 1669 1028 1710 invisas
1055 1672 1097 1710 et
1122 1683 1273 1724 urgeas
1293 1669 1434 1710 Philo-

92 1731 257 1784 timum,
288 1732 336 1770 ut
367 1731 575 1783 properet,
607 1731 655 1769 ut
680 1728 842 1781 possim
861 1727 942 1768 tibi
963 1727 1123 1781 aliquid
1142 1728 1187 1768 'm
1207 1742 1255 1769 eo
1282 1742 1433 1782 genere

93 1789 354 1843 respondere.
421 1786 648 1840 Pompeius
693 1786 738 1826 in
776 1784 1014 1827 Cumanum
1050 1785 1264 1826 Parilibus
1305 1786 1433 1827 venit.

94 1847 214 1888 Misit
246 1847 297 1888 ad
328 1860 395 1887 me
428 1846 591 1898 statim,
632 1845 704 1898 qui
737 1844 918 1884 salutem
949 1844 1176 1884 nuntiaret.
1239 1843 1307 1884 Ad
1339 1859 1434 1885 eum

43 1923 76 1948 30
95 1906 298 1959 postridie
329 1919 452 1946 mane
483 1903 698 1956 vadebam,
731 1917 827 1943 cum
857 1902 961 1943 haec
994 1902 1157 1956 scripsi.

730 2019 802 2060 XI.

324 2089 398 2125 Ser.
424 2091 466 2124 in
493 2089 654 2124 Cumano
681 2099 732 2123 εκ.
760 2099 803 2122 m.
834 2087 929 2122 Mai.
957 2099 989 2121 α.
1018 2090 1089 2122 699
1117 2089 1205 2131 (55).

520 2146 688 2183 CICERO
715 2145 888 2180 ATTICO
918 2145 1013 2180 SAL.

184 2207 460 2248 Delectarunt
502 2222 570 2248 me
615 2207 821 2261 epistulae
865 2209 981 2259 tuae,
1027 2220 1130 2259 quas
1176 2205 1314 2259 accepi
1351 2219 1435 2246 uno
1464 2216 1481 2246 1

44 2283 77 2309 35
96 2269 286 2320 tempore
318 2266 420 2306 duas
451 2268 548 2307 ante
574 2266 684 2306 diem
710 2278 740 2306 V
765 2265 857 2305 Kal.
908 2264 1041 2319 Perge
1067 2264 1239 2318 reliqua.
1292 2263 1436 2305 Cestio

1181 2332 1226 2366 8²¹⁴
