1665 2553
165 590 188 620 w

216 73 304 114 330
653 73 701 109 M.
730 73 871 108 TULLI
897 73 1146 109 CICERONIS

217 182 272 210 es
335 168 394 210 Et
425 169 586 210 factum
616 169 751 224 igitur
781 172 831 210 tu
858 169 1007 210 scribis
1033 169 1129 210 istis
1155 169 1319 223 placere
1344 173 1383 212 et
1397 170 1561 223 placere

214 227 351 269 isdem
387 227 482 269 istis
526 228 750 269 lictoribus
781 242 848 268 me
879 228 962 283 uti,
1000 228 1113 282 quod
1143 242 1388 269 concessum
1420 226 1558 270 Sestio

217 285 293 342 si’c3
337 286 405 328 cui
448 301 535 327 non
576 290 682 340 puto
722 301 821 327 suos
860 301 951 327 esse
989 300 1226 341 concessos,
1265 287 1337 328 sed
1375 287 1427 328 ab
1464 287 1559 342 ipso

217 345 350 386 datos.
412 344 551 386 Audio
594 345 705 386 enim
747 359 843 386 eum
884 359 931 386 ea
969 348 1141 386 senatus
1180 346 1374 386 consulta
1404 345 1560 400 impro-

214 404 335 458 bare,
385 418 491 457 quae
540 406 638 457 pos'c
689 403 921 444 discessum
969 404 1243 445 tribunorum
1291 405 1402 445 facta
1448 407 1557 446 sunt.
1597 421 1612 447 5

216 462 352 511 Quare
390 462 566 518 poterit,
605 462 642 503 si
674 463 788 503 volet
822 463 905 503 sibi
936 465 1148 518 constare,
1184 465 1356 505 nostros
1387 463 1558 505 lictores

216 521 502 575 comprobare.

306 578 585 633 Quamquam,
612 579 714 633 quid
752 593 830 634 ego
869 580 918 620 de
955 579 1199 636 lictoribus,
1237 580 1310 635 qui
1346 595 1477 634 paene
1509 595 1560 622 ex

214 637 341 679 Italia
380 639 575 679 decedere
615 639 694 679 sim
732 638 903 679 iussus?
954 637 1066 679 Nam
1099 639 1151 679 ad
1180 653 1247 680 me
1278 639 1396 680 misit
1427 639 1559 680 Anto-

213 697 311 738 nius
350 697 589 751 exemplum
629 696 822 738 Caesaris
862 697 913 738 ad
951 712 994 738 se
1032 697 1288 753 litterarum,
1327 698 1373 738 in
1404 698 1558 752 quibus
1579 715 1613 740 10

215 758 303 796 erat
350 770 393 797 se
440 756 608 796 audisse
647 754 854 797 Cat-onem
897 758 938 797 el:
974 755 1019 797 L.
1053 755 1272 797 Metellum
1309 756 1354 797 in
1389 755 1560 798 Italiam

214 815 393 869 Venisse,
424 814 586 856 Romae
618 817 666 855 1113
699 816 839 856 essenb
871 815 1022 868 palam.
1072 813 1123 856 Id
1154 815 1237 856 sibi
1267 829 1354 856 non
1385 815 1560 871 placere,

212 887 267 915 ne
316 873 389 927 qui
419 876 563 915 motus
597 887 649 914 ex
679 887 728 915 eo
759 873 927 928 fierent3
970 872 1271 928 prohiberique
1303 888 1448 916 omnes
1478 873 1560 915 Ita-

213 932 288 986 lia,
326 932 410 973 nisi
450 947 631 986 quorum
670 932 761 986 ipse
799 946 967 973 causam
1006 932 1293 987 cognovisset3
1337 933 1470 987 deque
1510 947 1558 974 eo

214 990 506 1033 vehementius
545 994 635 1032 erat
676 991 891 1045 scriptum.
953 990 1103 1045 Itaque
1134 990 1348 1032 Antonius
1387 991 1559 1046 petebat
1579 1009 1612 1034 15

214 1065 236 1090 a
277 1065 344 1091 me
377 1064 451 1104 per
482 1050 668 1103 litt-eras,
710 1052 758 1090 ut
791 1049 873 1091 sibi
905 1049 1186 1104 ignoscerem,
1230 1050 1366 1091 faeere
1398 1064 1442 1092 se
1472 1064 1560 1091 non

214 1122 358 1162 posse,
402 1108 507 1162 quin
550 1108 602 1148 iis
646 1108 803 1148 litteris
845 1111 1021 1162 pareret.
1083 1108 1192 1149 Tum
1237 1109 1288 1149 ad
1327 1124 1421 1150 eum
1460 1109 1559 1150 misi

214 1166 258 1207 L.
285 1167 488 1222 Lamiam,
521 1167 594 1220 qui
626 1166 933 1207 demonstrareb
966 1167 1087 1207 illum
1113 1166 1361 1208 Dolabellae
1390 1167 1558 1222 dixisse,

214 1227 263 1266 ub
302 1225 352 1265 ad
389 1240 456 1266 me
498 1225 719 1279 scriberet,
761 1227 808 1265 ut
838 1225 882 1265 in
914 1223 1083 1265 Italiam
1116 1240 1243 1279 quam
1275 1226 1461 1279 primum
1492 1241 1559 1267 ve-

214 1283 368 1339 nirem3
412 1283 502 1324 eius
540 1297 606 1324 me
643 1283 800 1324 litteris
838 1283 1015 1324 venisse.
1077 1283 1185 1325 Tum
1216 1284 1288 1325 ille
1321 1284 1453 1325 edixit
1484 1284 1557 1340 ita,
1579 1302 1611 1326 20

213 1344 261 1382 ut
302 1356 368 1383 me
405 1342 616 1395 exciperet
654 1345 695 1382 el]
733 1341 925 1382 Laelium
962 1342 1226 1383 nominatim.
1297 1341 1417 1391 Quod
1457 1357 1557 1384 sane

212 1400 388 1455 nollem,
418 1403 586 1454 poterat
618 1400 729 1441 enim
762 1400 852 1441 sine
882 1400 1053 1441 nomine
1083 1415 1150 1442 res
1182 1401 1275 1454 ipsa
1307 1401 1451 1454 excipi.

304 1458 338 1499 O
377 1459 534 1500 multas
573 1461 615 1500 et
652 1473 801 1513 graves
845 1459 1114 1501 offensiones!
1165 1474 1269 1513 quas
1311 1460 1480 1513 quidem
1512 1462 1560 1501 tu

215 1518 288 1558 das
329 1532 500 1572 operam
531 1520 580 1558 ub
610 1517 763 1573 lenias,
803 1531 880 1558 nec
911 1520 1056 1558 tamen
1085 1517 1195 1559 nihil
1226 1518 1415 1573 proficis,
1456 1518 1560 1573 quin

213 1576 294 1617 hoc
319 1576 413 1630 ipso
439 1576 598 1617 minuis
626 1576 816 1617 dolorem
843 1590 1012 1632 meum,
1044 1577 1170 1632 quod,
1201 1580 1249 1617 ut
1275 1577 1457 1631 minuas,
1488 1579 1575 1618 tam
1595 1593 1628 1620 25

213 1635 335 1676 valde
360 1635 548 1689 laboras3
580 1635 707 1689 idque
732 1635 859 1676 velim
885 1649 938 1676 ne
965 1649 1139 1689 gravere
1163 1650 1290 1689 quam
1312 1635 1559 1689 saepissime

212 1694 360 1735 facere.
410 1693 598 1735 Maxime
630 1696 771 1734 autem
804 1694 1046 1749 adsequere,
1079 1694 1193 1748 quod
1223 1694 1299 1749 vis,
1332 1694 1368 1735 si
1399 1708 1466 1734 me
1492 1694 1560 1735 ad-

212 1752 396 1808 duxeris,
426 1755 475 1793 u’c
508 1752 748 1793 existimem
780 1767 846 1793 me
879 1753 1089 1793 bonorum
1122 1752 1324 1794 iudicium
1355 1766 1443 1793 non
1467 1752 1559 1793 fun-

213 1811 328 1852 ditus
374 1811 618 1866 perdidisse.
689 1811 955 1865 Quamquam
1001 1811 1102 1865 quid
1145 1813 1193 1852 tu
1235 1811 1282 1852 in
1319 1825 1366 1852 eo
1405 1812 1557 1865 potes?

212 1868 336 1910 Nihil
368 1870 537 1911 scilicet.
602 1869 699 1925 Sed,
739 1869 774 1910 si
814 1870 914 1924 quid
951 1883 1018 1910 res
1056 1869 1179 1910 dabib
1215 1869 1296 1910 tibi
1327 1869 1557 1924 facultatis,
1577 1888 1610 1913 30

212 1928 255 1968 id
292 1943 359 1969 me
396 1929 581 1970 maxime
621 1928 831 1970 consolari
870 1929 1047 1983 poterit,
1092 1927 1204 1982 quod
1242 1942 1356 1969 nunc
1388 1928 1558 1982 quidem

211 1986 334 2028 video
367 2001 453 2028 non
486 2001 594 2041 esse,
633 1987 716 2042 sed,
757 1986 793 2027 si
826 1986 938 2042 quid,
970 2001 1018 2027 ex
1052 1986 1225 2042 eventis,
1256 1988 1304 2027 ui:
1334 1985 1416 2027 hoc
1446 2001 1558 2027 nunc

213 2045 374 2086 accidit.
421 2044 602 2086 Dicebar
629 2045 825 2086 debuisse
853 2059 948 2085 cum
967 2043 1170 2099 Pompeio
1196 2045 1416 2098 proficisci.
1457 2044 1557 2085 Exi-

212 2105 283 2143 tus
323 2104 439 2145 illius
471 2104 629 2144 minuit
662 2103 752 2144 eius
787 2103 919 2144 officii
950 2103 1240 2157 praetermissi
1270 2103 1558 2157 reprehensio-

210 2175 319 2202 nem.
372 2161 454 2203 Sed
486 2177 536 2203 ex
571 2162 769 2203 omnibus
801 2161 911 2202 nihil
941 2162 1078 2216 magis
1111 2164 1253 2202 tamen
1285 2162 1556 2215 desideratur,
1577 2178 1609 2204 35

210 2232 336 2271 quam
375 2220 487 2274 quod
526 2221 571 2261 in
607 2220 799 2262 Africam
835 2234 923 2261 non
960 2221 1094 2261 ierim.
1154 2219 1314 2261 Iudicio
1352 2220 1433 2261 hoc
1463 2234 1557 2261 sum

211 2290 332 2332 usus,
375 2291 462 2318 non
508 2293 597 2320 esse
641 2279 835 2320 barbaris
875 2279 1045 2320 auxiliis
1083 2278 1379 2320 fallacissimae
1417 2278 1556 2333 gentis

1652 2151 1657 2167 b

1651 2288 1657 2313 i

1650 2318 1658 2452 1
