1665 2553
194 108 278 149 124
620 107 668 142 Μ.
696 107 837 141 TULLI
863 106 1112 142 CICERONIS

188 203 310 245 idem.
371 202 495 244 Nihil
527 217 627 244 sane
660 202 855 243 iacturae.
919 201 1147 244 Cori-uerat
1188 203 1295 244 alter
1327 206 1369 244 et
1399 203 1536 259 plane,

141 275 162 305 3
188 263 381 316 inquam,
420 262 595 302 iacebat.
658 261 883 302 Memmius
926 264 1067 302 autem
1106 261 1315 316 dirempta
1352 262 1535 304 coitione

188 321 324 362 invito
352 319 529 361 Calvino
555 320 680 374 plane
712 320 934 360 refrixerat
967 322 1009 360 et
1041 334 1090 360 eo
1118 321 1254 375 magis
1279 335 1391 362 nunc
1416 323 1534 362 totus

39 393 122 423 (ΧΠ
142 394 168 423 6)
189 379 315 434 iacet,
362 379 476 433 quod
515 378 600 419 iam
646 378 999 432 intellegebamus
1042 379 1377 420 enuntiationem
1416 379 1534 420 illam

188 437 363 479 Memmi
403 437 523 478 valde
564 435 735 478 Caesari
778 437 1008 490 displicere.
1069 436 1269 478 Messalla
1307 440 1454 479 noster
1491 441 1533 479 et
1570 453 1587 480 5

190 497 279 537 eius
320 496 536 536 Domitius
585 495 839 549 competitor
886 495 1074 536 liberalis
1122 496 1167 536 in
1211 497 1371 550 populo
1411 496 1534 538 valde

188 555 284 596 fuit.
339 553 462 595 Nihil
493 554 670 608 gratius.
722 552 839 594 Certi
871 556 990 595 erant
1021 554 1226 596 consules.
1275 554 1335 595 At
1362 557 1533 595 senatus

190 613 391 664 decrevit,
433 615 482 653 ut
522 612 701 653 tacitum
740 612 943 653 iudicium
985 615 1083 654 ante
1124 613 1296 654 comitia
1327 613 1448 654 fieret
1480 613 1532 654 ab

188 671 242 713 iis
275 671 478 726 consiliis,
510 685 616 724 quae
648 674 767 711 erant
799 672 828 725 ’ξ-
848 671 1046 712 omnibus
1080 672 1232 712 sortita
1262 672 1309 712 in
1341 671 1533 726 singulos

190 730 446 771 candidatos.
497 729 680 783 Magnus
712 730 841 770 timor
874 730 1204 771 candidatorum.
1255 729 1336 771 Sed
1361 730 1534 784 quidam
1554 747 1588 772 10

189 789 360 844 iudices,
391 789 437 829 in
466 788 534 828 his
562 787 768 843 Opimius,
800 787 993 843 Veiento,
1023 788 1226 844 Rantius,
1256 789 1452 829 tribunos
1478 789 1533 842 pl.

191 847 478 902 appellarunt,
522 861 575 887 ne
606 847 772 887 iniussu
803 847 951 900 populi
982 847 1227 888 iudicarent.
1289 847 1374 888 Res
1407 847 1535 903 cedit3

191 906 362 947 comitia
393 905 524 946 dilata
556 920 606 946 ex
639 908 810 946 senatus
844 906 1058 959 consulto,
1090 906 1190 946 dum
1220 906 1289 947 lex
1321 906 1371 946 de
1401 906 1533 947 tacito

189 964 344 1005 iudicio
371 964 564 1005 ferretur.
614 963 743 1004 Venit
773 964 858 1018 legi
884 964 983 1006 dies.
1034 964 1257 1005 Terentius
1283 964 1534 1006 intercessit.

191 1021 411 1077 Consules,
444 1023 517 1076 qui
548 1022 654 1062 illud
678 1022 761 1062 levi
792 1022 967 1063 brachio
996 1022 1196 1077 egissent,
1226 1038 1316 1064 rem
1341 1023 1392 1064 ad
1419 1037 1535 1064 sena·
1554 1039 1588 1065 15

189 1084 284 1122 tum
315 1081 569 1122 detulerunt.
630 1080 711 1121 Hic
739 1081 908 1121 Abdera
938 1096 1026 1122 non
1056 1084 1221 1122 tacente
1251 1096 1328 1122 me.
1389 1081 1535 1122 Dices:

191 1140 366 1180 ‘Tamen
390 1142 438 1179 tu
457 1154 545 1179 non
566 1139 793 1192 quiescis?'
836 1138 1027 1194 Ignosce,
1052 1140 1124 1181 vix
1149 1154 1335 1193 possum.
1373 1139 1535 1181 Verum

192 1201 334 1239 tamen
375 1197 476 1251 quid
516 1200 605 1237 tam
644 1197 897 1238 ridiculum?
960 1196 1140 1238 Senatus
1182 1198 1439 1251 decreverat,
1481 1212 1535 1239 ne

190 1256 310 1310 prius
342 1255 514 1296 comitia
544 1255 820 1309 haberentur,
859 1271 986 1309 quam
1017 1256 1084 1296 lex
1115 1256 1203 1297 lata
1235 1259 1362 1310 esset3
1393 1257 1429 1297 si
1461 1256 1535 1310 qui

190 1314 516 1368 intercessisset,
571 1328 638 1354 res
686 1314 854 1368 integra
903 1316 1141 1355 referretur.
1223 1313 1385 1368 Coepta
1432 1315 1534 1355 ferri
1555 1332 1588 1356 20

190 1373 358 1426 leviter,
395 1373 673 1413 intercessum
703 1387 791 1413 non
820 1373 984 1427 invitis,
1023 1387 1090 1413 res
1124 1373 1175 1413 ad
1207 1376 1410 1414 senatum.
1471 1372 1536 1414 De

191 1446 239 1473 ea
270 1445 315 1472 re
346 1431 406 1471 ita
438 1433 710 1483 censuerunt,
749 1432 920 1472 comitia
957 1431 1095 1485 primo
1139 1446 1308 1486 quoque
1346 1435 1536 1486 tempore

189 1490 339 1531 haberi
371 1504 460 1530 6336
492 1504 513 1530 6
545 1504 590 1530 re
621 1489 803 1543 publica.

1 1561 23 1591 4
43 1561 127 1594 (XVI
147 1560 173 1594 τ)
283 1547 477 1602 Scaurus,
505 1548 578 1602 qui
604 1551 693 1588 erat
718 1548 862 1601 paucis
890 1548 1038 1589 diebus
1064 1548 1151 1589 illis
1178 1548 1413 1603 absolutus,
1440 1563 1536 1589 cum

192 1621 270 1662 ego
296 1610 461 1661 partem
481 1607 570 1647 eius
592 1607 860 1647 ornatissime
880 1606 1170 1661 defendissem,
1202 1607 1535 1648 obnuntiationi—
1555 1623 1589 1649 25

191 1666 272 1706 bus
310 1681 385 1720 per
418 1664 661 1706 Scaevolam
701 1665 966 1719 interpositis
1009 1666 1189 1719 singulis
1222 1665 1368 1706 diebus
1401 1679 1535 1718 usque

192 1725 244 1765 ad
274 1739 336 1778 pr.
367 1723 461 1765 Kal.
495 1723 676 1778 Octobr„
709 1738 792 1777 quo
825 1737 902 1778 ego
935 1723 1037 1764 haec
1063 1724 1128 1764 die
1160 1723 1321 1777 scripsi,
1354 1723 1534 1764 sublatis

191 1783 350 1837 populo
383 1782 582 1823 tributim
613 1782 727 1822 domi
765 1797 864 1822 suae
903 1782 1006 1822 satis
1039 1782 1206 1823 fecerat.
1270 1781 1349 1823 Sed
1380 1784 1535 1836 tamen,

192 1842 272 1882 etsi
311 1841 483 1882 uberior
522 1841 756 1881 liberalitas
797 1840 943 1894 huius,
984 1841 1147 1895 gratior
1187 1854 1274 1881 esse
1312 1839 1535 1880 videbatur

192 1914 349 1953 eorum,
382 1899 455 1953 qui
487 1902 752 1952 occuparant.
804 1898 1011 1952 Cuperem
1037 1895 1203 1939 vultum
1227 1898 1368 1938 videre
1400 1901 1533 1953 tuum,
1554 1915 1589 1940 30

192 1973 287 1999 cum
323 1958 426 1998 haec
466 1958 646 2012 legeres3
682 1972 782 1998 nam
819 1957 1009 2010 profecto
1052 1971 1169 2010 spem
1205 1956 1335 1996 habes
1371 1957 1534 1997 nullam

190 2016 294 2057 haec
323 2016 496 2070 negotia
527 2016 759 2056 multarum
784 2015 1070 2056 nundinarum
1098 2015 1199 2055 fore.
1251 2014 1331 2055 Sed
1362 2017 1533 2055 senatus

190 2074 316 2115 hodie
368 2075 507 2115 fuerat
552 2075 739 2127 futurus,
792 2074 835 2114 id
882 2077 945 2114 est
988 2073 1081 2114 Kal.
1123 2072 1399 2128 Octobribus3
1449 2073 1534 2113 iam

192 2133 304 2173 enim
333 2133 513 2174 luciscit.
574 2131 641 2173 Ibi
677 2132 877 2186 loquetur
913 2135 1080 2185 praeter
1111 2130 1291 2172 Antium
1328 2134 1370 2172 et
1401 2130 1435 2171 F
1438 2146 1533 2172 avo-

190 2191 309 2231 nium
339 2191 473 2232 libere
503 2205 644 2246 nemo3
684 2204 784 2231 nam
815 2188 920 2231 Cato
961 2191 1164 2243 aegrotat.
1226 2189 1290 2230 De
1327 2204 1392 2230 me
1424 2189 1534 2230 nihil
1553 2204 1587 2231 35

190 2248 396 2302 timueris,
428 2250 500 2290 sed
531 2253 673 2290 tamen
703 2249 908 2302 promitto
940 2248 1059 2288 nihil.

2 2317 126 2350 5(XV1
145 2317 172 2349 S)
281 2305 390 2354 Quid
422 2308 588 2361 quaeris
621 2308 764 2348 aliud?
814 2306 982 2360 Iudicia,
1015 2306 1147 2347 credo.
1197 2305 1376 2360 Drusus,
1409 2303 1533 2347 Scau-
