1665 2553
333 95 676 131 EPISTULARUM
700 96 766 130 AD
792 95 1007 131 ATTICUM
1033 96 1084 130 VI
1111 100 1141 132 1.
1328 98 1411 139 165

66 192 151 233 cito
178 191 359 233 decedo?
409 191 566 247 Magna
592 192 719 233 turba
745 195 819 233 est.
871 191 979 233 Mihi
1005 195 1148 233 tamen
1174 207 1268 234 cum
1288 193 1413 234 Deio-

65 254 159 292 taro
198 251 412 305 convenit,
449 254 498 292 ut
537 251 609 292 ille
646 251 690 292 in
733 251 837 292 meis
871 251 1021 292 castris
1054 254 1165 292 esset
1197 266 1291 293 cum
1323 252 1411 293 suis

66 309 199 363 copiis
227 309 434 351 omnibus.
486 309 629 351 Habet
656 312 798 351 autem
818 310 1013 351 cohortes
1034 310 1410 365 quadringenarias

65 371 214 409 nostra
249 371 463 409 armatura
497 381 604 423 XXX,
637 369 827 423 equitum
859 379 930 411 CIO
965 380 1047 412 CIO.
1109 369 1206 410 Erit
1239 370 1291 410 ad
1322 384 1412 411 sus-

31 444 47 469 5
67 426 336 482 tentandum,
369 427 509 482 quoad
539 427 768 481 Pompeius
799 428 958 482 veniat3
997 428 1071 482 qui
1103 428 1271 483 litteris,
1305 442 1410 482 quas

67 486 119 526 ad
144 501 211 527 me
238 486 386 540 mittit,
414 486 626 541 significat
655 501 778 527 suum
796 487 1016 542 negotium
1036 487 1142 527 illud
1160 487 1261 528 fore.
1311 486 1411 528 Hie-

66 547 185 585 mant
210 544 255 585 in
278 548 428 586 nostra
452 545 671 599 provincia
695 545 862 601 Parthi3
894 548 1164 600 exspectatur
1188 546 1280 600 ipse
1308 545 1410 587 Oro-

67 603 148 644 des.
213 602 321 653 Quid
353 603 550 658 quaeris‘?
600 604 865 658 aliquantum
897 607 963 645 est
993 605 1166 659 negotii.

154 661 218 703 De
255 661 402 703 Bibuli
441 662 578 704 edicto
617 662 726 703 nihil
762 663 862 704 novi
899 666 1067 717 praeter
1104 663 1223 704 illam
1265 677 1408 717 excep-

13 739 48 763 10
66 720 244 775 tionem,
283 720 332 761 de
371 736 453 776 qua
495 724 543 762 tu
581 721 632 762 ad
669 736 736 762 me
774 721 1019 776 scripseraS,
1058 722 1223 763 <nimis
1262 723 1409 777 gravi

67 779 382 834 praeiudicio
432 780 484 820 in
527 780 758 821 ordinem
802 781 1058 822 nostrum’.
1125 780 1221 836 Ego
1266 784 1409 822 tamen

66 838 202 880 habeo
237 839 605 893 ῑσοδυναμοῦσαν,
638 839 710 880 sed
744 839 976 894 tectiorem,
1009 854 1058 881 ex
1093 838 1138 888 Q.
1164 839 1279 881 Muci
1310 839 1354 881 P.
1381 840 1408 881 f.

68 897 203 938 edicto
225 896 427 952 Asiatico,
451 897 617 938 EXTRA
639 909 768 947 QVAM
795 909 834 939 SI
859 910 938 938 ITA
957 909 1201 940 NEGOTIVM
1222 909 1409 940 GESTVM

67 967 166 1011 EST,
192 968 252 997 VT
278 966 338 997 EO
366 967 500 997 STARI
525 967 621 997 NON
650 967 895 998 OPORTEAT
922 969 984 997 EX
1010 969 1120 997 FIDE
1148 968 1285 1011 BONA,
1303 957 1409 998 mul-

15 1031 48 1056 15
67 1017 196 1068 taque
230 1029 325 1055 sum
357 1017 524 1055 secutus
558 1014 793 1070 Scaevolae,
825 1015 870 1056 in
901 1015 953 1056 iis
985 1016 1105 1070 illud,
1136 1016 1182 1057 in
1215 1030 1298 1069 quo
1327 1015 1410 1056 sibi

67 1073 310 1114 libertatem
348 1076 518 1115 censent
557 1072 706 1115 Graeci
745 1074 903 1129 datam,
947 1077 995 1115 ut
1029 1073 1182 1129 ,Graeci
1218 1075 1329 1115 inter
1367 1089 1411 1115 se

69 1131 303 1186 disceptent
354 1132 440 1173 suis
490 1132 669 1187 legibus.
740 1132 874 1174 Breve
924 1136 1067 1174 autem
1117 1133 1301 1174 edictum
1346 1136 1411 1173 est

68 1194 244 1244 propter
273 1190 382 1232 hanc
412 1205 549 1232 meam
581 1192 810 1247 διαίρεσιν,
843 1192 955 1246 quod
986 1191 1151 1233 duobus
1184 1192 1410 1246 generibus

70 1249 315 1290 edicendum
347 1250 504 1303 putavi.
567 1249 756 1299 Quorum
787 1265 918 1291 unum
951 1253 1014 1291 est
1046 1250 1323 1305 provinciale,
1365 1251 1411 1291 in

16 1325 50 1349 20
71 1322 154 1362 quo
192 1311 256 1349 est
298 1309 346 1348 de
384 1308 622 1349 rationibus
662 1309 903 1364 civitatum,
947 1309 996 1350 de
1035 1324 1128 1350 aere
1167 1309 1322 1364 alieno,
1360 1309 1410 1350 de

69 1381 216 1420 usura,
255 1367 304 1407 de
336 1367 609 1422 syngraphis,
650 1368 696 1409 in
727 1367 872 1409 eodem
905 1367 1045 1408 omnia
1078 1368 1126 1408 de
1159 1368 1412 1423 publicanis,

71 1425 265 1480 alterum,
297 1426 410 1479 quod
443 1426 532 1467 sine
565 1426 702 1467 edicto
736 1427 843 1467 satis
875 1427 1092 1467 commode
1118 1427 1300 1481 transigi
1324 1441 1411 1467 non

70 1486 223 1538 potest,
255 1483 305 1524 de
338 1483 622 1525 hereditatum
653 1485 1009 1539 possessionibus,
1042 1485 1090 1526 de
1122 1485 1247 1526 bonis
1279 1485 1411 1538 possi-

71 1542 236 1596 dendiS,
274 1542 519 1597 vendendis,
556 1543 774 1598 magistris
806 1544 1022 1598 faciendis,
1055 1559 1160 1598 quae
1193 1558 1242 1585 ex
1274 1543 1411 1584 edict-o

18 1617 51 1643 25
72 1604 113 1642 et
155 1600 363 1655 postulari
402 1604 444 1642 et
480 1601 573 1642 fieri
606 1602 753 1643 solent.
816 1602 1008 1643 Tertium
1040 1602 1089 1642 de
1122 1602 1286 1655 reliquo
1322 1602 1413 1642 iure

71 1659 250 1700 dicundo
282 1661 484 1715 ἄγραφον
519 1660 683 1714 reliqui.
745 1659 847 1701 Dixi
878 1675 945 1701 me
976 1660 1025 1701 de
1057 1674 1105 1701 eo
1138 1674 1289 1715 genere
1320 1675 1414 1700 mea

73 1719 238 1759 decreta
286 1719 338 1759 ad
387 1719 522 1760 edicta
565 1719 727 1760 urbana
772 1719 1196 1760 accommodaturum.
1263 1718 1413 1771 Itaque

73 1791 172 1818 curo
210 1779 252 1818 et
289 1777 393 1818 sat-is
430 1777 539 1818 facio
579 1777 713 1818 adhuc
751 1777 959 1818 omnibus.
1028 1776 1177 1818 Graeci
1208 1791 1306 1817 vero
1347 1791 1413 1816 ex-

75 1835 254 1889 sultant,
293 1836 407 1889 quod
437 1836 674 1890 peregrinis
706 1836 915 1876 iudicibus
947 1838 1137 1876 utuntur.
1207 1833 1415 1889 ‘Nugato-

21 1908 55 1933 30
74 1893 192 1934 ribus
225 1894 422 1948 quidem’,
459 1894 637 1948 inquies
698 1893 809 1942 Quid
839 1894 997 1935 refert?
1041 1896 1184 1934 tamen
1215 1907 1258 1933 se
1290 1893 1414 1934 αὐτο-

74 1954 232 2005 νομίαν
276 1953 451 2007 adeptos
495 1955 658 2007 putant.
726 1952 871 1993 Vestri
908 1953 1037 2006 enim,
1081 1952 1221 2006 credo,
1264 1964 1412 2005 graves

72 2009 232 2050 habent
263 2011 521 2065 Turpionem
553 2010 764 2052 sutorium
795 2014 836 2052 et
868 2010 1063 2051 Vettium
1094 2010 1340 2064 mancipem.

163 2068 226 2109 De
257 2069 494 2122 public-anis
523 2070 623 2124 quid
650 2083 786 2124 agam,
815 2069 970 2110 videris
998 2083 1208 2123 quaerere.
1258 2068 1409 2109 Habeo

76 2127 120 2167 in
146 2127 319 2181 deliciis,
351 2128 574 2183 obsequor,
604 2128 745 2169 verbis
770 2128 909 2182 laudo,
936 2142 1060 2182 orno3
1092 2127 1244 2181 efficio,
1268 2141 1320 2167 ne
1347 2127 1413 2168 cui

22 2200 56 2226 35
74 2185 244 2226 molesti
277 2186 373 2227 sint.
441 2188 498 2228 Τὸ
530 2186 898 2241 παραδοξότατον,
930 2200 1080 2227 usuras
1113 2200 1270 2241 eorum,
1308 2200 1413 2239 quas

75 2244 343 2298 pactionibus
365 2244 686 2299 adscripserant,
707 2245 889 2286 servavit
910 2244 1038 2285 etiam
1059 2243 1272 2285 Servilius.
1318 2244 1412 2298 Ego

77 2302 145 2344 sic.
201 2302 326 2344 Diem
359 2305 500 2344 statuo
535 2304 637 2345 satis
670 2304 822 2359 laxam,
854 2318 980 2357 quam
1013 2305 1108 2344 ante
1135 2303 1172 2344 si
1198 2302 1416 2358 solverint,

1435 673 1480 705 15

1438 2079 1484 2111 16
