<?xml version="1.0" encoding="UTF-8"?>
<!DOCTYPE html PUBLIC "-//W3C//DTD XHTML 1.0 Transitional//EN"
    "http://www.w3.org/TR/xhtml1/DTD/xhtml1-transitional.dtd">
<html xmlns="http://www.w3.org/1999/xhtml" xml:lang="en" lang="en">
 <head>
  <title>
</title>
<meta http-equiv="Content-Type" content="text/html;charset=utf-8" />
  <meta name='ocr-system' content='tesseract 3.04.00' />
  <meta name='ocr-capabilities' content='ocr_page ocr_carea ocr_par ocr_line ocrx_word'/>
</head>
<body>
  <div class='ocr_page' id='page_1' title='image "./p2scriptaquaemanse03ciceuoft_0261.png"; bbox 0 0 1665 2553; ppageno 0'>
   <div class='ocr_carea' id='block_1_1' title="bbox 325 88 1455 133">
    <p class='ocr_par' dir='ltr' id='par_1_1' title="bbox 325 88 1455 133">
     <span class='ocr_line' id='line_1_1' title="bbox 325 88 1455 133; baseline 0.002 -10"><span class='ocrx_word' id='word_1_1' title='bbox 325 88 666 124; x_wconf 84' lang='lat' dir='ltr'>EPISTULARUM</span> <span class='ocrx_word' id='word_1_2' title='bbox 691 89 755 123; x_wconf 94' lang='lat' dir='ltr'>AD</span> <span class='ocrx_word' id='word_1_3' title='bbox 781 89 996 125; x_wconf 86' lang='lat' dir='ltr'>ATTICUM</span> <span class='ocrx_word' id='word_1_4' title='bbox 1021 90 1072 124; x_wconf 83' lang='grc' dir='ltr'>ΠΙ</span> <span class='ocrx_word' id='word_1_5' title='bbox 1099 94 1246 125; x_wconf 78' lang='grc'>12-14.</span> <span class='ocrx_word' id='word_1_6' title='bbox 1400 91 1455 133; x_wconf 79' lang='grc'>85</span> 
     </span>
    </p>
   </div>
   <div class='ocr_carea' id='block_1_2' title="bbox 59 184 1455 990">
    <p class='ocr_par' dir='ltr' id='par_1_2' title="bbox 113 184 1455 418">
     <span class='ocr_line' id='line_1_2' title="bbox 113 184 1455 240; baseline 0.001 -14"><span class='ocrx_word' id='word_1_7' title='bbox 113 184 276 226; x_wconf 87' lang='lat' dir='ltr'>flictum</span> <span class='ocrx_word' id='word_1_8' title='bbox 311 185 470 240; x_wconf 85' lang='lat' dir='ltr'>videas,</span> <span class='ocrx_word' id='word_1_9' title='bbox 508 187 556 226; x_wconf 86' lang='lat' dir='ltr'>ut</span> <span class='ocrx_word' id='word_1_10' title='bbox 593 185 804 227; x_wconf 88' lang='lat' dir='ltr'>neminem</span> <span class='ocrx_word' id='word_1_11' title='bbox 840 200 1042 240; x_wconf 91' lang='lat' dir='ltr'>umquam</span> <span class='ocrx_word' id='word_1_12' title='bbox 1079 200 1156 228; x_wconf 91' lang='lat' dir='ltr'>nec</span> <span class='ocrx_word' id='word_1_13' title='bbox 1192 186 1347 228; x_wconf 85' lang='lat' dir='ltr'>videris</span> <span class='ocrx_word' id='word_1_14' title='bbox 1379 202 1455 229; x_wconf 89' lang='lat' dir='ltr'>nec</span> 
     </span>
     <span class='ocr_line' id='line_1_3' title="bbox 114 242 1455 299; baseline 0.001 -15"><span class='ocrx_word' id='word_1_15' title='bbox 114 244 306 285; x_wconf 88' lang='lat' dir='ltr'>audieris.</span> <span class='ocrx_word' id='word_1_16' title='bbox 357 242 480 299; x_wconf 89' lang='lat' dir='ltr'>Nam,</span> <span class='ocrx_word' id='word_1_17' title='bbox 513 244 626 298; x_wconf 89' lang='lat' dir='ltr'>quod</span> <span class='ocrx_word' id='word_1_18' title='bbox 653 244 802 286; x_wconf 89' lang='lat' dir='ltr'>scribis</span> <span class='ocrx_word' id='word_1_19' title='bbox 835 247 878 286; x_wconf 92' lang='lat' dir='ltr'>te</span> <span class='ocrx_word' id='word_1_20' title='bbox 909 245 1052 286; x_wconf 89' lang='lat' dir='ltr'>audire</span> <span class='ocrx_word' id='word_1_21' title='bbox 1083 259 1150 286; x_wconf 91' lang='lat' dir='ltr'>me</span> <span class='ocrx_word' id='word_1_22' title='bbox 1182 245 1310 286; x_wconf 85' lang='lat' dir='ltr'>etiam</span> <span class='ocrx_word' id='word_1_23' title='bbox 1341 260 1455 286; x_wconf 90' lang='lat' dir='ltr'>men-</span> 
     </span>
     <span class='ocr_line' id='line_1_4' title="bbox 113 302 1455 359; baseline 0.001 -16"><span class='ocrx_word' id='word_1_24' title='bbox 113 302 169 344; x_wconf 90' lang='lat' dir='ltr'>tis</span> <span class='ocrx_word' id='word_1_25' title='bbox 209 316 350 344; x_wconf 88' lang='lat' dir='ltr'>errore</span> <span class='ocrx_word' id='word_1_26' title='bbox 388 317 437 344; x_wconf 88' lang='lat' dir='ltr'>ex</span> <span class='ocrx_word' id='word_1_27' title='bbox 474 303 619 344; x_wconf 89' lang='lat' dir='ltr'>dolore</span> <span class='ocrx_word' id='word_1_28' title='bbox 657 303 795 358; x_wconf 88' lang='lat' dir='ltr'>adfici,</span> <span class='ocrx_word' id='word_1_29' title='bbox 837 303 943 344; x_wconf 88' lang='lat' dir='ltr'>mihi</span> <span class='ocrx_word' id='word_1_30' title='bbox 986 318 1086 344; x_wconf 84' lang='lat' dir='ltr'>vero</span> <span class='ocrx_word' id='word_1_31' title='bbox 1130 318 1249 345; x_wconf 88' lang='lat' dir='ltr'>mens</span> <span class='ocrx_word' id='word_1_32' title='bbox 1287 304 1455 359; x_wconf 84' lang='lat' dir='ltr'>integra</span> 
     </span>
     <span class='ocr_line' id='line_1_5' title="bbox 115 360 1453 418; baseline 0.001 -16"><span class='ocrx_word' id='word_1_33' title='bbox 115 364 189 403; x_wconf 87' lang='lat' dir='ltr'>est.</span> <span class='ocrx_word' id='word_1_34' title='bbox 232 360 374 415; x_wconf 87' lang='lat' dir='ltr'>Atque</span> <span class='ocrx_word' id='word_1_35' title='bbox 393 361 559 402; x_wconf 88' lang='lat' dir='ltr'>utinam</span> <span class='ocrx_word' id='word_1_36' title='bbox 579 364 667 402; x_wconf 88' lang='lat' dir='ltr'>tam</span> <span class='ocrx_word' id='word_1_37' title='bbox 688 362 733 403; x_wconf 90' lang='lat' dir='ltr'>in</span> <span class='ocrx_word' id='word_1_38' title='bbox 751 362 937 416; x_wconf 87' lang='lat' dir='ltr'>periculo</span> <span class='ocrx_word' id='word_1_39' title='bbox 958 362 1127 403; x_wconf 82' lang='lat' dir='ltr'>fuisset!</span> <span class='ocrx_word' id='word_1_40' title='bbox 1172 377 1266 404; x_wconf 92' lang='lat' dir='ltr'>cum</span> <span class='ocrx_word' id='word_1_41' title='bbox 1288 377 1365 418; x_wconf 81' lang='lat' dir='ltr'>ego</span> <span class='ocrx_word' id='word_1_42' title='bbox 1386 363 1453 418; x_wconf 89' lang='lat' dir='ltr'>iis,</span> 
     </span>
    </p>

    <p class='ocr_par' dir='ltr' id='par_1_3' title="bbox 79 420 1454 711">
     <span class='ocr_line' id='line_1_6' title="bbox 79 420 1454 477; baseline -0.001 -14"><span class='ocrx_word' id='word_1_43' title='bbox 79 437 94 464; x_wconf 87' lang='lat'><strong>5</strong></span> <span class='ocrx_word' id='word_1_44' title='bbox 115 420 269 474; x_wconf 90' lang='lat' dir='ltr'>quibus</span> <span class='ocrx_word' id='word_1_45' title='bbox 299 434 436 461; x_wconf 88' lang='lat' dir='ltr'>meam</span> <span class='ocrx_word' id='word_1_46' title='bbox 468 420 648 461; x_wconf 91' lang='lat' dir='ltr'>salutem</span> <span class='ocrx_word' id='word_1_47' title='bbox 680 421 940 462; x_wconf 85' lang='lat' dir='ltr'>carissimam</span> <span class='ocrx_word' id='word_1_48' title='bbox 973 435 1062 462; x_wconf 88' lang='lat' dir='ltr'>esse</span> <span class='ocrx_word' id='word_1_49' title='bbox 1095 421 1345 477; x_wconf 86' lang='lat' dir='ltr'>arbitrabar,</span> <span class='ocrx_word' id='word_1_50' title='bbox 1377 422 1454 462; x_wconf 86' lang='lat' dir='ltr'>ini-</span> 
     </span>
     <span class='ocr_line' id='line_1_7' title="bbox 113 478 1454 536; baseline 0.001 -16"><span class='ocrx_word' id='word_1_51' title='bbox 113 478 355 521; x_wconf 89' lang='lat' dir='ltr'>micissimis</span> <span class='ocrx_word' id='word_1_52' title='bbox 381 479 789 534; x_wconf 89' lang='lat' dir='ltr'>crudelissismisque</span> <span class='ocrx_word' id='word_1_53' title='bbox 813 495 915 521; x_wconf 90' lang='lat' dir='ltr'>usus</span> <span class='ocrx_word' id='word_1_54' title='bbox 937 495 1047 536; x_wconf 80' lang='lat' dir='ltr'>sum3</span> <span class='ocrx_word' id='word_1_55' title='bbox 1077 480 1161 535; x_wconf 90' lang='lat' dir='ltr'>qui,</span> <span class='ocrx_word' id='word_1_56' title='bbox 1188 483 1236 521; x_wconf 91' lang='lat' dir='ltr'>ut</span> <span class='ocrx_word' id='word_1_57' title='bbox 1261 495 1328 522; x_wconf 90' lang='lat' dir='ltr'>me</span> <span class='ocrx_word' id='word_1_58' title='bbox 1353 495 1454 534; x_wconf 89' lang='lat' dir='ltr'>pau-</span> 
     </span>
     <span class='ocr_line' id='line_1_8' title="bbox 113 537 1453 595; baseline 0.001 -17"><span class='ocrx_word' id='word_1_59' title='bbox 113 538 202 578; x_wconf 92' lang='lat' dir='ltr'>lum</span> <span class='ocrx_word' id='word_1_60' title='bbox 227 537 421 579; x_wconf 86' lang='lat' dir='ltr'>inclinari</span> <span class='ocrx_word' id='word_1_61' title='bbox 446 537 599 579; x_wconf 87' lang='lat' dir='ltr'>timore</span> <span class='ocrx_word' id='word_1_62' title='bbox 625 538 834 594; x_wconf 79' lang='lat' dir='ltr'>viderunt,</span> <span class='ocrx_word' id='word_1_63' title='bbox 867 539 925 580; x_wconf 91' lang='lat' dir='ltr'>sic</span> <span class='ocrx_word' id='word_1_64' title='bbox 953 539 1226 595; x_wconf 83' lang='lat' dir='ltr'>impulerunt,</span> <span class='ocrx_word' id='word_1_65' title='bbox 1256 542 1305 580; x_wconf 91' lang='lat' dir='ltr'>ut</span> <span class='ocrx_word' id='word_1_66' title='bbox 1338 539 1453 581; x_wconf 90' lang='lat' dir='ltr'>omni</span> 
     </span>
     <span class='ocr_line' id='line_1_9' title="bbox 115 596 1452 650; baseline 0.001 -13"><span class='ocrx_word' id='word_1_67' title='bbox 115 611 190 638; x_wconf 91' lang='lat' dir='ltr'>suo</span> <span class='ocrx_word' id='word_1_68' title='bbox 229 596 383 638; x_wconf 87' lang='lat' dir='ltr'>scelere</span> <span class='ocrx_word' id='word_1_69' title='bbox 421 599 462 637; x_wconf 91' lang='lat' dir='ltr'>et</span> <span class='ocrx_word' id='word_1_70' title='bbox 496 596 671 650; x_wconf 90' lang='lat' dir='ltr'>perfidia</span> <span class='ocrx_word' id='word_1_71' title='bbox 703 597 978 639; x_wconf 69' lang='lat' dir='ltr'>abuterentur</span> <span class='ocrx_word' id='word_1_72' title='bbox 1011 598 1061 639; x_wconf 90' lang='lat' dir='ltr'>ad</span> <span class='ocrx_word' id='word_1_73' title='bbox 1093 597 1271 639; x_wconf 88' lang='lat' dir='ltr'>exitium</span> <span class='ocrx_word' id='word_1_74' title='bbox 1301 612 1452 639; x_wconf 90' lang='lat' dir='ltr'>meum.</span> 
     </span>
     <span class='ocr_line' id='line_1_10' title="bbox 112 654 1452 711; baseline 0.002 -16"><span class='ocrx_word' id='word_1_75' title='bbox 112 654 248 710; x_wconf 88' lang='lat' dir='ltr'>Nunc,</span> <span class='ocrx_word' id='word_1_76' title='bbox 281 654 481 709; x_wconf 87' lang='lat' dir='ltr'>quoniam</span> <span class='ocrx_word' id='word_1_77' title='bbox 508 658 571 696; x_wconf 89' lang='lat' dir='ltr'>est</span> <span class='ocrx_word' id='word_1_78' title='bbox 592 654 791 709; x_wconf 76' lang='lat' dir='ltr'>Cyzicum</span> <span class='ocrx_word' id='word_1_79' title='bbox 815 656 940 698; x_wconf 90' lang='lat' dir='ltr'>nobis</span> <span class='ocrx_word' id='word_1_80' title='bbox 973 657 1167 711; x_wconf 86' lang='lat' dir='ltr'>eundum,</span> <span class='ocrx_word' id='word_1_81' title='bbox 1200 671 1283 711; x_wconf 85' lang='lat' dir='ltr'>quo</span> <span class='ocrx_word' id='word_1_82' title='bbox 1315 657 1452 698; x_wconf 88' lang='lat' dir='ltr'>rarius</span> 
     </span>
    </p>

    <p class='ocr_par' dir='ltr' id='par_1_4' title="bbox 59 714 1454 990">
     <span class='ocr_line' id='line_1_11' title="bbox 59 714 1453 770; baseline 0 -14"><span class='ocrx_word' id='word_1_83' title='bbox 59 732 93 756; x_wconf 74' lang='grc' dir='ltr'>ιο</span> <span class='ocrx_word' id='word_1_84' title='bbox 113 714 164 755; x_wconf 89' lang='lat' dir='ltr'>ad</span> <span class='ocrx_word' id='word_1_85' title='bbox 189 727 256 755; x_wconf 90' lang='lat' dir='ltr'>me</span> <span class='ocrx_word' id='word_1_86' title='bbox 280 714 449 754; x_wconf 73' lang='lat' dir='ltr'>litterae</span> <span class='ocrx_word' id='word_1_87' title='bbox 468 714 744 769; x_wconf 70' lang='lat' dir='ltr'>perferentur,</span> <span class='ocrx_word' id='word_1_88' title='bbox 768 714 848 755; x_wconf 86' lang='lat' dir='ltr'>hoc</span> <span class='ocrx_word' id='word_1_89' title='bbox 874 715 1000 756; x_wconf 85' lang='lat' dir='ltr'>velim</span> <span class='ocrx_word' id='word_1_90' title='bbox 1026 715 1273 770; x_wconf 83' lang='lat' dir='ltr'>diligentius</span> <span class='ocrx_word' id='word_1_91' title='bbox 1301 715 1453 770; x_wconf 89' lang='lat' dir='ltr'>omnia,</span> 
     </span>
     <span class='ocr_line' id='line_1_12' title="bbox 113 772 1454 828; baseline 0.001 -15"><span class='ocrx_word' id='word_1_92' title='bbox 113 786 220 826; x_wconf 86' lang='lat' dir='ltr'>quae</span> <span class='ocrx_word' id='word_1_93' title='bbox 251 772 414 826; x_wconf 88' lang='lat' dir='ltr'>putaris</span> <span class='ocrx_word' id='word_1_94' title='bbox 446 787 514 813; x_wconf 89' lang='lat' dir='ltr'>me</span> <span class='ocrx_word' id='word_1_95' title='bbox 546 772 651 813; x_wconf 92' lang='lat' dir='ltr'>scire</span> <span class='ocrx_word' id='word_1_96' title='bbox 684 787 789 826; x_wconf 88' lang='lat' dir='ltr'>opus</span> <span class='ocrx_word' id='word_1_97' title='bbox 817 788 918 828; x_wconf 85' lang='lat' dir='ltr'>esse,</span> <span class='ocrx_word' id='word_1_98' title='bbox 950 774 1197 828; x_wconf 83' lang='lat' dir='ltr'>perscribas.</span> <span class='ocrx_word' id='word_1_99' title='bbox 1249 773 1454 823; x_wconf 84' lang='lat' dir='ltr'>Quintum</span> 
     </span>
     <span class='ocr_line' id='line_1_13' title="bbox 112 831 1454 887; baseline 0.002 -16"><span class='ocrx_word' id='word_1_100' title='bbox 112 832 288 872; x_wconf 82' lang='lat' dir='ltr'>fratrem</span> <span class='ocrx_word' id='word_1_101' title='bbox 324 845 464 872; x_wconf 87' lang='lat' dir='ltr'>meum</span> <span class='ocrx_word' id='word_1_102' title='bbox 495 831 561 872; x_wconf 83' lang='lat' dir='ltr'>fac</span> <span class='ocrx_word' id='word_1_103' title='bbox 592 832 759 886; x_wconf 78' lang='lat' dir='ltr'>diligas3</span> <span class='ocrx_word' id='word_1_104' title='bbox 802 846 926 886; x_wconf 91' lang='lat' dir='ltr'>quem</span> <span class='ocrx_word' id='word_1_105' title='bbox 959 847 1035 887; x_wconf 84' lang='lat' dir='ltr'>ego</span> <span class='ocrx_word' id='word_1_106' title='bbox 1068 833 1195 873; x_wconf 90' lang='lat' dir='ltr'>miser</span> <span class='ocrx_word' id='word_1_107' title='bbox 1228 832 1264 873; x_wconf 92' lang='lat' dir='ltr'>si</span> <span class='ocrx_word' id='word_1_108' title='bbox 1295 832 1454 874; x_wconf 91' lang='lat' dir='ltr'>incolu-</span> 
     </span>
     <span class='ocr_line' id='line_1_14' title="bbox 112 889 1454 945; baseline 0.001 -15"><span class='ocrx_word' id='word_1_109' title='bbox 112 904 223 930; x_wconf 86' lang='lat' dir='ltr'>mem</span> <span class='ocrx_word' id='word_1_110' title='bbox 248 889 454 944; x_wconf 84' lang='lat' dir='ltr'>relinquo,</span> <span class='ocrx_word' id='word_1_111' title='bbox 483 904 570 932; x_wconf 89' lang='lat' dir='ltr'>non</span> <span class='ocrx_word' id='word_1_112' title='bbox 594 904 661 931; x_wconf 90' lang='lat' dir='ltr'>me</span> <span class='ocrx_word' id='word_1_113' title='bbox 686 892 826 931; x_wconf 89' lang='lat' dir='ltr'>totum</span> <span class='ocrx_word' id='word_1_114' title='bbox 853 891 1013 945; x_wconf 85' lang='lat' dir='ltr'>perisse</span> <span class='ocrx_word' id='word_1_115' title='bbox 1039 891 1291 933; x_wconf 85' lang='lat' dir='ltr'>arbitrabor.</span> <span class='ocrx_word' id='word_1_116' title='bbox 1341 890 1454 932; x_wconf 87' lang='lat' dir='ltr'>Data</span> 
     </span>
     <span class='ocr_line' id='line_1_15' title="bbox 113 947 529 990; baseline 0 -1"><span class='ocrx_word' id='word_1_117' title='bbox 113 947 251 990; x_wconf 85' lang='lat' dir='ltr'>Nonis</span> <span class='ocrx_word' id='word_1_118' title='bbox 285 947 529 990; x_wconf 80' lang='lat' dir='ltr'>Sextilibus.</span> 
     </span>
    </p>
   </div>
   <div class='ocr_carea' id='block_1_3' title="bbox 58 1065 1262 1191">
    <p class='ocr_par' dir='ltr' id='par_1_5' title="bbox 58 1065 1262 1191">
     <span class='ocr_line' id='line_1_16' title="bbox 58 1065 838 1109; baseline 0 -1"><span class='ocrx_word' id='word_1_119' title='bbox 58 1084 91 1109; x_wconf 86' lang='lat'>15</span> <span class='ocrx_word' id='word_1_120' title='bbox 725 1065 838 1108; x_wconf 85' lang='lat' dir='ltr'>XIV.</span> 
     </span>
     <span class='ocr_line' id='line_1_17' title="bbox 300 1145 1262 1191; baseline -0.001 -10"><span class='ocrx_word' id='word_1_121' title='bbox 300 1145 375 1181; x_wconf 81' lang='lat' dir='ltr'>Ser.</span> <span class='ocrx_word' id='word_1_122' title='bbox 405 1145 676 1180; x_wconf 77' lang='lat' dir='ltr'>Thessalonicae</span> <span class='ocrx_word' id='word_1_123' title='bbox 701 1146 792 1180; x_wconf 88' lang='lat' dir='ltr'>XII</span> <span class='ocrx_word' id='word_1_124' title='bbox 812 1147 860 1181; x_wconf 88' lang='lat' dir='ltr'>K.</span> <span class='ocrx_word' id='word_1_125' title='bbox 888 1146 982 1181; x_wconf 72' lang='lat' dir='ltr'>Sext.</span> <span class='ocrx_word' id='word_1_126' title='bbox 1011 1158 1042 1181; x_wconf 87' lang='lat' dir='ltr'>a.</span> <span class='ocrx_word' id='word_1_127' title='bbox 1072 1150 1144 1182; x_wconf 83' lang='lat'>696</span> <span class='ocrx_word' id='word_1_128' title='bbox 1170 1149 1262 1191; x_wconf 77' lang='lat'>(58).</span> 
     </span>
    </p>
   </div>
   <div class='ocr_carea' id='block_1_4' title="bbox 533 1226 1026 1263">
    <p class='ocr_par' dir='ltr' id='par_1_6' title="bbox 533 1226 1026 1263">
     <span class='ocr_line' id='line_1_18' title="bbox 533 1226 1026 1263; baseline 0.006 -3"><span class='ocrx_word' id='word_1_129' title='bbox 533 1226 700 1262; x_wconf 82' lang='lat' dir='ltr'>CICERO</span> <span class='ocrx_word' id='word_1_130' title='bbox 727 1227 901 1263; x_wconf 87' lang='lat' dir='ltr'>ATTICO</span> <span class='ocrx_word' id='word_1_131' title='bbox 929 1228 1026 1263; x_wconf 79' lang='lat' dir='ltr'>SAL.</span> 
     </span>
    </p>
   </div>
   <div class='ocr_carea' id='block_1_5' title="bbox 59 1298 1454 2350">
    <p class='ocr_par' dir='ltr' id='par_1_7' title="bbox 59 1298 1454 1868">
     <span class='ocr_line' id='line_1_19' title="bbox 199 1298 1454 1354; baseline 0.002 -15"><span class='ocrx_word' id='word_1_132' title='bbox 199 1298 266 1340; x_wconf 86' lang='lat' dir='ltr'>Ex</span> <span class='ocrx_word' id='word_1_133' title='bbox 298 1298 385 1340; x_wconf 90' lang='lat' dir='ltr'>tuis</span> <span class='ocrx_word' id='word_1_134' title='bbox 416 1299 573 1340; x_wconf 86' lang='lat' dir='ltr'>litteris</span> <span class='ocrx_word' id='word_1_135' title='bbox 605 1300 753 1353; x_wconf 86' lang='lat' dir='ltr'>plenus</span> <span class='ocrx_word' id='word_1_136' title='bbox 788 1315 881 1341; x_wconf 91' lang='lat' dir='ltr'>sum</span> <span class='ocrx_word' id='word_1_137' title='bbox 914 1300 1228 1354; x_wconf 77' lang='lat' dir='ltr'>exspectatione</span> <span class='ocrx_word' id='word_1_138' title='bbox 1257 1300 1307 1341; x_wconf 89' lang='lat' dir='ltr'>de</span> <span class='ocrx_word' id='word_1_139' title='bbox 1332 1300 1454 1342; x_wconf 86' lang='lat' dir='ltr'>Pom-</span> 
     </span>
     <span class='ocr_line' id='line_1_20' title="bbox 111 1357 1453 1412; baseline 0.001 -14"><span class='ocrx_word' id='word_1_140' title='bbox 111 1357 224 1412; x_wconf 90' lang='lat' dir='ltr'>peio,</span> <span class='ocrx_word' id='word_1_141' title='bbox 263 1357 464 1411; x_wconf 86' lang='lat' dir='ltr'>quidnam</span> <span class='ocrx_word' id='word_1_142' title='bbox 501 1358 551 1399; x_wconf 89' lang='lat' dir='ltr'>de</span> <span class='ocrx_word' id='word_1_143' title='bbox 586 1358 711 1399; x_wconf 90' lang='lat' dir='ltr'>nobis</span> <span class='ocrx_word' id='word_1_144' title='bbox 749 1359 852 1400; x_wconf 84' lang='lat' dir='ltr'>velit</span> <span class='ocrx_word' id='word_1_145' title='bbox 891 1362 963 1399; x_wconf 90' lang='lat' dir='ltr'>aut</span> <span class='ocrx_word' id='word_1_146' title='bbox 1001 1359 1205 1400; x_wconf 87' lang='lat' dir='ltr'>ostendat.</span> <span class='ocrx_word' id='word_1_147' title='bbox 1269 1358 1453 1401; x_wconf 82' lang='lat' dir='ltr'>Comitia</span> 
     </span>
     <span class='ocr_line' id='line_1_21' title="bbox 59 1416 1453 1472; baseline 0 -13"><span class='ocrx_word' id='word_1_148' title='bbox 59 1435 93 1459; x_wconf 84' lang='lat'>20</span> <span class='ocrx_word' id='word_1_149' title='bbox 114 1416 224 1457; x_wconf 86' lang='lat' dir='ltr'>enim</span> <span class='ocrx_word' id='word_1_150' title='bbox 261 1416 383 1456; x_wconf 89' lang='lat' dir='ltr'>credo</span> <span class='ocrx_word' id='word_1_151' title='bbox 423 1431 513 1457; x_wconf 89' lang='lat' dir='ltr'>esse</span> <span class='ocrx_word' id='word_1_152' title='bbox 548 1416 714 1472; x_wconf 84' lang='lat' dir='ltr'>habita3</span> <span class='ocrx_word' id='word_1_153' title='bbox 759 1417 914 1471; x_wconf 89' lang='lat' dir='ltr'>quibus</span> <span class='ocrx_word' id='word_1_154' title='bbox 954 1417 1162 1459; x_wconf 88' lang='lat' dir='ltr'>absolutis</span> <span class='ocrx_word' id='word_1_155' title='bbox 1201 1418 1352 1459; x_wconf 89' lang='lat' dir='ltr'>scribis</span> <span class='ocrx_word' id='word_1_156' title='bbox 1389 1419 1453 1460; x_wconf 89' lang='lat' dir='ltr'>illi</span> 
     </span>
     <span class='ocr_line' id='line_1_22' title="bbox 112 1474 1452 1540; baseline 0.002 -26"><span class='ocrx_word' id='word_1_157' title='bbox 112 1474 320 1540; x_wconf 88' lang='lat' dir='ltr'>placuisse</span> <span class='ocrx_word' id='word_1_158' title='bbox 357 1475 426 1529; x_wconf 83' lang='lat' dir='ltr'>agi</span> <span class='ocrx_word' id='word_1_159' title='bbox 464 1475 513 1515; x_wconf 91' lang='lat' dir='ltr'>de</span> <span class='ocrx_word' id='word_1_160' title='bbox 548 1476 685 1517; x_wconf 89' lang='lat' dir='ltr'>nobis</span> <span class='ocrx_word' id='word_1_161' title='bbox 755 1475 800 1517; x_wconf 83' lang='lat' dir='ltr'>Si</span> <span class='ocrx_word' id='word_1_162' title='bbox 838 1476 920 1517; x_wconf 90' lang='lat' dir='ltr'>tibi</span> <span class='ocrx_word' id='word_1_163' title='bbox 961 1476 1120 1517; x_wconf 83' lang='lat' dir='ltr'>stultus</span> <span class='ocrx_word' id='word_1_164' title='bbox 1166 1490 1255 1517; x_wconf 88' lang='lat' dir='ltr'>esse</span> <span class='ocrx_word' id='word_1_165' title='bbox 1298 1477 1452 1528; x_wconf 85' lang='lat' dir='ltr'>videor,</span> 
     </span>
     <span class='ocr_line' id='line_1_23' title="bbox 113 1533 1453 1590; baseline 0.002 -17"><span class='ocrx_word' id='word_1_166' title='bbox 113 1533 186 1588; x_wconf 90' lang='lat' dir='ltr'>qui</span> <span class='ocrx_word' id='word_1_167' title='bbox 223 1547 404 1588; x_wconf 77' lang='lat' dir='ltr'>sperem,</span> <span class='ocrx_word' id='word_1_168' title='bbox 443 1533 550 1574; x_wconf 84' lang='lat' dir='ltr'>facio</span> <span class='ocrx_word' id='word_1_169' title='bbox 589 1537 663 1575; x_wconf 93' lang='lat' dir='ltr'>tuo</span> <span class='ocrx_word' id='word_1_170' title='bbox 700 1534 839 1590; x_wconf 89' lang='lat' dir='ltr'>iussu,</span> <span class='ocrx_word' id='word_1_171' title='bbox 876 1535 957 1576; x_wconf 75' lang='lat' dir='ltr'>etsi</span> <span class='ocrx_word' id='word_1_172' title='bbox 995 1535 1080 1576; x_wconf 89' lang='lat' dir='ltr'>scio</span> <span class='ocrx_word' id='word_1_173' title='bbox 1113 1537 1156 1576; x_wconf 89' lang='lat' dir='ltr'>te</span> <span class='ocrx_word' id='word_1_174' title='bbox 1186 1549 1253 1576; x_wconf 90' lang='lat' dir='ltr'>me</span> <span class='ocrx_word' id='word_1_175' title='bbox 1284 1535 1336 1576; x_wconf 89' lang='grc'>113</span> <span class='ocrx_word' id='word_1_176' title='bbox 1370 1536 1453 1589; x_wconf 89' lang='lat' dir='ltr'>epi-</span> 
     </span>
     <span class='ocr_line' id='line_1_24' title="bbox 113 1591 1451 1647; baseline 0 -13"><span class='ocrx_word' id='word_1_177' title='bbox 113 1592 238 1634; x_wconf 85' lang='lat' dir='ltr'>stulis</span> <span class='ocrx_word' id='word_1_178' title='bbox 287 1591 432 1645; x_wconf 88' lang='lat' dir='ltr'>potius</span> <span class='ocrx_word' id='word_1_179' title='bbox 482 1595 524 1633; x_wconf 87' lang='lat' dir='ltr'>et</span> <span class='ocrx_word' id='word_1_180' title='bbox 572 1607 686 1634; x_wconf 88' lang='lat' dir='ltr'>meas</span> <span class='ocrx_word' id='word_1_181' title='bbox 737 1607 831 1647; x_wconf 90' lang='lat' dir='ltr'>spes</span> <span class='ocrx_word' id='word_1_182' title='bbox 882 1593 1055 1634; x_wconf 87' lang='lat' dir='ltr'>solitum</span> <span class='ocrx_word' id='word_1_183' title='bbox 1103 1607 1194 1634; x_wconf 90' lang='grc'>6336</span> <span class='ocrx_word' id='word_1_184' title='bbox 1236 1594 1451 1635; x_wconf 77' lang='lat' dir='ltr'>remorari.</span> 
     </span>
     <span class='ocr_line' id='line_1_25' title="bbox 111 1649 1450 1705; baseline 0.001 -14"><span class='ocrx_word' id='word_1_185' title='bbox 111 1649 236 1691; x_wconf 91' lang='lat' dir='ltr'>Nunc</span> <span class='ocrx_word' id='word_1_186' title='bbox 266 1650 393 1691; x_wconf 77' lang='lat' dir='ltr'>velim</span> <span class='ocrx_word' id='word_1_187' title='bbox 424 1650 530 1691; x_wconf 87' lang='lat' dir='ltr'>mihi</span> <span class='ocrx_word' id='word_1_188' title='bbox 561 1651 685 1705; x_wconf 88' lang='lat' dir='ltr'>plane</span> <span class='ocrx_word' id='word_1_189' title='bbox 717 1651 971 1705; x_wconf 74' lang='lat' dir='ltr'>perscribas,</span> <span class='ocrx_word' id='word_1_190' title='bbox 1007 1651 1108 1705; x_wconf 90' lang='lat' dir='ltr'>quid</span> <span class='ocrx_word' id='word_1_191' title='bbox 1140 1651 1292 1693; x_wconf 78' lang='lat' dir='ltr'>videas</span> <span class='ocrx_word' id='word_1_192' title='bbox 1356 1652 1450 1694; x_wconf 85' lang='lat' dir='ltr'>Scio</span> 
     </span>
     <span class='ocr_line' id='line_1_26' title="bbox 60 1709 1453 1764; baseline 0.001 -14"><span class='ocrx_word' id='word_1_193' title='bbox 60 1726 93 1752; x_wconf 82' lang='lat'>25</span> <span class='ocrx_word' id='word_1_194' title='bbox 111 1723 189 1750; x_wconf 87' lang='lat' dir='ltr'>nos</span> <span class='ocrx_word' id='word_1_195' title='bbox 228 1709 389 1750; x_wconf 91' lang='lat' dir='ltr'>nostris</span> <span class='ocrx_word' id='word_1_196' title='bbox 427 1709 574 1750; x_wconf 88' lang='lat' dir='ltr'>multis</span> <span class='ocrx_word' id='word_1_197' title='bbox 611 1710 795 1764; x_wconf 87' lang='lat' dir='ltr'>peccatis</span> <span class='ocrx_word' id='word_1_198' title='bbox 832 1710 878 1750; x_wconf 91' lang='lat' dir='ltr'>in</span> <span class='ocrx_word' id='word_1_199' title='bbox 913 1710 1022 1750; x_wconf 88' lang='lat' dir='ltr'>hanc</span> <span class='ocrx_word' id='word_1_200' title='bbox 1065 1724 1310 1751; x_wconf 87' lang='lat' dir='ltr'>aerumnam</span> <span class='ocrx_word' id='word_1_201' title='bbox 1353 1710 1453 1751; x_wconf 91' lang='lat' dir='ltr'>inci-</span> 
     </span>
     <span class='ocr_line' id='line_1_27' title="bbox 113 1767 1453 1823; baseline 0.001 -15"><span class='ocrx_word' id='word_1_202' title='bbox 113 1768 234 1809; x_wconf 88' lang='lat' dir='ltr'>disse.</span> <span class='ocrx_word' id='word_1_203' title='bbox 301 1767 365 1808; x_wconf 89' lang='lat' dir='ltr'>Ea</span> <span class='ocrx_word' id='word_1_204' title='bbox 410 1767 446 1808; x_wconf 90' lang='lat' dir='ltr'>si</span> <span class='ocrx_word' id='word_1_205' title='bbox 490 1767 563 1821; x_wconf 88' lang='lat' dir='ltr'>qui</span> <span class='ocrx_word' id='word_1_206' title='bbox 607 1782 726 1809; x_wconf 91' lang='lat' dir='ltr'>casus</span> <span class='ocrx_word' id='word_1_207' title='bbox 771 1768 912 1822; x_wconf 87' lang='lat' dir='ltr'>aliqua</span> <span class='ocrx_word' id='word_1_208' title='bbox 957 1782 1006 1808; x_wconf 86' lang='lat' dir='ltr'>ex</span> <span class='ocrx_word' id='word_1_209' title='bbox 1049 1771 1169 1822; x_wconf 88' lang='lat' dir='ltr'>parte</span> <span class='ocrx_word' id='word_1_210' title='bbox 1211 1769 1453 1823; x_wconf 84' lang='lat' dir='ltr'>correxerit,</span> 
     </span>
     <span class='ocr_line' id='line_1_28' title="bbox 113 1826 1392 1868; baseline 0.001 -2"><span class='ocrx_word' id='word_1_211' title='bbox 113 1826 252 1866; x_wconf 90' lang='lat' dir='ltr'>minus</span> <span class='ocrx_word' id='word_1_212' title='bbox 284 1826 462 1867; x_wconf 86' lang='lat' dir='ltr'>moleste</span> <span class='ocrx_word' id='word_1_213' title='bbox 492 1826 673 1867; x_wconf 85' lang='lat' dir='ltr'>feremus</span> <span class='ocrx_word' id='word_1_214' title='bbox 703 1840 782 1867; x_wconf 89' lang='lat' dir='ltr'>nos</span> <span class='ocrx_word' id='word_1_215' title='bbox 814 1826 971 1867; x_wconf 85' lang='lat' dir='ltr'>vixisse</span> <span class='ocrx_word' id='word_1_216' title='bbox 1003 1829 1044 1867; x_wconf 89' lang='lat' dir='ltr'>et</span> <span class='ocrx_word' id='word_1_217' title='bbox 1076 1826 1210 1867; x_wconf 87' lang='lat' dir='ltr'>adhuc</span> <span class='ocrx_word' id='word_1_218' title='bbox 1242 1827 1392 1868; x_wconf 83' lang='lat' dir='ltr'>vivere.</span> 
     </span>
    </p>

    <p class='ocr_par' dir='ltr' id='par_1_8' title="bbox 60 1884 1452 2350">
     <span class='ocr_line' id='line_1_29' title="bbox 201 1884 1452 1939; baseline 0.001 -14"><span class='ocrx_word' id='word_1_219' title='bbox 201 1884 295 1939; x_wconf 83' lang='lat' dir='ltr'>Ego</span> <span class='ocrx_word' id='word_1_220' title='bbox 333 1887 508 1939; x_wconf 88' lang='lat' dir='ltr'>propter</span> <span class='ocrx_word' id='word_1_221' title='bbox 545 1885 637 1926; x_wconf 87' lang='lat' dir='ltr'>viae</span> <span class='ocrx_word' id='word_1_222' title='bbox 681 1885 968 1926; x_wconf 86' lang='lat' dir='ltr'>celebritatem</span> <span class='ocrx_word' id='word_1_223' title='bbox 1012 1887 1052 1926; x_wconf 87' lang='lat' dir='ltr'>et</span> <span class='ocrx_word' id='word_1_224' title='bbox 1093 1885 1348 1926; x_wconf 88' lang='lat' dir='ltr'>cotidianam</span> <span class='ocrx_word' id='word_1_225' title='bbox 1387 1899 1452 1926; x_wconf 89' lang='lat' dir='ltr'>ex-</span> 
     </span>
     <span class='ocr_line' id='line_1_30' title="bbox 116 1943 1452 1995; baseline 0.001 -12"><span class='ocrx_word' id='word_1_226' title='bbox 116 1943 419 1995; x_wconf 87' lang='lat' dir='ltr'>spectationem</span> <span class='ocrx_word' id='word_1_227' title='bbox 454 1957 593 1984; x_wconf 85' lang='lat' dir='ltr'>rerum</span> <span class='ocrx_word' id='word_1_228' title='bbox 623 1957 831 1984; x_wconf 86' lang='lat' dir='ltr'>novarum</span> <span class='ocrx_word' id='word_1_229' title='bbox 861 1957 949 1984; x_wconf 90' lang='lat' dir='ltr'>non</span> <span class='ocrx_word' id='word_1_230' title='bbox 979 1943 1188 1984; x_wconf 85' lang='lat' dir='ltr'>commovi</span> <span class='ocrx_word' id='word_1_231' title='bbox 1219 1957 1286 1984; x_wconf 88' lang='lat' dir='ltr'>me</span> <span class='ocrx_word' id='word_1_232' title='bbox 1317 1943 1452 1984; x_wconf 90' lang='lat' dir='ltr'>adhuc</span> 
     </span>
     <span class='ocr_line' id='line_1_31' title="bbox 61 1999 1452 2058; baseline 0.001 -17"><span class='ocrx_word' id='word_1_233' title='bbox 61 2017 94 2042; x_wconf 83' lang='lat'>30</span> <span class='ocrx_word' id='word_1_234' title='bbox 114 2000 421 2042; x_wconf 83' lang='lat' dir='ltr'>Thessalonica.</span> <span class='ocrx_word' id='word_1_235' title='bbox 473 2001 553 2043; x_wconf 81' lang='lat' dir='ltr'>Sed</span> <span class='ocrx_word' id='word_1_236' title='bbox 579 2002 663 2043; x_wconf 89' lang='lat' dir='ltr'>iam</span> <span class='ocrx_word' id='word_1_237' title='bbox 690 2002 952 2042; x_wconf 82' lang='lat' dir='ltr'>extrudimur</span> <span class='ocrx_word' id='word_1_238' title='bbox 976 2016 1063 2042; x_wconf 90' lang='lat' dir='ltr'>non</span> <span class='ocrx_word' id='word_1_239' title='bbox 1088 2017 1111 2042; x_wconf 91' lang='lat' dir='ltr'>a</span> <span class='ocrx_word' id='word_1_240' title='bbox 1135 2000 1308 2042; x_wconf 88' lang='lat' dir='ltr'>Plancio</span> <span class='ocrx_word' id='word_1_241' title='bbox 1337 1999 1452 2058; x_wconf 84' lang='lat' dir='ltr'>(nam</span> 
     </span>
     <span class='ocr_line' id='line_1_32' title="bbox 114 2058 1451 2116; baseline 0.001 -17"><span class='ocrx_word' id='word_1_242' title='bbox 114 2058 150 2099; x_wconf 86' lang='lat' dir='ltr'>is</span> <span class='ocrx_word' id='word_1_243' title='bbox 190 2059 357 2112; x_wconf 89' lang='lat' dir='ltr'>quidem</span> <span class='ocrx_word' id='word_1_244' title='bbox 392 2059 585 2116; x_wconf 78' lang='lat' dir='ltr'>retinet),</span> <span class='ocrx_word' id='word_1_245' title='bbox 625 2075 771 2102; x_wconf 84' lang='lat' dir='ltr'>verum</span> <span class='ocrx_word' id='word_1_246' title='bbox 809 2060 861 2101; x_wconf 88' lang='lat' dir='ltr'>ab</span> <span class='ocrx_word' id='word_1_247' title='bbox 904 2060 996 2114; x_wconf 89' lang='lat' dir='ltr'>ipso</span> <span class='ocrx_word' id='word_1_248' title='bbox 1034 2060 1127 2101; x_wconf 92' lang='lat' dir='ltr'>loco</span> <span class='ocrx_word' id='word_1_249' title='bbox 1171 2060 1345 2101; x_wconf 81' lang='lat' dir='ltr'>minime</span> <span class='ocrx_word' id='word_1_250' title='bbox 1383 2076 1451 2114; x_wconf 91' lang='lat' dir='ltr'>ap-</span> 
     </span>
     <span class='ocr_line' id='line_1_33' title="bbox 114 2117 1452 2171; baseline 0.002 -14"><span class='ocrx_word' id='word_1_251' title='bbox 114 2117 254 2171; x_wconf 87' lang='lat' dir='ltr'>posito</span> <span class='ocrx_word' id='word_1_252' title='bbox 288 2117 339 2157; x_wconf 88' lang='lat' dir='ltr'>ad</span> <span class='ocrx_word' id='word_1_253' title='bbox 369 2118 632 2160; x_wconf 85' lang='lat' dir='ltr'>tolerandam</span> <span class='ocrx_word' id='word_1_254' title='bbox 664 2119 709 2160; x_wconf 88' lang='lat' dir='ltr'>in</span> <span class='ocrx_word' id='word_1_255' title='bbox 739 2122 859 2160; x_wconf 89' lang='lat' dir='ltr'>tanto</span> <span class='ocrx_word' id='word_1_256' title='bbox 891 2119 1009 2160; x_wconf 89' lang='lat' dir='ltr'>luctu</span> <span class='ocrx_word' id='word_1_257' title='bbox 1045 2118 1339 2159; x_wconf 88' lang='lat' dir='ltr'>calamitatem.</span> <span class='ocrx_word' id='word_1_258' title='bbox 1401 2118 1452 2160; x_wconf 92' lang='lat' dir='ltr'>In</span> 
     </span>
     <span class='ocr_line' id='line_1_34' title="bbox 113 2175 1450 2232; baseline 0.002 -17"><span class='ocrx_word' id='word_1_259' title='bbox 113 2175 293 2229; x_wconf 88' lang='lat' dir='ltr'>Epirum</span> <span class='ocrx_word' id='word_1_260' title='bbox 328 2175 438 2231; x_wconf 83' lang='lat' dir='ltr'>ideo,</span> <span class='ocrx_word' id='word_1_261' title='bbox 482 2180 530 2218; x_wconf 92' lang='lat' dir='ltr'>ut</span> <span class='ocrx_word' id='word_1_262' title='bbox 568 2177 833 2232; x_wconf 83' lang='lat' dir='ltr'>scripseram,</span> <span class='ocrx_word' id='word_1_263' title='bbox 875 2191 963 2218; x_wconf 91' lang='lat' dir='ltr'>non</span> <span class='ocrx_word' id='word_1_264' title='bbox 999 2177 1112 2232; x_wconf 81' lang='lat' dir='ltr'>veni,</span> <span class='ocrx_word' id='word_1_265' title='bbox 1156 2177 1268 2231; x_wconf 88' lang='lat' dir='ltr'>quod</span> <span class='ocrx_word' id='word_1_266' title='bbox 1307 2177 1450 2218; x_wconf 90' lang='lat' dir='ltr'>subito</span> 
     </span>
     <span class='ocr_line' id='line_1_35' title="bbox 112 2233 1452 2291; baseline 0.001 -17"><span class='ocrx_word' id='word_1_267' title='bbox 112 2234 219 2275; x_wconf 89' lang='lat' dir='ltr'>mihi</span> <span class='ocrx_word' id='word_1_268' title='bbox 255 2233 441 2275; x_wconf 85' lang='lat' dir='ltr'>universi</span> <span class='ocrx_word' id='word_1_269' title='bbox 476 2236 618 2276; x_wconf 90' lang='lat' dir='ltr'>nuntii</span> <span class='ocrx_word' id='word_1_270' title='bbox 650 2238 851 2277; x_wconf 88' lang='lat' dir='ltr'>venerant</span> <span class='ocrx_word' id='word_1_271' title='bbox 884 2238 925 2276; x_wconf 88' lang='lat' dir='ltr'>et</span> <span class='ocrx_word' id='word_1_272' title='bbox 956 2235 1142 2291; x_wconf 87' lang='lat' dir='ltr'>litterae,</span> <span class='ocrx_word' id='word_1_273' title='bbox 1182 2250 1311 2290; x_wconf 87' lang='lat' dir='ltr'>quare</span> <span class='ocrx_word' id='word_1_274' title='bbox 1341 2235 1452 2277; x_wconf 83' lang='lat' dir='ltr'>nihil</span> 
     </span>
     <span class='ocr_line' id='line_1_36' title="bbox 60 2293 1451 2350; baseline 0.001 -15"><span class='ocrx_word' id='word_1_275' title='bbox 60 2308 93 2335; x_wconf 84' lang='lat'>35</span> <span class='ocrx_word' id='word_1_276' title='bbox 113 2295 222 2334; x_wconf 87' lang='lat' dir='ltr'>esset</span> <span class='ocrx_word' id='word_1_277' title='bbox 259 2306 426 2334; x_wconf 85' lang='lat' dir='ltr'>necesse</span> <span class='ocrx_word' id='word_1_278' title='bbox 464 2307 590 2347; x_wconf 86' lang='lat' dir='ltr'>quam</span> <span class='ocrx_word' id='word_1_279' title='bbox 627 2295 818 2348; x_wconf 81' lang='lat' dir='ltr'>proxime</span> <span class='ocrx_word' id='word_1_280' title='bbox 860 2293 1029 2335; x_wconf 88' lang='lat' dir='ltr'>Italiam</span> <span class='ocrx_word' id='word_1_281' title='bbox 1075 2308 1173 2335; x_wconf 86' lang='lat' dir='ltr'>esse.</span> <span class='ocrx_word' id='word_1_282' title='bbox 1242 2293 1371 2350; x_wconf 89' lang='lat' dir='ltr'>Hinc,</span> <span class='ocrx_word' id='word_1_283' title='bbox 1415 2294 1451 2336; x_wconf 88' lang='lat' dir='ltr'>si</span> 
     </span>
    </p>
   </div>
  </div>
 </body>
</html>
