1665 2553
284 98 626 133 EPISTULARUM
651 99 715 133 AD
741 98 957 134 ATTICUM
981 99 1065 133 xm
1091 104 1223 136 4—6a.
1334 101 1417 142 397

78 209 106 236 a
137 192 315 236 Camillo
354 197 657 236 commutatam
695 209 785 235 esse
821 195 971 250 legem.
1032 194 1179 237 Pisoni
1222 196 1324 250 quid
1356 199 1419 238 est
1445 209 1465 238 2

79 253 194 307 quod
223 253 444 294 honestius
473 253 728 307 respondere
754 254 966 308 possimus
993 268 1120 308 quam
1148 254 1420 296 solitudinem

80 311 284 353 Catonis?
353 311 443 353 Nec
493 312 768 353 coheredibus
820 313 958 353 solum
1007 312 1308 368 Herennianis,
1349 314 1421 355 sed

82 370 226 426 etiam,
264 373 312 411 ut
345 371 424 412 scis
458 369 526 426 (tu
558 371 669 412 enim
700 386 862 412 mecum
895 370 1055 428 egisti),
1095 371 1145 413 de
1176 387 1307 426 puero
1339 371 1421 413 Lu-

45 448 61 473 5
81 430 204 484 cullo,
237 444 364 483 quam
395 430 615 483 pecuniam
646 432 765 470 tutor
797 428 914 485 (nam
944 430 1025 471 hoc
1057 445 1225 485 quoque
1255 431 1306 472 ad
1331 446 1421 472 rem

80 487 284 543 pertinet)
328 488 373 529 in
415 488 576 529 Achaia
619 492 867 542 sumpserat.
931 488 1012 530 Sed
1049 490 1137 544 agit
1175 490 1422 545 liberaliter,

81 547 283 601 quoniam
312 549 441 601 negat
474 561 517 587 se
549 547 775 601 quicquam
807 548 1019 589 facturum
1051 551 1199 589 contra
1228 551 1422 589 nostram

80 606 354 647 voluntatem.
418 604 570 646 Coram
613 606 764 660 igitur,
803 609 852 647 ut
891 607 1059 662 scribis,
1102 607 1423 662 constituemus,

82 678 206 718 quem
247 664 299 705 ad
330 664 502 705 modum
534 678 623 705 rem
655 665 922 718 explicemus.
985 664 1106 713 Quod
1137 665 1324 720 reliquos
1357 680 1423 707 co-

28 742 63 766 10
81 723 254 764 heredes
287 723 533 777 convenisti,
565 723 689 777 plane
721 724 837 764 bene.

171 781 291 830 Quod
340 782 567 835 epistulam
616 797 752 822 meam
801 783 854 823 ad
898 782 1080 823 Brutum
1129 783 1287 837 poscis,
1336 797 1423 824 non
1449 794 1469 824 3

81 840 217 881 habeo
256 840 345 881 eius
385 840 640 894 exemplum3
680 841 751 881 sed
790 843 932 882 tamen
973 841 1136 882 salvum
1169 844 1251 896 est,
1292 844 1333 883 et
1364 842 1424 883 ait

83 899 183 940 Tiro
227 901 270 940 te
311 898 468 940 habere
506 902 721 955 oportere,
765 902 823 952 et,
867 902 915 940 ut
952 900 1166 954 recordor,
1209 915 1293 941 una
1331 915 1424 941 cum

83 958 199 999 illius
259 958 551 1012 obiurgatoria
614 957 694 999 tibi
749 973 886 999 meam
942 973 1126 1012 quoque,
1187 973 1314 1012 quam
1375 959 1425 1000 ad

30 1035 63 1060 15
84 1031 179 1057 eum
210 1017 520 1071 rescripseram,
550 1016 658 1057 misi.
719 1015 913 1058 Iudiciali
944 1017 1139 1058 molestia
1170 1021 1218 1058 ut
1250 1032 1426 1073 caream,
1451 1029 1473 1059 4
1508 1036 1515 1039 ·

83 1075 258 1117 videbis.

701 1191 808 1233 VIa.

271 1272 345 1307 Ser.
366 1273 407 1306 in
436 1273 642 1308 Tusculano
662 1273 761 1317 prid.
782 1273 880 1307 Non.
900 1273 985 1308 Iun.
1007 1285 1039 1308 a.
1062 1276 1134 1308 709
1161 1275 1252 1318 (45).

491 1354 682 1390 CICERO
706 1355 741 1389 A
748 1354 898 1390 TTICO
924 1355 1032 1390 SAL.

32 1446 66 1471 20
173 1425 430 1467 Tuditanum
470 1427 617 1480 istum,
658 1442 862 1481 proavum
903 1427 1128 1482 Hortensi,
1171 1427 1297 1481 plane
1340 1441 1426 1468 non
1447 1439 1503 1471 <VI
1522 1439 1550 1471 4)

85 1499 234 1526 11013111
271 1488 312 1525 et
349 1485 502 1539 filium,
541 1486 613 1539 qui
651 1489 744 1526 tum
774 1500 861 1526 non
891 1488 1091 1540 potuerat
1123 1500 1214 1527 esse
1244 1486 1424 1542 legatus,

86 1544 217 1584 fuisse
254 1546 459 1596 putaram.
522 1544 775 1585 Mummium
817 1544 948 1585 fuisse
979 1544 1031 1585 ad
1063 1543 1318 1585 Corinthum
1349 1559 1426 1598 pro

87 1605 203 1643 certo
235 1601 382 1643 habeo.
443 1601 574 1656 Saepe
600 1602 712 1643 enim
736 1602 805 1643 hic
833 1601 1023 1656 Spurius,
1043 1603 1116 1656 qui
1141 1617 1276 1656 nuper
1302 1604 1426 1644 deces-

88 1661 162 1716 sit,
205 1660 408 1714 epistulas
448 1660 553 1701 mihi
591 1661 897 1714 pronuntiabat
933 1661 1152 1701 versiculis
1195 1662 1341 1702 facetis
1375 1662 1427 1702 ad

34 1738 68 1763 25
86 1719 308 1760 familiaris
344 1719 496 1759 missas
538 1734 561 1759 3
593 1718 810 1760 Corintho.
874 1718 954 1760 Sed
993 1734 1081 1760 non
1120 1719 1290 1774 dubito,
1326 1720 1429 1773 quin

87 1778 211 1818 fratri
241 1777 368 1818 fuerit
399 1777 578 1832 legatus,
608 1791 695 1818 non
725 1778 771 1818 in
802 1777 951 1818 decem.
1015 1777 1157 1831 Atque
1188 1778 1268 1819 hoc
1300 1779 1429 1819 etiam

88 1836 244 1890 accepi,
280 1851 367 1877 non
404 1836 553 1876 solitos
585 1836 765 1877 maiores
797 1839 969 1877 nostros
1002 1850 1074 1877 eos
1106 1836 1248 1890 legare
1285 1836 1331 1877 in
1363 1836 1429 1877 de-

89 1909 189 1947 cem,
221 1895 293 1948 qui
325 1897 466 1935 essent
497 1895 802 1947 imperatorum
832 1895 1068 1948 necessarii,
1102 1897 1148 1935 ut
1179 1909 1258 1935 nos
1290 1895 1428 1950 ignari

87 1952 469 2006 pulcherrimorum
516 1953 815 1994 institutorum
855 1955 928 1994 aut
967 1953 1242 2007 neglegentes
1284 1954 1428 2007 potius

37 2030 71 2055 30
90 2010 146 2053 M.
177 2009 401 2051 Lucullum
447 2014 488 2052 et
528 2010 572 2051 L.
613 2011 833 2052 Murenam
877 2014 918 2052 et
966 2014 1129 2052 ceteros
1174 2012 1223 2051 ad
1267 2011 1312 2052 L.
1349 2011 1429 2052 Lu-

91 2069 248 2110 cullum
283 2070 488 2110 misimus.
550 2069 746 2124 Illudque
784 2071 1104 2123 εὐλογώτατον,
1144 2069 1267 2110 illum
1306 2070 1429 2111 fratri

90 2128 136 2168 in
166 2127 314 2181 primis
347 2128 435 2168 eius
466 2128 618 2182 legatis
644 2128 785 2170 fuisse.
842 2128 876 2169 O
901 2143 1071 2182 operam
1097 2131 1215 2169 tuam
1239 2128 1430 2184 multam,

92 2186 165 2240 qui
203 2188 245 2226 et
275 2185 377 2227 haec
409 2201 528 2227 cures
562 2189 603 2227 et
634 2201 727 2227 mea
758 2187 953 2241 expedias
988 2189 1028 2228 et
1062 2187 1119 2227 sis
1150 2186 1196 2227 in
1226 2187 1313 2228 tuis
1343 2201 1431 2228 non

90 2244 226 2285 multo
258 2244 397 2285 minus
431 2245 612 2299 diligens
641 2259 768 2298 quam
799 2246 845 2286 in
875 2245 997 2286 meis!
