1665 2553
212 82 271 116 CX
634 80 912 114 ADNOTATIO
941 79 1128 114 CRITICA

211 174 405 219 Ruhnken,
432 174 589 218 Ernesti,
615 174 752 217 Baiter,
779 174 963 217 VVesenb„
986 174 1038 208 eri
1055 173 1122 217 M1‚
1149 174 1227 207 erui
1246 173 1312 216 M2,
1332 173 1436 216 Boot,
1456 173 1546 218 Tyr-

212 222 290 265 rell‚
318 222 495 265 Schmidt,
522 222 607 256 exui
631 221 810 264 Lambin.,
837 220 959 254 Moser
983 231 1103 264 progr.
1132 220 1215 254 Ulm
1243 224 1330 254 1841
1357 232 1391 264 p.
1414 223 1468 254 20.
1535 221 1546 265 Η

259 269 304 303 P.
319 269 409 303 380.
426 273 442 302 1
471 280 577 312 quam
602 272 642 302 ut
667 279 790 311 quam
815 268 968 301 maxime
992 266 1145 310 Tyrrell.
1166 288 1211 292 ——-
1238 270 1258 300 6
1283 278 1356 301 non
1375 278 1440 311 pro
1461 278 1548 301 nam

212 317 312 359 vett,
330 315 467 358 Baiter,
483 314 668 357 Wesenb„
684 314 861 357 Schmidt,
887 325 972 347 nam
991 314 1099 348 habeo
1118 314 1328 348 ‘neminem
1346 313 1472 347 Kahnt
1490 326 1544 358 pr.

213 362 311 396 Zeitz
328 365 418 396 1844
431 374 465 406 p.
481 365 512 396 8.
533 383 578 386 —
599 365 618 395 8
639 365 750 395 tecum
771 359 929 402 Corrad,
943 359 1128 404 Wesenb.,
1149 365 1180 395 te
1201 360 1318 404 codd,
1339 360 1435 405 vulg.
1451 360 1546 394 into-

212 409 343 451 lerab.,
376 410 418 442 ut
448 408 540 442 mihi
565 407 720 441 videtur.
773 407 823 441 Cf.
851 407 899 440 ad
919 419 952 451 p.
970 410 1086 441 7523.
1114 428 1158 431 -
1183 407 1235 441 Ib.
1257 408 1315 441 sin
1335 407 1439 441 codd.
1462 408 1549 452 (sint

212 456 287 500 ἄη),
314 455 455 499 Baiter,
488 454 646 499 Tyrrell,
674 454 856 497 Schmidt,
889 455 921 488 εἱ
944 453 1059 497 vulg,
1085 453 1275 497 Wesenb.,
1301 454 1403 488 Boot.
1431 475 1476 479 —-
1502 458 1544 487 21

213 514 242 536 v.
271 502 438 536 Schmidt
468 514 501 546 p.
523 504 608 545 487,
642 500 787 544 Tyrrell
818 512 873 544 ep.
895 504 978 542 579,
1013 501 1047 534 V
1072 504 1136 535 aut
1170 501 1234 534 IV
1261 501 1358 535 Non.
1392 500 1548 535 Schiche

212 549 333 583 Herm.
355 548 472 582 XVIII
492 560 526 592 p.
549 552 626 590 614,
652 549 796 582 ineunte
821 560 864 581 m.
886 547 993 581 Maio
1012 546 1148 589 Baiter,
1169 547 1340 581 WVesenb.
1362 568 1407 572 ——
1434 551 1477 581 27
1493 559 1544 591 sq.

217 607 308 639 quae
328 595 364 637 (Z
375 597 402 640 P)
428 616 472 620 »-
499 596 555 628 die
580 595 652 628 huc
670 594 841 627 transtul.
863 593 1018 627 Schuetz
1037 595 1118 637 (scr.
1150 594 1244 628 Hae
1264 595 1401 629 litterae
1421 605 1440 628 e
1460 594 1548 628 Bosi

219 642 381 685 ‘codd.’),
408 641 697 685 Schmidt,(‘Der
716 640 990 674 Briefwechsel’
1013 652 1047 684 p.
1068 641 1159 685 280),
1180 640 1334 684 Tyrrell,
1347 653 1377 675 V.
1401 645 1443 675 26
1462 643 1549 685 post

212 689 338 723 habere
364 689 467 722 codd.
496 690 532 721 et
558 688 668 731 vulg,
693 687 819 721 Baiter
849 688 954 732 [tuae
984 688 1050 721 hae
1079 708 1125 711 —
1150 687 1239 732 dieJ,
1265 687 1358 721 Boot
1376 688 1459 722 Hae
1481 689 1546 723 litt.

213 757 258 760 —
277 739 414 768 30—32
435 736 497 778 qui
516 755 560 759 —
579 736 672 777 facis
690 734 729 767 in
749 734 915 778 parenth.
928 733 1113 776 1170301111,
1133 734 1235 767 Boot.
1262 734 1320 767 Ad
1332 746 1365 778 p.
1380 738 1433 768 16.
1448 738 1502 769 14.
1536 735 1548 780 ΙΙ

261 782 306 816 P.
328 781 417 816 381.
439 786 459 815 3
485 783 656 815 maoez'ma
681 781 867 822 &Vesenbw
893 781 996 823 Boot,
1023 780 1176 824 Tyri-cll.
1203 780 1261 813 Ad
1280 793 1313 824 p.
1335 785 1413 815 252.
1435 785 1548 815 15.-

213 833 235 862 4
260 829 361 863 urbis
391 829 448 862 Fr.
484 828 651 862 Schmidt
681 839 801 871 progr.
834 827 1000 861 Norimb.
1029 831 1117 861 1879
1143 839 1177 871 p.
1199 831 1254 868 36,
1279 828 1343 861 ubi
1367 829 1416 862 sis
1442 828 1545 863 codd.

215 877 252 908 et
278 875 372 918 edd,
397 875 492 908 Boot
517 886 599 908 cum
625 885 741 916 cruce,
768 874 935 907 defendit
960 873 1113 917 Tyr-rell.
1164 874 1258 907 Boot
1283 876 1380 908 certe
1408 875 1548 919 ‘Longe

214 922 345 955 melius
378 921 564 955 sententia
595 921 778 965 procedit,
813 921 842 954 si
876 921 927 954 310
959 920 1137 964 corrigas:
1167 922 1422 965 propinquitas
1440 933 1547 965 prae-

213 973 307 1003 terea
331 969 432 1003 utilis
457 968 527 1012 (vel
552 968 668 1009 urbis,
694 970 735 1001 ut
761 967 919 1001 correxit
943 967 999 1001 Fr.
1027 966 1223 1011 Schmidt),
1251 979 1295 1001 ne
1320 972 1430 1002 totum
1455 969 1549 1003 diem

216 1016 256 1049 in
277 1016 401 1049 villam
424 1026 457 1049 3:
490 1015 529 1048 in
554 1014 828 1048 Tusculanum.⁷
862 1035 906 1038 —
937 1013 988 1047 lb.
1009 1014 1050 1047 i‘n
1074 1015 1208 1048 villam
1235 1014 1351 1057 codd.,
1378 1014 1480 1049 Boot.
1502 1015 1544 1049 V.

214 1074 248 1105 p.
271 1064 402 1103 54.15;
440 1061 513 1094 nisi
544 1061 639 1094 forte
665 1059 789 1094 Cicero
815 1060 964 1103 scripsit
988 1061 1043 1094 ad
1066 1061 1205 1104 villam,
1238 1061 1337 1103 quod
1362 1060 1548 1096 invenitur

214 1119 286 1142 non
324 1108 443 1141 solum
474 1107 506 1141 S.
533 1108 638 1141 Rosc.
662 1110 715 1141 15.
731 1111 775 1140 44
808 1109 844 1140 et
881 1106 975 1141 Tull.
997 1110 1028 1140 8.
1050 1110 1093 1140 20
1132 1107 1337 1151 (Landgraf
1371 1107 1403 1141 S.
1439 1108 1544 1144 Rosa.

216 1167 247 1199 p.
269 1156 367 1199 219),
394 1154 458 1188 3οᾶ
485 1154 597 1187 etiam
621 1153 722 1188 Verr.
750 1153 800 1186 IV
821 1156 873 1187 16.
896 1157 938 1187 36
971 1154 1020 1187 acl
1049 1154 1155 1188 villas
1186 1157 1276 1188 tuas.
1303 1175 1348 1178 —
1381 1157 1400 1187 7
1425 1159 1466 1189 ut
1491 1156 1547 1189 mi

215 1202 424 1235 stomachere
456 1200 538 1243 alii,
565 1200 593 1233 T
596 1200 724 1243 yrrell,
758 1200 856 1243 quod
881 1199 919 1233 in
944 1199 982 1232 M
1008 1201 1064 1233 est
1088 1205 1128 1234 ut
1152 1201 1193 1234 in
1216 1201 1451 1236 z'stomachere.
1502 1201 1544 1237 V.

215 1248 263 1281 ad
286 1259 321 1291 p.
344 1251 397 1281 17.
413 1251 468 1290 27,
497 1250 619 1281 1014.
652 1268 696 1271 —
732 1250 750 1280 9
783 1247 887 1281 aliud
914 1257 999 1280 non
1024 1247 1107 1288 erit,
1138 1258 1214 1281 mea
1241 1246 1434 1291 Graevius,
1462 1248 1543 1282 edd.

213 1296 360 1338 praeter
390 1293 579 1335 Bootium,
611 1293 674 1336 qui
707 1304 772 1327 scr.
798 1293 824 1327 I.
845 1293 901 1326 Fr.
924 1293 1104 1327 Gronovio
1139 1295 1288 1327 auctore
1319 1295 1412 1328 nihil
1442 1295 1547 1329 aliud

214 1342 280 1375 erit
304 1361 348 1365 —
374 1340 511 1375 emero?
559 1339 600 1373 V.
634 1340 823 1373 Lehmann
855 1339 1018 1380 Quaestt.
1046 1352 1078 1383 p.
1100 1343 1143 1373 43
1159 1351 1210 1382 sq.
1244 1361 1289 1365 —
1323 1345 1364 1374 14
1381 1352 1432 1384 sq
1460 1346 1546 1376 tam

214 1388 336 1431 qratia
359 1408 406 1412 —
430 1391 495 1421 tua
514 1398 621 1430 quam
641 1387 851 1421 auctoritate
870 1386 1023 1430 Tyrrell,
1043 1387 1175 1420 laudat
1194 1387 1287 1421 Boot
1306 1387 1437 1422 Mnem
1455 1391 1543 1422 1892

214 1446 247 1478 p.
271 1437 353 1476 124,
379 1434 499 1478 qratia
524 1454 569 1458 —
595 1438 658 1467 tua
683 1444 790 1477 quam
815 1434 1027 1468 auctovztate
1053 1433 1168 1476 codd,
1194 1435 1315 1478 qratia
1335 1454 1378 1459 —-
1398 1438 1547 1479 tuaque

215 1485 308 1515 auct
348 1480 515 1514 Schmidt
560 1490 675 1523 aeque
719 1479 953 1513 intolerabile
992 1491 1034 1513 ac
1071 1492 1104 1523 p.
1132 1461 1186 1514 62.
1208 1484 1251 1513 32
1290 1481 1409 1515 vellem
1445 1492 1547 1526 eyove

215 1538 383 1571 cuperem,
421 1528 542 1571 gnatia
566 1531 632 1561 tua
651 1547 695 1551 —
715 1531 845 1570 tuaque
859 1526 1036 1568 Lambin„
1063 1526 1199 1569 Baiter,
1219 1526 1390 1561 Wesenb.
1397 1529 1546 1572 ,gratia

215 1578 349 1608 —tua
374 1578 505 1617 tuaque
524 1573 628 1607 Boot.
648 1595 692 1598 —
719 1576 761 1606 18
777 1585 854 1616 sqq.
876 1573 1084 1617 Epistulam
1104 1556 1253 1617 sepaiat
1272 1573 1438 1607 Schmidt
1459 1574 1546 1608 ‘Der

215 1595 489 1654 B—riefwechsel'
517 1632 551 1664 p.
573 1623 639 1653 279
656 1632 706 1663 sq.
735 1622 772 1653 et
797 1623 876 1663 488,
903 1631 1011 1663 quem
1038 1620 1204 1663 sequitur
1228 1620 1369 1663 Tyr-rell
1389 1631 1443 1664 ep.
1465 1624 1544 1664 580,

216 1667 312 1711 vulg.
341 1667 568 1700 continuant.
594 1688 639 1691 —
665 1670 709 1699 23
739 1678 850 1710 neque
880 1667 972 1701 enim
1003 1677 1087 1700 curo
1115 1666 1153 1699 in
1178 1667 1344 1710 parenth.
1371 1666 1543 1701 Wesenb.

216 1714 272 1747 Ad
291 1717 456 1757 p.16.14.
471 1735 516 1738 —
537 1717 579 1746 25
600 1714 742 1747 Scribes
762 1712 886 1755 Orelli,
900 1713 1036 1757 Baiter,
1051 1713 1204 1757 Tyrrell,
1220 1713 1396 1756 Schmidt,
1410 1714 1545 1748 scribas

215 1760 331 1802 codd,
356 1760 545 1802 Wesenb.,
572 1760 674 1793 Boot.
724 1760 783 1793 Ad
807 1772 842 1804 p.
863 1763 1011 1794 375.19.
1051 1781 1095 1784 —
1133 1763 1176 1793 29
1202 1765 1305 1803 atque
1330 1760 1436 1794 etiam
1460 1763 1546 1804 post

214 1808 320 1841 etiam
346 1807 428 1840 add.
450 1806 564 1849 Koch,
590 1806 773 1849 Wesenb.,
799 1806 900 1850 prob.
928 1806 1031 1840 Boot.
1077 1804 1127 1840 Cf.
1150 1806 1197 1839 ad
1217 1819 1250 1850 p.
1271 1810 1326 1840 49.
1348 1809 1401 1840 23.
1429 1827 1474 1831 —
1499 1811 1542 1841 31

214 1866 243 1887 V.
261 1853 414 1887 Schiche
434 1853 556 1887 Herm.
577 1853 694 1886 XVIII
713 1865 747 1897 p.
768 1857 835 1887 594
856 1855 893 1886 et
912 1857 979 1886 614
999 1853 1093 1897 CIV
1106 1853 1189 1887 oder
1208 1853 1280 1886 III
1292 1853 1388 1887 Non.
1405 1853 1544 1898 Ma2·.⁷),

217 1899 384 1934 Schmidt
425 1912 458 1944 p.
486 1903 572 1943 488,
616 1900 760 1934 ineunte
796 1911 910 1934 mense
947 1899 1053 1933 Maio
1090 1899 1227 1941 Baiter,
1264 1899 1436 1933 Wesenb.

260 1947 305 1981 P.
324 1946 414 1981 382.
435 1950 537 1990 12sq.
570 1958 599 1980 v.
628 1946 782 1980 Schiche
807 1946 928 1980 Herm.
948 1946 1067 1979 XVIII
1093 1949 1158 1980 589
1186 1948 1223 1979 et
1248 1949 1314 1979 614
1340 1947 1443 1990 CIII
1461 1947 1547 1981 oder

211 1994 306 2036 prid.
339 1994 435 2027 Non.
470 1993 613 2036 Mai.’),
647 1992 814 2026 Schmidt
845 2003 898 2036 ep.
926 1996 1010 2034 582,
1047 1992 1188 2035 Tyrrell
1214 2002 1268 2035 ep.
1291 1995 1367 2026 582.
1400 1993 1544 2027 Priores

215 2039 318 2073 editt.
345 2039 441 2073 hanc
461 2040 567 2084 epist.
588 2039 686 2072 XXX
694 2039 773 2072 VIII
793 2050 814 2072 a
833 2038 977 2072 faciunt
990 2042 1030 2080 §g
1045 2042 1064 2071 3
1080 2041 1116 2072 et
1129 2042 1151 2071 4
1164 2038 1345 2082 epistulae
1360 2039 1546 2073 XXXVIII

214 2087 359 2128 praeter
384 2086 566 2129 Bootium,
593 2086 656 2129 qui
682 2085 848 2129 sequitur
867 2085 1086 2119 Schichium.
1107 2106 1151 2110 —
1178 2089 1221 2118 20
1247 2090 1342 2120 sunt
1360 2085 1545 2129 Wesenb,

215 2131 357 2174 Tyrrell
381 2132 485 2166 falso.
520 2133 561 2166 V.
583 2133 630 2166 ad
657 2136 733 2166 106.
750 2136 780 2167 9.
807 2152 852 2156 —
878 2135 921 2165 23
948 2132 1105 2165 liberalis
1128 2132 1175 2166 sit
1199 2131 1363 2176 Ursinus,
1391 2133 1544 2177 Tyr-rell,

213 2179 235 2221 †
256 2179 408 2212 maoeime
439 2180 690 2213 liberalissima
720 2177 911 2221 Wesenb.,
944 2178 1023 2211 sine
1055 2189 1160 2212 cruce
1185 2179 1295 2221 Boot,
1321 2190 1546 2222 quamquam

217 2225 313 2257 ‘cum
347 2224 527 2259 Gronovio
559 2227 711 2260 maxime
743 2225 899 2259 liberalis
925 2224 1159 2258 scribendum
1185 2226 1335 2268 censet',
1361 2226 1546 2271 deleqerim

213 2271 378 2313 maxime,
404 2283 495 2315 quae
520 2276 568 2306 est
595 2272 844 2307 liberalissima
869 2271 1048 2314 Lambin,
1074 2271 1209 2316 Baiter,
1236 2271 1412 2307 Schmidt.
1433 2293 1478 2297 —
1501 2275 1544 2306 25
