1665 2553
133 183 153 213 3

186 77 241 117 92
610 75 658 110 Μ.
686 75 828 110 TULLI
854 74 1102 110 CICERONIS

272 171 331 212 Te
370 185 443 212 oro
483 173 524 212 et
562 171 756 226 obsecro,
799 169 843 211 T.
876 169 1103 225 Pomponi,
1146 170 1182 212 si
1222 184 1289 212 me
1327 170 1525 212 omnibus

182 229 468 284 amplissimis,
501 229 730 270 carissimis
762 229 1163 283 iucundissimisque
1191 229 1318 270 rebus
1349 229 1526 283 perfidia

179 288 403 330 hominum
433 288 674 342 spoliatum,
707 288 743 328 si
770 301 837 328 1116
858 302 881 328 6
899 287 1005 328 111618
1032 287 1282 328 6011811161118
1309 288 1526 342 proditum

181 350 223 388 et
254 347 489 401 proiectum
520 346 654 401 vides,
693 347 729 387 si
759 345 973 400 intellegis
1004 360 1070 387 me
1107 349 1318 401 coactum,
1354 349 1403 387 ut
1433 346 1524 400 ipse

179 420 247 447 me
279 408 321 447 et
350 420 467 446 meos
499 405 728 459 perderem,
759 407 808 445 ut
833 418 899 445 me
925 407 998 445 tua
1023 404 1310 446 misericordia
1334 404 1452 446 iuves
1479 407 1521 446 61

181 463 388 513 Quintum
426 464 619 518 fratrem,
668 463 740 517 qui
780 465 924 517 potest
965 477 1054 504 esse
1095 463 1253 518 salvus,
1301 466 1525 517 sustentes,

181 522 424 564 Terentiam
464 522 706 576 liberosque
747 535 863 562 meos
904 524 1066 577 tueare,
1109 536 1192 576 me,
1238 522 1273 562 si
1315 524 1442 576 putas
1482 524 1525 563 te

180 581 279 622 istic
315 581 522 635 visurum,
564 582 798 635 exspectes,
837 580 873 621 si
911 580 1071 635 minus,
1108 581 1284 635 invisas,
1323 580 1359 621 si
1390 583 1525 635 potes,

181 639 371 694 mihique
403 654 453 681 ex
487 653 588 694 agro
627 642 701 680 tuo
742 641 911 680 tantum
943 639 1156 694 adsignes,
1194 641 1398 693 quantum
1430 653 1524 680 meo

181 712 356 752 corpore
389 698 583 751 occupari
615 700 770 752 potest,
802 700 843 737 et
875 711 1030 751 pueros
1063 697 1114 738 ad
1144 712 1210 738 me
1242 712 1337 738 cum
1366 697 1523 738 litteris

183 772 309 810 quam
340 757 525 810 primum
562 759 603 797 et
636 771 763 811 quam
802 755 1047 809 saepissime
1084 756 1241 797 mittas.
1302 755 1415 797 Data
1445 767 1525 797 XVI

181 814 274 856 Kal.
309 814 529 856 Octobres.

810 931 900 973 XX.

369 1012 444 1047 Ser.
474 1012 747 1047 Thessalonicae
771 1012 836 1046 IV
857 1013 954 1046 Non.
985 1011 1056 1046 Oct.
1084 1023 1115 1045 α.
1145 1014 1217 1046 696
1244 1013 1335 1056 (58).

182 1093 350 1129 CICERO
387 1094 420 1129 S.
453 1094 495 1129 D.
530 1093 570 1135 Q.
598 1092 813 1128 CAECILIO
848 1091 887 1134 Q.
921 1092 959 1127 F.
992 1092 1311 1128 POMPONIANO
1338 1092 1523 1137 ATTICO,

182 1166 294 1219 quod
335 1165 504 1219 quidem
543 1165 604 1205 ita
648 1179 738 1206 esse
783 1167 824 1205 et
868 1164 1123 1205 avunculum
1165 1167 1288 1205 tuum
1330 1165 1524 1205 functum

184 1239 274 1265 esse
314 1224 454 1265 officio
492 1223 860 1264 vehementissime
903 1221 1057 1277 probo,
1100 1222 1279 1276 gaudere
1322 1237 1388 1263 me
1431 1226 1524 1264 tum

183 1283 335 1337 dicam,
377 1283 412 1323 si
453 1281 560 1322 mihi
598 1281 679 1322 hoc
718 1282 847 1323 verbo
885 1281 1030 1322 licebit
1067 1281 1141 1321 uti.
1203 1280 1272 1322 Me
1305 1281 1522 1322 miserum!

183 1356 310 1395 quam
342 1341 483 1381 omnia
516 1343 657 1381 essent
693 1354 744 1381 ex
776 1340 1002 1394 sententia,
1041 1339 1076 1379 si
1107 1339 1231 1380 nobis
1265 1339 1448 1396 animus,
1487 1340 1522 1381 si

183 1399 425 1454 consilium,
457 1399 493 1440 si
524 1399 626 1439 fides
659 1413 821 1452 eorum,
855 1399 1009 1452 quibus
1042 1398 1311 1453 credidimus,
1341 1413 1427 1439 non
1458 1398 1523 1439 de-

182 1458 351 1499 fuisset!
414 1456 528 1506 Quae
570 1457 767 1512 colligere
804 1457 923 1510 nolo,
963 1471 1015 1497 ne
1056 1471 1233 1511 augeam
1272 1471 1523 1512 maerorem3

182 1517 253 1557 sed
284 1516 365 1557 tibi
396 1516 538 1557 venire
571 1516 616 1556 in
646 1518 832 1556 mentem
864 1518 978 1556 certo
1012 1515 1116 1569 scio,
1156 1529 1261 1569 quae
1292 1515 1381 1556 vita
1412 1518 1523 1557 esset

179 1577 340 1631 nostra,
372 1589 479 1629 quae
512 1574 712 1629 suavitas,
744 1589 850 1628 quae
884 1574 1080 1628 dignitas.
1124 1573 1192 1614 Ad
1218 1587 1324 1627 quae
1355 1588 1522 1627 recupe-

179 1634 322 1688 randa,
346 1648 421 1687 per
445 1633 656 1674 fortunas!
683 1633 889 1685 incumbe,
916 1636 963 1673 ut
983 1632 1098 1685 facis,
1124 1632 1317 1685 diemque
1335 1632 1521 1673 natalem

178 1692 340 1733 reditus
373 1692 455 1733 mei
481 1706 580 1733 cura
604 1694 653 1732 ut
678 1692 724 1732 in
749 1691 834 1732 tuis
862 1691 1035 1732 aedibus
1062 1690 1369 1731 amoenissimis
1397 1704 1520 1745 agam
1541 1708 1555 1731 2

180 1753 320 1792 tecum
351 1753 393 1791 et
426 1765 520 1791 cum
551 1750 666 1791 meis.
728 1750 823 1804 Ego
861 1749 960 1790 huic
998 1749 1086 1803 spei
1125 1752 1166 1789 et
1204 1749 1520 1802 exspectationi,

181 1824 288 1863 quae
319 1809 445 1849 nobis
477 1809 749 1863 proponitur,
780 1808 960 1849 maxime
1004 1811 1147 1848 tamen
1182 1807 1297 1848 volui
1335 1810 1521 1860 praesto-

179 1868 259 1909 lari
302 1868 413 1921 apud
453 1870 495 1908 te
535 1867 581 1907 in
611 1867 765 1920 Epiro,
807 1867 877 1907 sed
918 1867 979 1906 ita
1019 1866 1070 1907 ad
1109 1880 1176 1906 1116
1216 1865 1433 1921 scribitur,
1472 1868 1522 1906 ut

179 1929 328 1979 putem
359 1940 449 1967 esse
482 1926 742 1967 commodius
773 1939 852 1966 nos
885 1925 1041 1965 eisdem
1072 1924 1116 1964 in
1147 1923 1250 1964 locis
1283 1937 1383 1964 esse.

1545 714 1579 738 10

1545 1099 1579 1125 15

1543 1416 1578 1439 20

268 1983 332 2025 De
364 1984 487 2025 domo
522 1987 562 2025 et
596 1982 793 2025 Curionis
827 1983 1035 2038 oratione,
1072 1984 1120 2022 ut
1152 1981 1314 2036 scribis,
1351 1981 1413 2022 ita
1445 1984 1519 2023 est.
1540 1998 1575 2024 30

177 2041 230 2082 In
260 2043 458 2084 universa
490 2042 646 2097 salute,
688 2042 724 2082 si
762 2056 808 2082 ea
839 2041 964 2082 modo
995 2040 1119 2081 nobis
1151 2040 1420 2096 restituetur,
1460 2040 1521 2080 111-

180 2104 303 2141 6111111
325 2101 482 2156 omnia3
516 2115 563 2142 ex
598 2100 752 2155 quibus
780 2099 890 2140 nihil
914 2099 1025 2139 malo
1053 2113 1179 2152 quam
1212 2098 1394 2139 domum.
1440 2097 1521 2139 Sed

178 2158 260 2199 tibi
285 2159 395 2199 1111111
419 2159 572 2200 111611ᾰο
598 2157 864 2212 nominatim,
895 2160 1035 2198 totum
1061 2171 1127 2197 me
1152 2159 1227 2198 tuo
1255 2156 1389 2198 amori
1408 2156 1520 2197 fidei-

181 2230 262 2270 que
294 2218 550 2259 commendo.

269 2273 388 2322 Quod
426 2278 468 2316 16
505 2277 550 2316 in
588 2278 708 2316 tanta
744 2274 977 2316 hereditate
1009 2273 1061 2314 ab
1100 2273 1215 2315 omni
1247 2272 1520 2326 occupatione

1540 2288 1572 2314 35
