1665 2553
183 103 207 144 8
212 103 239 143 2
610 101 658 135 M.
685 101 825 135 TULLI
852 100 1100 136 CICERONIS

827 254 878 295 X.

348 336 422 371 Ser.
452 336 725 371 Thessalonicae
750 335 854 369 XIV
875 334 923 368 K.
954 334 1074 379 Quint.
1102 347 1134 369 α.
1164 338 1236 370 696
1263 337 1355 379 (58).

609 415 777 451 CICERO
804 415 976 451 ATTICO
1004 416 1101 451 SAL.

270 488 380 530 Acta
406 504 512 543 quae
539 492 677 530 essent
704 502 838 543 usque
863 489 915 529 ad
934 500 1016 529 VIII
1040 487 1133 529 Kal.
1159 487 1317 543 Iunias,
1344 488 1524 542 cognovi

184 562 234 589 ex
266 548 352 588 tuis
384 548 559 602 litteris3
591 547 756 601 reliqua
788 547 1096 602 exspectabam,
1126 549 1174 588 ut
1205 547 1286 587 tibi
1316 546 1523 601 placebat,

183 606 516 648 Thessalonicae.
568 605 730 654 Quibus
763 606 913 646 adlatis
945 605 1110 646 facilius
1144 607 1331 646 statuere
1361 608 1524 660 potero,

182 665 257 705 ubi
289 665 380 705 sim.
439 664 563 719 Nam,
596 665 632 705 si
664 664 744 705 erit
776 678 913 719 causa,
945 665 982 705 si
1014 664 1115 718 quid
1146 666 1307 719 agetur,
1338 664 1375 704 si
1405 677 1524 717 spem

182 723 344 778 videro,
381 726 455 764 aut
491 723 649 764 ibidem
688 723 882 777 opperiar
920 726 992 763 aut
1029 737 1097 764 me
1138 723 1190 763 ad
1220 725 1262 763 te
1294 722 1522 776 conferam3

184 782 261 836 sin,
293 785 341 822 ut
372 784 420 822 tu
447 782 611 835 scribis,
640 781 725 822 ista
751 781 1011 836 evanuerint,
1043 781 1202 835 aliquid
1228 781 1343 821 aliud
1366 780 1523 821 videbi-

181 854 287 881 mus.
339 838 520 881 Omnino
555 840 690 881 adhuc
720 840 830 880 nihil
853 839 960 881 mihi
986 840 1236 895 significatis
1260 839 1344 880 nisi
1369 839 1523 880 discor-

183 899 294 939 diam
330 899 528 952 istorum3
567 913 674 953 quae
711 901 852 940 tamen
889 899 1000 940 inter
1038 913 1109 940 eos
1142 898 1190 939 de
1224 897 1420 939 omm’bus
1450 912 1523 951 po-

182 957 268 998 tius
310 957 436 998 rebus
482 960 545 998 est
584 972 711 1011 quam
748 958 797 998 de
833 972 910 998 me.
978 956 1147 1012 Itaque,
1190 957 1292 1011 quid
1334 971 1382 997 ea
1417 956 1523 997 mihi

182 1015 330 1069 prosit,
360 1015 516 1070 nescio,
547 1016 619 1056 sed
644 1019 799 1071 tamen,
831 1016 969 1069 quoad
992 1031 1059 1057 me
1084 1030 1159 1057 vos
1187 1029 1354 1069 sperare
1378 1015 1523 1070 vultis,

138 1108 153 1116 a
181 1074 304 1115 vobis
332 1074 645 1128 obtemperabo.
695 1073 818 1129 Nam,
851 1074 963 1128 quod
988 1089 1054 1115 me
1085 1077 1174 1114 tam
1207 1088 1329 1127 saepe
1361 1076 1403 1114 et
1434 1076 1522 1114 tam

182 1132 451 1173 vehementer
501 1133 702 1187 obiurgas
752 1136 792 1173 et
842 1133 981 1173 animo
1037 1133 1206 1173 infirmo
1263 1147 1352 1173 esse
1407 1131 1522 1186 dicis,

183 1204 352 1245 quaeso,
384 1191 544 1245 ecquod
575 1194 744 1232 tantum
774 1191 933 1231 malum
966 1194 1042 1246 est,
1074 1191 1186 1245 quod
1217 1191 1263 1231 in
1292 1205 1385 1231 mea
1417 1190 1522 1231 cala-

180 1249 330 1289 mitate
361 1263 449 1290 non
481 1250 564 1290 sit'?
618 1250 759 1304 ecquis
791 1264 993 1303 umquam
1023 1252 1112 1290 tam
1144 1263 1193 1290 ex
1219 1249 1360 1302 amplo
1394 1251 1522 1303 statu,

180 1310 270 1348 tam
295 1308 341 1348 in
365 1307 477 1348 bona
503 1322 640 1363 causa,
670 1308 803 1349 tantis
832 1308 1107 1349 facultatibus
1139 1307 1311 1362 ingenii,
1344 1307 1522 1361 consilii,

183 1366 362 1420 gratiae,
402 1367 534 1407 tantis
572 1367 794 1420 praesidiis
832 1367 1042 1407 bonorum
1081 1368 1270 1407 omnium
1310 1365 1521 1407 concidit?

182 1424 362 1465 Possum
403 1425 613 1479 oblivisci,
658 1426 731 1479 qui
767 1425 937 1480 fuerim,
978 1439 1066 1466 non
1104 1425 1276 1480 sentire,
1319 1425 1393 1478 qui
1430 1424 1522 1479 sim,

183 1497 266 1536 quo
297 1497 459 1523 caream
489 1483 663 1538 honore,
695 1498 778 1538 qua
811 1484 958 1539 gloria,
990 1483 1144 1538 quibus
1175 1483 1334 1538 h‘beris,
1366 1483 1520 1537 quibus

182 1542 385 1595 fortunis,
427 1556 510 1595 quo
548 1542 707 1583 fratre?
773 1541 905 1591 Quem
943 1556 1037 1597 ego,
1075 1544 1123 1583 ut
1159 1556 1318 1583 novum
1355 1541 1521 1582 calami-

182 1599 284 1640 tatis
323 1613 455 1654 genus
494 1601 705 1655 attendas,
744 1615 872 1655 quom
908 1601 1042 1654 pluris
1080 1601 1259 1641 facerem
1297 1614 1424 1654 quam
1454 1614 1521 1640 me

181 1658 323 1711 ipsum
356 1673 603 1713 semperque
634 1659 846 1714 fecissem,
882 1659 1015 1700 vitavi
1044 1673 1097 1699 ne
1127 1659 1329 1712 viderem,
1362 1672 1415 1699 ne
1447 1660 1520 1699 aut

180 1717 297 1757 illius
334 1717 497 1758 luctum
535 1718 857 1772 squaloremque
895 1718 1123 1771 aspicerem
1161 1720 1235 1758 aut
1270 1731 1354 1770 me,
1395 1730 1520 1770 quem
1557 1733 1572 1759 5

181 1775 253 1816 ille
284 1775 634 1817 florentissimum
665 1776 912 1830 reliquerat,
950 1776 1162 1830 perditum
1191 1775 1256 1816 illi
1288 1774 1521 1815 adflictum-

183 1848 262 1887 que
294 1834 499 1875 offerrem.
560 1834 689 1875 Mitto
722 1838 859 1876 cetera
890 1834 1192 1889 intolerabilia3
1230 1833 1385 1874 etenim
1416 1832 1520 1874 fletu

181 1892 398 1945 impedior.
460 1892 542 1934 Hic
579 1896 724 1934 utrum
760 1893 930 1934 tandem
970 1907 1064 1934 sum
1095 1892 1368 1946 accusandus,
1407 1891 1520 1946 quod

184 1950 322 2004 doleo,
361 1966 413 1991 an
452 1951 565 2005 quod
602 1952 810 2006 commisi,
847 1954 895 1992 ut
925 1951 1029 1992 haec
1060 1953 1133 1991 aut
1163 1965 1250 1991 non
1280 1950 1518 2003 retinerem,

1561 563 1577 589 5

1543 857 1577 882 10

1542 1150 1576 1175 15

1541 1441 1575 1466 20

183 2009 295 2061 quod
331 2009 453 2050 facile
490 2010 660 2063 fuisset,
697 2010 781 2050 nisi
817 2010 931 2050 intra
968 2009 1148 2063 parietes
1185 2022 1302 2049 meos
1341 2008 1389 2049 de
1425 2023 1519 2049 mea
1538 2026 1572 2051 30
1638 2017 1641 2056 j

182 2066 365 2119 pernicie
403 2068 580 2109 consilia
616 2068 844 2123 inirentur,
882 2070 955 2108 aut
986 2070 1098 2108 certe
1129 2067 1250 2108 vivus
1281 2081 1368 2108 non
1400 2067 1519 2107 amit-

182 2125 343 2165 terem?

269 2181 384 2223 Haec
410 2198 457 2224 eo
485 2185 645 2239 scripsi,
677 2186 726 2225 ut
750 2184 894 2238 potius
923 2183 1129 2224 relevares
1156 2197 1233 2238 me,
1266 2183 1378 2238 quod
1402 2183 1518 2238 facis,

182 2253 308 2292 quam
333 2244 380 2280 ut
407 2243 687 2296 castigatione
713 2246 786 2283 aut
812 2242 1107 2296 obiurgatione
1134 2242 1310 2297 dignum
1333 2244 1518 2296 putareS,

182 2311 314 2350 eoque
347 2299 398 2338 ad
429 2302 471 2341 te
503 2301 643 2342 minus
675 2301 810 2342 multa
842 2301 993 2355 scribo,
1026 2301 1138 2355 quod
1164 2304 1205 2341 et
1230 2314 1419 2341 maerore
1442 2299 1517 2340 im-
1537 2315 1570 2341 35
1634 2325 1635 2354 3
