1665 2553
256 70 344 110 316
679 70 727 105 M.
755 70 894 105 TULL]
923 69 1172 105 CICERONIS

252 164 480 206 Aenariam
511 166 692 207 transire
724 166 958 207 constituit.
1021 166 1256 208 Exsulibus
1287 167 1471 208 reditum
1501 168 1590 221 pol-

252 225 412 265 licetur.
465 223 545 265 Sed
570 225 672 265 haec
699 225 959 279 omittamus,
991 224 1039 265 de
1064 225 1188 266 nobis
1216 225 1377 279 aliquid
1403 240 1587 281 agamus.

205 294 224 323 ‘2
340 282 380 323 A
424 282 468 331 Q.
506 282 618 324 Axio
667 283 807 336 accepi
852 283 1027 324 litteras.
1100 283 1164 325 De
1209 284 1363 325 Tirone
1407 288 1589 339 gratum.

252 341 500 382 Vettienum
538 342 680 396 diligo.
742 341 941 382 Vestorio
983 342 1152 383 reddidi.
1217 341 1385 384 Servius
1416 359 1477 397 pr.
1504 343 1589 385 No-

251 415 328 440 nas
360 400 494 441 Maias
526 400 765 441 Menturnis
796 401 1001 441 mansisse
1033 401 1199 455 dicitur,
1230 401 1355 443 hodie
1386 402 1432 442 in
1456 401 1589 443 Liter-
1625 419 1644 445 5

251 459 353 500 nino
394 474 618 500 mansurus
658 459 768 513 apud
807 458 849 500 G.
877 459 1134 501 Marcellum.
1198 459 1301 501 Cras
1340 460 1473 515 igitur
1510 475 1588 502 nos

251 520 416 558 mature
453 518 613 558 videbit
653 518 842 584 mihique
874 518 992 558 dabit
1024 522 1320 573 argumentum
1352 519 1403 560 ad
1434 522 1476 560 te
1508 520 1590 573 epi-

253 577 398 617 stulae.
467 575 558 616 Iam
602 577 714 617 6111111
756 591 843 617 11011
886 577 1067 631 reperio,
1118 577 1229 631 quod
1273 578 1354 618 tibi
1399 578 1588 619 scribam.

252 634 362 675 Illud
395 626 590 689 admiror,
624 635 735 689 quod
763 635 978 676 Antonius
1010 636 1061 676 ad
1091 651 1157 677 me
1187 651 1240 677 ne
1270 636 1470 677 nuntium
1502 638 1591 691 qui-

253 693 364 748 dem,
402 709 496 734 cum
534 694 781 747 praesertim
818 709 885 735 me
922 695 1041 735 valde
1074 695 1319 736 observarit.
1381 695 1590 737 Videlicet
1610 713 1644 738 10

253 728 412 806 aliqiiid
444 753 628 793 atrocius
663 753 712 793 (16
742 767 808 793 1116
840 753 1094 807 imperatum
1127 756 1200 794 est.
1258 752 1411 795 Coram
1434 768 1589 809 negare

251 811 357 851 mihi
388 826 476 852 non
506 812 616 866 vult,
656 812 768 865 quod
801 825 877 866 ego
909 827 985 852 1166
1016 815 1244 867 rogaturus
1277 828 1392 854 eram
1422 827 1516 867 nec,
1555 813 1591 854 si

251 870 557 924 impetrassem,
590 871 838 911 crediturus.
888 869 979 912 Nos
1011 873 1154 911 tamen
1185 871 1346 925 aliquid
1379 872 1591 926 excogita-

205 939 224 968 3
251 929 403 969 bimus.
466 928 542 982 Tu,
575 943 750 983 quaeso,
789 930 824 969 si
856 929 956 983 quid
988 929 1032 970 in
1063 929 1296 983 Hispaniis.
1357 929 1447 971 Iam
1479 931 1590 971 enim

251 987 410 1041 poterit
449 988 603 1042 audiri,
647 990 688 1028 et
727 1002 872 1028 omnes
903 988 965 1028 ita
996 991 1260 1042 exspectant,
1303 991 1368 1044 ut,
1412 989 1448 1030 si
1479 992 1591 1030 recte
1610 1005 1643 1031 15

251 1046 398 1100 fuerit,
433 1046 543 1086 m'hss
573 1047 736 1100 negotii
767 1046 960 1087 futurum
992 1051 1153 1100 putent.
1215 1047 1310 1102 Ego
1345 1049 1485 1088 autem
1514 1062 1590 1089 nec

251 1105 427 1145 retentis
465 1105 519 1145 iis
560 1105 793 1145 confectam
825 1120 914 1146 rem
945 1108 1049 1158 puto
1080 1120 1217 1159 neque
1249 1106 1415 1147 amissis
1448 1107 1590 1160 despe-

252 1166 398 1203 ratam.
451 1161 602 1204 Silium
634 1166 676 1204 et
709 1162 893 1204 Ocellam
926 1167 967 1204 et
1000 1166 1161 1205 ceteros
1194 1165 1315 1205 credo
1342 1165 1588 1206 retardatos.

252 1221 309 1261 Te
342 1235 508 1274 quoque
541 1236 564 1261 a
597 1220 744 1261 Curtio
778 1222 972 1275 impediri
1004 1222 1135 1263 video.
1198 1222 1308 1278 Etsi,
1346 1226 1395 1264 ut
1428 1224 1590 1279 opinor,

250 1279 380 1320 habes
414 1279 696 1334 ἐπίσταθμον.
1610 1299 1644 1324 20

863 1397 977 1438 XIV.

468 1476 541 1512 Ser.
560 1478 601 1511 in
628 1477 788 1512 Cumano
822 1478 925 1512 VIII
944 1478 999 1512 Id.
1021 1478 1114 1511 Mart.
1135 1489 1167 1511 α.
1189 1481 1258 1513 705
1286 1480 1376 1523 (49).

653 1559 842 1594 CICERO
868 1560 1059 1594 ATTICO
1086 1560 1192 1594 SAL.

205 1641 222 1670 1
339 1628 373 1671 O
409 1631 541 1671 Vitam
566 1631 764 1671 miseram
788 1631 1010 1685 maiusque
1035 1632 1193 1672 malum
1218 1635 1306 1673 tam
1332 1632 1403 1672 diu
1428 1632 1589 1687 timere,

251 1703 377 1742 quam
403 1692 466 1729 est
492 1689 598 1729 illud
624 1689 776 1743 ipsum,
803 1690 916 1743 quod
942 1690 1134 1731 timetur!
1181 1690 1364 1744 Servius,
1390 1693 1437 1731 ut
1464 1693 1588 1732 antea
1608 1707 1643 1734 25

251 1747 418 1803 scripsi,
463 1762 558 1788 cum
602 1748 788 1788 venisset
826 1747 964 1789 Nonis
1003 1748 1148 1802 Maiis,
1191 1749 1395 1803 postridie
1433 1749 1485 1789 ad
1521 1764 1588 1790 me

248 1821 370 1847 mane
411 1806 538 1847 venit.
600 1805 665 1847 Ne
710 1807 870 1847 diutius
915 1809 957 1847 te
997 1810 1180 1861 teneam,
1222 1808 1381 1848 nullius
1420 1807 1589 1848 consilii

249 1864 409 1905 exitum
449 1865 698 1905 invenimus.
761 1864 1007 1918 Numquam
1045 1866 1131 1906 vidi
1168 1866 1385 1907 hominem
1425 1868 1588 1919 pertur-

248 1922 456 1964 batiorem
482 1926 615 1978 metu3
647 1938 783 1977 neque
808 1923 977 1964 hercule
1004 1925 1228 1978 quicquam
1254 1924 1446 1978 timebat,
1476 1924 1588 1978 quod

247 1995 333 2021 non
365 1984 475 2022 688613
500 1981 752 2035 timendum,
784 1982 905 2022 illum
931 1983 1014 2023 sibi
1040 1983 1208 2037 iratum,
1239 1982 1350 2023 hunc
1375 1997 1462 2024 non
1488 1983 1587 2023 ami-
1607 1999 1642 2025 30

247 2053 358 2093 cum,
401 2039 650 2081 horribilem
689 2040 910 2094 utriusque
943 2041 1163 2082 victoriam
1195 2055 1290 2082 cum
1322 2044 1497 2096 propter
1529 2041 1585 2082 al-

246 2097 379 2138 terius
433 2098 743 2152 crudelitatem,
793 2099 967 2139 alterius
1019 2100 1234 2140 audaciam
1278 2102 1370 2140 tum
1414 2102 1587 2153 propter

247 2156 469 2209 utriusque
494 2157 787 2198 difficultatem
813 2157 1114 2212 pecuniariam3
1141 2172 1247 2212 quae
1268 2158 1358 2199 erui
1377 2173 1587 2212 nusquam
1664 2165 1665 2199 1

245 2213 329 2254 11181
362 2229 412 2254 ex
444 2216 708 2268 privatorum
741 2216 864 2256 bonis
896 2219 1050 2269 posset.
1101 2216 1243 2270 Atque
1268 2217 1372 2257 11366
1397 2217 1458 2257 1133
1482 2216 1587 2257 111111-

245 2270 301 2310 tis
341 2285 435 2312 cum
472 2273 657 2314 lacrimis
690 2274 963 2329 loquebatur,
999 2277 1046 2315 ut
1079 2289 1156 2330 ego
1189 2275 1364 2316 mirarer
1397 2289 1466 2316 638
1497 2277 1585 2315 tam
1605 2290 1638 2316 35
1664 2256 1665 2317 1
