1665 2553
190 96 213 131 C
219 97 335 131 XXIV
670 97 950 132 ADNOTATIO
978 97 1163 132 CRITICA

191 191 295 226 codd.
317 191 415 234 Bosi,
441 191 596 236 L(mgo),
622 191 808 233 Wesenb,
835 191 938 225 Boot.
972 212 1017 216 —
1041 191 1091 225 Ib.
1113 203 1189 226 mea
1212 202 1302 235 pene
1326 192 1465 226 absente
1490 190 1529 224 M

190 240 400 282 (propterea
418 238 547 283 scripsi
563 243 733 282 apsente,
754 249 841 271 nam
856 250 878 272 a
891 249 979 281 pene
998 240 1055 272 est
1074 242 1240 283 apsente),
1254 239 1411 284 [paene]
1423 238 1528 281 Boot,

191 297 243 319 me
264 287 404 320 absewte
426 286 537 329 plane
563 285 684 319 Moser
708 296 830 329 progr.
852 284 937 318 Ulm
964 288 1051 319 1851
1078 297 1112 329 p.
1136 289 1166 319 8.
1193 307 1238 310 —
1259 289 1300 319 21
1322 297 1352 319 v.
1375 284 1529 318 Schiche

191 331 312 366 Herm.
340 332 458 365 XVIII
482 344 517 376 p.
541 335 626 371 614,
663 331 830 365 Schmidt
855 344 889 376 p.
913 335 996 374 520,
1042 331 1185 376 Tyri-el]
1217 342 1272 376 ep.
1295 335 1378 375 643,
1415 343 1530 366 mense

196 379 318 423 Quint.
339 379 477 421 Baiter,
504 378 676 412 Wesenb.
705 399 747 404 —-
783 383 824 412 27
852 379 1024 413 daturum
1050 380 1136 412 ante
1161 379 1256 413 Daci
1281 379 1365 412 add.
1385 378 1531 422 Tyri-eil

192 425 403 470 (Perhaps,
436 425 588 467 indeed,
626 425 657 459 it
693 425 724 459 is
758 427 822 459 not
855 425 1065 469 absolutely
1096 436 1291 469 necessary
1323 427 1361 459 to
1394 425 1530 469 supply

193 473 404 517 datm-unffi).
437 494 483 497 —
515 475 558 506 28
584 473 762 517 inteyrmn
787 472 861 507 est?
899 472 1066 506 Schmidt
1091 474 1231 506 certum
1256 483 1336 506 esse
1362 474 1529 506 statuens

196 519 283 553 ‘Der
308 519 583 553 Briefwechsel’
620 531 653 563 p.
677 523 743 552 329
771 518 982 552 Ciceronem
1012 519 1184 563 ignorare
1215 520 1260 553 de
1291 519 1413 553 reditu
1438 519 1528 552 Var-

193 566 302 600 ronis.
359 566 464 600 Unde
503 566 637 600 scimus
674 577 747 599 non
785 566 976 610 scripsisse
1014 566 1194 600 Atticum:
1248 566 1383 601 ‘Hodie
1417 567 1531 600 veniet

200 614 335 655 Varrm·
371 614 523 648 simulac
552 614 702 655 venerit,
740 613 871 647 dabffl?
909 634 952 638 —
991 616 1035 646 29
1067 614 1141 648 nisi
1172 624 1256 656 scr.,
1288 614 1321 647 si
1352 613 1456 647 codd.
1488 614 1531 646 ut

194 673 227 704 p.
244 664 364 700 5231,
386 664 528 701 10622,
549 664 693 702 39814,
715 664 845 693 54513
861 661 941 701 eto,
955 660 1016 694 sed
1026 660 1179 701 Manut.,
1193 659 1329 701 Baiter,
1344 659 1530 702 VVesenb,

196 707 378 749 Schmidt,
417 708 481 741 etsi
511 706 630 750 Klotz,
663 707 767 749 Boot,
794 706 950 750 Tyr-rell,
975 707 1106 741 seilicet
1132 706 1299 740 Schmidt
1323 706 1416 741 Phil.
1440 710 1529 740 1898

195 766 227 797 p.
252 757 328 787 188.
385 755 395 796 ΙΙ
451 754 496 788 Ρ.
518 753 607 788 422.
629 757 647 786 2
681 764 719 787 eo
749 755 835 797 post
866 754 977 787 audio
1009 754 1093 787 add.
1115 753 1300 795 Wesenb.,
1332 753 1426 787 Boot
1451 753 1529 787 scil.

194 802 257 835 hoc
296 800 547 834 accusativum
585 811 665 833 esse
700 800 853 844 opinati.
893 821 936 825 -
976 805 995 834 6
1027 812 1057 834 V.
1087 800 1240 834 Schiche
1272 800 1392 834 Herm.
1414 800 1531 833 XVIII

195 860 227 892 p.
251 852 317 881 612
339 849 376 881 et
396 851 474 890 615,
502 847 669 880 Schmidt
693 859 726 891 p.
748 851 827 889 521,
854 847 997 891 Tyrrell
1023 858 1077 891 ep.
1095 851 1172 890 657,
1198 848 1239 881 in
1262 847 1403 882 Pascal.
1417 858 1531 882 mense

199 894 339 938 Qm'nct.
367 894 557 936 Wesenb,
591 894 669 927 sine
701 894 780 927 loco
814 896 851 927 et
882 896 1046 938 tempore
1077 894 1214 928 Baiter.
1254 915 1298 918 —
1338 897 1380 927 13
1412 895 1532 936 furere

196 941 364 985 Makrsp„
390 941 499 985 vulg„
518 943 635 983 faeere
660 941 764 974 codd.
793 941 854 980 (ad
879 953 913 985 p.
937 943 1069 984 170.9),
1096 940 1274 983 Schmidt,
1299 942 1413 975 iacere
1438 941 1529 976 coni.

196 988 384 1021 Lehmann
413 988 635 1022 ‘Jahresben
657 988 720 1021 des
746 987 874 1031 philol.
896 987 1064 1021 Vereins>
1095 991 1184 1021 1888
1210 1000 1243 1032 p.
1266 991 1344 1030 258,
1374 987 1452 1028 ‘Qu
1473 988 1530 1030 fa-

195 1047 268 1069 cere
293 1038 303 1078 (
307 1046 347 1068 or
372 1036 498 1077 iacere)
526 1035 745 1078 maximeque
770 1035 810 1067 in
835 1035 1007 1068 σοφιυτῗυίίς
1032 1035 1203 1075 convicia,
1229 1045 1269 1067 or
1287 1035 1398 1076 facete
1417 1046 1529 1079 aqere,

196 1082 252 1115 for
275 1082 405 1124 faeere’
423 1081 505 1114 adn.
522 1081 674 1124 TyrrelI.
693 1102 737 1105 —
754 1085 795 1114 17
817 1080 863 1114 ἄν
885 1081 967 1114 add.
988 1081 1125 1123 Baiter,
1148 1080 1331 1123 WVesenb„
1353 1081 1530 1123 Schmidt,

196 1128 355 1172 TyrrelI,
388 1129 593 1163 ΦΟΒΕΡΑΝ
622 1129 680 1162 ΗΝ
707 1128 754 1161 M.
782 1149 826 1152 —
853 1131 895 1160 26
911 1139 963 1170 sq.
988 1128 1151 1170 Offilium
1181 1128 1223 1161 de
1254 1128 1418 1161 auctione
1446 1139 1530 1171 pro-

195 1176 402 1218 scribenda;
439 1175 599 1218 equidem
631 1185 713 1208 cum
749 1176 836 1207 vett.
866 1174 1038 1208 IVesenb.
1087 1195 1123 1198 —
1172 1177 1215 1207 28
1230 1186 1281 1217 sq.
1309 1174 1531 1218 Tyr-rellium

196 1224 343 1255 secutus
383 1233 464 1255 sum
494 1221 606 1254 verba
636 1224 914 1264 παρενθετικῶς
941 1221 1135 1254 scribentis
1168 1232 1241 1255 non
1272 1220 1350 1255 sine
1383 1221 1530 1255 dubita--

197 1269 315 1310 tione,
342 1271 462 1302 totum
488 1268 609 1302 locum
635 1268 871 1301 emendatum
898 1278 976 1301 esse
1003 1279 1075 1301 non
1102 1268 1219 1301 credo.
1270 1268 1329 1300 Ad
1353 1279 1387 1312 p.
1412 1272 1528 1302 1614.

196 1337 240 1340 ψ
266 1315 315 1349 Ib.
337 1316 413 1360 [et]
444 1315 614 1348 Wesenb.
638 1315 683 1348 de
714 1315 855 1348 Baiteri
888 1314 1108 1348 coniectura.
1147 1335 1192 1340 —-
1229 1318 1273 1348 30
1305 1315 1345 1348 in
1371 1315 1464 1349 diem
1488 1327 1532 1349 em

196 1363 253 1396 (lie
280 1374 365 1404 scr.,
398 1364 438 1396 in
468 1362 561 1396 diem
587 1362 680 1396 diem
705 1361 804 1403 MO2,
832 1373 913 1395 cum
940 1372 1044 1395 cruce
1071 1361 1248 1403 Schmidt,
1274 1362 1366 1395 diem
1392 1360 1530 1395 ZRO¹P

196 1409 398 1452 (Lehmann
424 1409 500 1442 Att.
521 1421 555 1452 p.
579 1411 633 1451 37,
654 1412 709 1450 42,
733 1412 810 1448 138,
832 1410 924 1453 183),
951 1408 1059 1452 vulg,
1086 1409 1126 1442 m
1151 1409 1243 1442 diem
1268 1409 1310 1442 cle
1335 1408 1392 1442 die
1412 1408 1530 1450 Klotz,

196 1456 348 1499 Tyrrell.
399 1456 458 1489 Sic
484 1456 566 1498 quis
593 1455 792 1499 scripserit,
824 1455 959 1497 nescio,
984 1456 1132 1499 praeter
1157 1455 1426 1489 ecclesiasticos
1452 1455 1531 1499 (sed

194 1503 234 1536 hi
272 1503 313 1537 de
349 1503 407 1536 die
444 1503 484 1536 in
521 1503 643 1545 diem),
682 1503 722 1536 in
758 1503 851 1535 diem
883 1513 925 1536 ατ
955 1502 1012 1536 die
1042 1503 1187 1544 differre
1217 1501 1402 1535 invenitur
1433 1501 1531 1535 infra

195 1562 228 1593 p.
252 1553 328 1583 553.
351 1554 406 1588 24,
438 1550 577 1583 iussisti
602 1550 721 1583 adesse
747 1547 823 1582 Cat.
845 1548 951 1593 frgm.
972 1561 1007 1593 p.
1030 1552 1083 1582 63.
1105 1553 1137 1590 4,
1164 1549 1256 1582 diem
1281 1549 1323 1583 de
1348 1549 1405 1582 die
1430 1548 1531 1592 apud

196 1596 339 1630 Livium
360 1596 535 1639 aliosque.
558 1617 602 1620 —
623 1600 666 1629 32
687 1597 816 1630 etiam
843 1598 907 1629 aut
931 1596 1042 1629 idem
1061 1596 1247 1629 Vestorio?
1290 1596 1301 1639 ΙΙ
1343 1595 1388 1629 Ρ.
1403 1594 1493 1629 423.
1509 1599 1529 1628 2

165 1646 167 1648 ’
198 1656 225 1677 v.
249 1643 417 1677 Schmidt
435 1647 559 1686 p.521,
580 1644 673 1687 Amy.
689 1645 711 1676 4
730 1638 874 1686 Tyrrell
895 1653 947 1686 ep.
966 1646 1043 1683 658,
1064 1643 1234 1677 zwischen
1254 1642 1334 1675 XV
1349 1642 1427 1675 und
1446 1641 1533 1675 XII

197 1691 289 1725 Sext.
312 1690 466 1723 Schiche
492 1689 613 1723 Herm.
630 1689 746 1723 XVIII
759 1693 883 1733 p.615,
903 1700 1018 1723 mense
1046 1689 1159 1733 Quint
1194 1688 1330 1729 Baiter,
1357 1687 1529 1721 Wesenb.

197 1758 239 1762 —
265 1741 286 1770 4
314 1737 524 1781 Epicurios
549 1736 702 1780 Tyr-rell,
729 1737 890 1780 epicuros
909 1736 952 1769 M.
990 1736 1047 1769 Ad
1072 1748 1105 1780 p.
1130 1739 1205 1769 150.
1228 1739 1257 1768 8.
1286 1756 1330 1759 -
1357 1739 1375 1768 9
1403 1735 1530 1769 Sed—

197 1782 391 1827 ἑπέστησεν
410 1784 448 1817 in
469 1783 637 1827 parenth.
654 1783 825 1816 Wesenb.
859 1782 917 1815 Ad
936 1794 970 1826 p.
988 1786 1105 1816 1614.
1121 1803 1166 1807 —-
1182 1785 1224 1815 10
1244 1783 1267 1827 †
1281 1782 1373 1816 euim
1392 1781 1528 1823 Baiter,

196 1831 290 1864 Boot
321 1830 421 1874 prob.
457 1830 571 1864 Orelli
604 1830 695 1864 coni.
723 1830 804 1875 Egyo
836 1831 1008 1863 minime
1033 1829 1203 1873 quiequid
1234 1849 1279 1853 —
1310 1832 1424 1872 potest
1455 1839 1530 1871 ap-

194 1879 345 1921 probo,
373 1877 540 1911 Schmidt
566 1876 657 1910 coni.
679 1877 760 1920 Eyo
786 1887 865 1911 vero
884 1887 1060 1920 respuam.
1082 1897 1127 1900 —
1148 1879 1189 1909 13
1205 1879 1337 1918 potest
1357 1886 1426 1908 esse
1444 1875 1528 1918 imp.

197 1934 215 1957 e
241 1924 325 1957 Iacl.
348 1924 519 1957 WVesenb.
564 1923 623 1956 Ad
636 1927 823 1967 p.117.17,
850 1926 993 1957 457.33.
1017 1944 1059 1947 —
1081 1926 1123 1956 14
1149 1922 1394 1965 ιἰιάίςαῖγῐεςμιε
1419 1921 1532 1955 Bruti

196 1970 463 2014 Wesenbergio
499 1972 648 2004 auctore
685 1970 787 2003 Boot.
841 1968 891 2002 Cf.
912 1981 945 2013 p.
968 1972 1045 2002 426.
1069 1973 1122 2002 31.
1170 1989 1215 1993 —
1265 1972 1307 2001 32
1346 1968 1531 2002 Asturam

198 2016 358 2050 'Wesenb
374 2046 380 2058 ,
395 2018 499 2059 Boot,
514 2016 666 2060 Tyr-rell.
680 2037 724 2041 —
738 2016 789 2049 Ib.
805 2017 837 2050 δι’
850 2018 934 2059 post
947 2016 1079 2049 Caesar
1093 2015 1218 2049 collon.
1234 2014 1377 2058 Tyri-el]
1390 2014 1493 2048 tacit.
1519 2015 1530 2057 11

244 2063 290 2097 P.
304 2063 394 2098 424.
410 2068 428 2097 2
450 2076 480 2097 V.
503 2063 670 2097 Schmidt
682 2067 806 2107 p.522,
833 2062 976 2105 Tyri-cll
991 2065 1135 2105 ep.659,
1156 2062 1328 2095 mischen
1342 2062 1445 2095 XIV
1454 2061 1532 2095 und

198 2109 265 2142 XI
286 2110 372 2143 Kal.
394 2110 488 2144 Sem.
512 2110 665 2144 Schiche
691 2109 812 2143 Herm.
829 2109 946 2142 XVIII
965 2121 999 2152 p.
1017 2112 1094 2150 615,
1120 2119 1235 2142 mense
1257 2107 1378 2151 Quint.
1393 2108 1530 2149 Baiter,

198 2155 369 2189 Wesenb.
397 2177 441 2181 —-
470 2161 512 2190 15
540 2157 733 2196 Παλλάδος
759 2155 883 2197 Orelli,
910 2155 1046 2195 Baiter,
1074 2166 1155 2188 cum
1182 2165 1287 2188 cruce
1311 2155 1422 2196 Boot,
1448 2155 1531 2197 περὶ

198 2201 391 2241 Παλλάδος
418 2203 462 2236 de
490 2203 604 2237 Orelli
631 2203 722 2237 coni.
744 2201 929 2243 WVesenb,
952 2200 1220 2244 Ἀπολλοδώρου
1240 2201 1364 2235 Hirzel
1387 2201 1530 2235 ‘Unter—

198 2248 412 2292 suchungen
433 2261 476 2282 zu
498 2249 568 2283 Cic.
583 2250 716 2294 philos.
733 2249 930 2283 Schriften’
946 2248 962 2281 Ι
975 2260 1008 2292 p.
1025 2252 1104 2290 212,
1123 2248 1224 2291 prob.
1242 2247 1396 2282 Schiche
1409 2247 1532 2281 Herm.

197 2294 316 2328 XVIII
334 2307 368 2338 p.
386 2299 464 2337 607,
492 2296 659 2330 Schmidt
681 2297 767 2329 ‘Der
785 2294 1059 2329 Briefwechsel'
1081 2306 1114 2338 p.
1131 2299 1209 2337 366,
1235 2293 1373 2334 παντός
1393 2294 1537 2329 Gurlitt.
