1665 2553
612 115 650 149 P.
671 118 868 149 421—426.
1279 113 1406 148 CXXV

65 221 186 254 progr.
208 208 364 253 Steglitz
380 211 468 243 1898
483 213 569 252 p.11
582 220 634 252 sq.
656 210 693 243 et
712 208 806 243 Phil.
823 212 914 242 1898
928 212 1039 253 p.398
1049 220 1127 252 sqq.
1154 210 1264 251 recte,
1287 208 1403 242 credo.

67 278 110 281 —
139 260 179 291 17
207 268 236 290 ν.
259 255 427 290 Schmidt
451 267 486 299 p.
502 260 580 297 523,
607 255 751 299 Tyrrell
771 266 825 300 ep.
841 259 926 298 660,
953 257 1125 290 zwischen
1145 256 1258 289 XIII
1271 256 1348 289 und
1369 255 1409 288 X

67 304 154 337 Kal.
181 303 276 338 Sext.
303 302 457 337 Schiche
488 302 606 336 Herm
643 303 760 336 XVIII
785 315 820 347 p.
841 307 926 344 615,
965 314 1080 337 mense
1113 302 1236 347 Quint.
1268 302 1406 343 Baiter,

66 350 237 384 Wesenb.
266 371 310 374 —
338 354 379 383 19
406 350 512 384 Itane
537 349 710 384 nuntiat?
742 349 823 384 edd.
846 352 887 384 ut
913 349 1009 383 Petr.
1032 353 1097 383 105
1112 349 1179 392 in.,
1206 349 1299 384 Plin.
1330 351 1404 383 nat.

65 397 152 431 hist.
173 397 257 430 XIX
278 401 308 440 7,
335 396 414 430 Sen.
445 398 558 430 contr.
576 401 660 431 21.4
675 398 712 430 et
726 401 757 440 9,
778 400 962 441 30.14e21.,
983 396 1097 438 Quint
1117 396 1208 431 decl.
1230 400 1407 441 p.139.24

67 446 149 487 etc,
175 446 273 478 recte
300 455 369 477 v.c.
396 456 430 487 p.
447 447 568 487 4939,
595 447 737 486 503.21,
765 443 875 478 divin.
897 444 930 477 Π
951 447 1070 487 3268,
1095 447 1310 479 4O.83a.eX.
1350 443 1409 476 Ad

65 495 198 526 50826
225 512 270 516 —-
296 495 337 524 21
366 490 538 524 Wesenb.
568 491 658 524 coni.
684 492 742 525 hic
773 492 852 534 (aut
882 492 958 535 hoe)
990 495 1109 525 autem
1139 492 1316 525 insalsum
1342 494 1408 524 est.-

67 539 130 573 ubi
150 540 215 572 aut
232 542 273 573 at
291 538 436 572 stultum
459 540 542 579 estf,
563 538 656 571 Boot
673 538 749 572 Hic
767 543 884 572 autem
903 543 944 572 at
961 539 1110 580 ficturus
1129 542 1190 579 est,
1208 538 1272 572 ubi
1291 538 1406 571 intue-

67 586 165 620 bitur
189 587 324 629 φιλοτ.,
351 584 519 618 Schmidt
545 596 610 618 scr.
638 585 714 619 Hie
739 589 857 619 autem
881 590 921 619 ut
949 585 1109 628 ‘futilum
1135 585 1238 626 est’l,
1264 583 1408 628 Tyrrell

67 632 143 667 Hic
161 631 304 667 autem?
328 632 383 665 Tu
406 632 568 674 ‘futilum
587 632 661 666 est’.
683 653 728 656 —
749 636 791 665 23
810 633 965 675 faciant
983 632 1137 675 Manut,
1152 632 1287 665 Baiter.
1304 653 1349 656 -
1363 635 1407 664 24

66 684 129 714 est
148 683 272 714 auctor
290 678 476 720 WVesenb„
496 679 598 712 Boot.
614 699 654 704 —
679 682 722 712 26
742 680 793 713 At
812 678 1001 722 WVesenb„
1021 679 1124 713 Boot.
1159 679 1217 712 Ad
1235 691 1270 723 p.
1286 682 1405 712 2512.

68 748 113 751 —
140 730 182 760 27
209 727 441 771 cleyustasses
466 725 490 759 Ι.
508 726 562 759 Fr.
581 726 754 768 Gronov,
788 727 940 760 recentt.
973 728 1120 770 praeter
1151 725 1343 767 Wesenb„
1376 725 1406 758 is

67 774 307 818 †cle9ustasse
341 772 433 806 coni.
456 774 658 817 deyustasse
690 777 721 807 te
754 774 819 806 aut
851 774 1079 818 cleyastasses.
1114 794 1158 797 ——
1190 776 1234 806 30
1269 784 1409 807 sutmna

70 820 153 854 add.
183 821 269 854 ante
294 820 494 853 acrimonia
521 819 697 862 Schmidt,
728 819 880 863 Tyri-eil,
909 821 1154 865 †Acrun0ma
1180 830 1199 853 e
1220 818 1245 853 C
1270 819 1407 860 Baiter,

70 867 231 901 Wesenb
247 895 255 907 ,
281 867 485 900 Acranoma
510 866 546 909 Z,
572 866 677 900 Boot.
705 888 749 891 —
777 871 819 900 32
846 864 1082 911 κεκέκφωμαι
1101 866 1243 909 Bosius,
1269 866 1407 907 Baiter,

71 914 253 955 Schmidt,
292 912 452 957 Tyr-rell,
492 914 710 948 ΚΕΦΦΩΜΑ
737 913 790 955 M,
829 925 1010 957 κεπφωμα
1035 924 1150 958 marg.
1173 912 1287 955 Crat,
1326 925 1409 946 cum

72 972 177 995 cruce
203 960 374 994 WVesenb.
402 980 447 984 —-
474 963 518 993 34
543 971 657 994 mone
684 960 774 994 coni.
796 960 899 994 Boot.
933 963 944 1005 Η
981 961 1026 995 Ρ.
1042 959 1131 995 425.
1148 965 1167 994 2
1194 972 1224 994 V.
1241 960 1408 994 Schmidt

70 1020 94 1052 p
127 1012 205 1050 523,
231 1007 374 1050 Tyrrell
394 1017 448 1050 ep.
462 1010 540 1049 661,
567 1007 739 1041 zwisehen
752 1008 842 1040 XII
856 1008 933 1041 und
952 1008 1016 1041 IX
1029 1008 1115 1042 Kal,
1137 1008 1231 1042 Sext.
1253 1006 1407 1040 Schiche

70 1055 192 1088 Herm.
213 1053 330 1087 XVIII
354 1065 388 1097 p.
412 1056 495 1096 615,
529 1065 643 1088 mense
671 1055 792 1098 Quint.
812 1054 956 1097 Baiter,
990 1054 1160 1088 WVesenb.
1200 1075 1245 1079 ——
1283 1058 1302 1087 5
1338 1065 1408 1088 esse

72 1104 158 1136 ante
177 1106 209 1136 et
226 1113 261 1135 se
281 1101 365 1134 add.
380 1100 564 1143 Wesenb.,
584 1101 688 1143 Boot,
709 1100 852 1145 Tyrrell
871 1101 1029 1135 fortasse
1049 1111 1131 1135 vere
1153 1101 1242 1134 item
1262 1102 1304 1134 ut
1323 1113 1352 1134 V.
1365 1104 1405 1134 17

70 1161 126 1184 res
149 1153 210 1183 est
234 1148 371 1190 Baiter,
397 1147 581 1189 Wesenb.,
608 1148 710 1183 Boot.
733 1169 778 1173 —-
799 1151 841 1182 18
867 1153 1036 1183 commeat
1055 1147 1181 1190 Orelli,
1207 1147 1335 1181 Baiter
1362 1147 1405 1181 cf.

71 1208 105 1240 p.
127 1199 276 1237 233.35,
308 1194 372 1228 ubi
404 1196 502 1228 recte
536 1194 709 1228 dicuntur
740 1196 890 1230 crebro
926 1196 1064 1230 litterae
1088 1206 1296 1234 commeare,
1334 1205 1408 1227 una

73 1242 233 1287 epistula
259 1241 305 1275 ab
333 1241 456 1284 aliquo
484 1252 687 1275 commeare
713 1253 786 1276 non
811 1244 952 1286 potest,
986 1253 1053 1276 nec
1078 1242 1214 1276 rectius
1241 1241 1409 1275 Schmidt

73 1300 229 1333 eumque
255 1291 401 1322 secutus
427 1288 571 1332 Tyrrell
595 1294 764 1324 commeat
789 1290 931 1333 vesperi.
963 1310 1008 1313 —
1035 1293 1078 1323 26
1098 1290 1208 1323 habeo
1226 1290 1312 1332 post
1331 1289 1409 1332 qai-

73 1337 150 1371 dem
182 1336 265 1370 add.
292 1336 385 1369 Boot
418 1336 452 1368 ‘e
486 1335 562 1368 cod.
590 1335 776 1377 Lambini,
815 1336 914 1379 quod
952 1336 1140 1369 commode
1172 1336 1301 1369 abesse
1335 1346 1409 1369 non

71 1394 180 1428 posse
206 1382 492 1426 Wesenbergius
519 1382 727 1416 observavit
745 1383 896 1416 Emend.
911 1395 945 1427 p.
963 1383 1056 1416 111⁷.
1078 1404 1123 1407 ——
1144 1386 1187 1416 32
1208 1383 1410 1417 rectissime

74 1430 258 1471 Wesenb.,
277 1430 381 1471 Boot,
402 1429 545 1472 Tyrrell
564 1439 619 1473 ep.
636 1434 713 1471 681,
734 1431 839 1464 rectis
857 1441 988 1464 summe
1007 1430 1055 1464 M.
1089 1430 1148 1462 Ad
1166 1441 1201 1473 p.
1218 1434 1295 1463 252.
1313 1433 1366 1463 15.
1400 1430 1411 1472 Ιί

121 1477 167 1511 P.
187 1476 277 1510 426.
300 1480 340 1509 11
373 1477 456 1510 velle
482 1475 640 1519 Tyrrell,
679 1477 770 1519 †m'l
794 1476 985 1520 WVesenb„
1025 1476 1103 1511 sine
1135 1487 1240 1510 cruce
1272 1476 1409 1517 Baiter,

73 1525 152 1558 vult
175 1523 265 1557 coni.
287 1523 396 1563 Boot,
433 1534 498 1556 scr.
521 1522 697 1557 Schmidt.
724 1545 769 1548 —
802 1528 843 1557 12
871 1523 918 1567 μὴ
945 1523 1102 1565 σκόρόου
1127 1523 1280 1567 Tyri-eli.
1327 1522 1411 1556 ‘We

74 1571 151 1604 find
180 1570 219 1604 in
245 1569 447 1603 Gaisford’s
473 1569 799 1614 Paroemiographi
826 1570 990 1613 Graeci',
1022 1570 1155 1614 inquit,
1184 1570 1283 1604 ‘that
1307 1570 1411 1603 there

74 1628 151 1651 was
171 1628 192 1650 a
212 1616 364 1660 proverb
385 1615 447 1650 ἵνα
467 1616 515 1660 μὴ
536 1615 694 1659 σκόροδα
715 1616 806 1661 μηδὲ
827 1616 990 1660 κυάμους
1009 1619 1067 1660 (sc.
1095 1617 1216 1661 φάγω)
1236 1617 1412 1659 meaning

78 1665 132 1698 ‘so
157 1664 241 1698 that
265 1663 281 1696 I
305 1674 391 1707 may
415 1665 481 1696 not
499 1665 563 1707 get
581 1664 717 1707 myself
733 1664 811 1698 into
832 1664 1021 1706 trouble’',
1049 1665 1342 1698 ΜΙΑΕΚΟΡΔΟΥ
1363 1664 1410 1705 Μ,

77 1723 159 1745 cum
197 1721 301 1744 cruce
333 1710 433 1753 edd,
466 1710 614 1743 Eatar?
650 1709 897 1745 ἀδιασκεπτόν
930 1710 1070 1744 Gurlitt
1100 1721 1222 1755 progr.
1256 1710 1411 1754 Steglitz

79 1761 167 1792 1898
181 1761 279 1802 p.12.
300 1779 345 1782 ——
368 1761 408 1790 15
430 1769 459 1790 v.
482 1756 636 1790 Schiche
656 1757 777 1791 Herm.
801 1757 918 1791 XVIII
931 1761 1043 1801 p.608
1054 1769 1117 1800 sq.,
1139 1761 1217 1799 614,
1245 1757 1412 1791 Schmidt

75 1809 198 1849 p.524,
225 1804 368 1848 TyrreII
387 1815 431 1847 ep
457 1807 535 1845 644,
556 1815 671 1838 mense
692 1804 812 1848 Quint.
834 1804 970 1845 Baiter,
993 1807 1091 1846 (ante
1110 1805 1216 1846 Idus)
1238 1803 1410 1837 Wesenb.

77 1873 122 1876 —
148 1856 191 1885 23
217 1863 246 1885 v,
269 1851 436 1885 Schmidt
460 1863 494 1894 p.
517 1854 595 1893 525,
622 1850 765 1894 TyrreII
791 1862 845 1895 ep.
868 1854 946 1890 646,
973 1850 1127 1884 Schiche
1156 1850 1278 1884 Herm.
1294 1850 1413 1883 XVIII

76 1911 111 1942 p.
127 1902 193 1932 608
220 1898 385 1932 adnectit
411 1897 592 1941 epistulae
618 1897 732 1930 XLIII
757 1899 800 1943 (v.
823 1897 861 1931 O.
877 1897 916 1931 E.
933 1897 1101 1931 Schmidt
1125 1909 1158 1941 p.
1177 1899 1270 1941 320),
1296 1908 1411 1931 ‘mense

81 1945 200 1989 Quint.
220 1945 363 1986 Baiter,
394 1947 524 1987 (mense
549 1944 641 1988 Sept.
662 1949 744 1978 ante
775 1944 907 1987 Idas&
935 1944 1106 1978 WVesenb.
1142 1965 1186 1968 —
1226 1948 1268 1977 25
1299 1943 1328 1977 Ο
1353 1954 1411 1977 me

79 1993 227 2025 auctore
257 1992 398 2032 Baiter,
438 1991 592 2034 Tyrrell,
630 1991 819 2025 Lehmann
851 1992 926 2025 Att.
957 2003 992 2035 p.
1016 1995 1099 2024 138:
1147 1991 1252 2034 ‘post'
1288 1992 1330 2034 (V.
1354 1993 1411 2033 21)

80 2039 216 2072 ‘suavis
239 2037 353 2072 habet
372 2038 420 2080 M,
442 2049 549 2081 posco
574 2039 696 2072 suavis
721 2038 759 2071 in
786 2038 826 2080 Ο,
842 2038 882 2080 R,
899 2038 926 2071 P
946 2037 1140 2071 invenitur.
1180 2037 1315 2080 Ecquis
1344 2040 1410 2079 est,

79 2085 143 2128 qui
169 2084 295 2118 credat
315 2087 351 2118 Σ
371 2085 418 2118 ab
444 2085 551 2118 initio
573 2089 655 2128 post
678 2086 800 2119 suavis
825 2084 1011 2125 habuisse,
1038 2086 1118 2117 tum
1137 2083 1239 2117 istud
1260 2095 1279 2118 ο
1299 2084 1410 2118 inter-

78 2131 267 2176 polatione
297 2131 491 2173 insertum,
525 2131 683 2174 denique
722 2142 765 2165 ex
791 2137 874 2175 post
909 2142 928 2165 o
960 2131 1132 2164 effectum
1163 2140 1242 2164 esse
1263 2132 1408 2174 posca?

79 2179 129 2212 At
154 2177 320 2211 Schmidt
347 2178 433 2212 ‘Der
456 2178 729 2212 Briefwechsel'
758 2191 790 2222 p.
807 2182 885 2211 457.
904 2182 921 2211 1
951 2179 1049 2211 certo
1072 2177 1141 2210 scit
1160 2177 1279 2211 verbis
1301 2177 1411 2211 aliter

81 2225 207 2258 divisis
233 2225 297 2267 ita,
323 2227 365 2258 ut
389 2225 608 2258 vocabulum
622 2230 704 2268 post
721 2225 871 2258 initium
890 2224 1029 2257 faceret
1048 2224 1276 2267 insequentis
1298 2235 1411 2258 enun-

78 2271 181 2315 tiati,
220 2281 263 2304 ex
295 2281 337 2304 eo
369 2272 578 2305 coniectura
609 2271 751 2305 factum
782 2282 861 2305 esse
888 2282 994 2314 poseo
1026 2273 1063 2304 et
1089 2271 1267 2314 scriptum
1293 2272 1410 2305 biduo.

80 2318 204 2362 Posco,
223 2317 262 2351 in
281 2328 352 2360 quo
367 2317 475 2361 fallit,
496 2318 567 2352 nisi
586 2318 765 2352 mentitur
778 2318 967 2352 Lehmann
986 2317 1025 2351 in
1040 2317 1114 2351 suis
1131 2318 1319 2352 codicibus
1335 2329 1413 2352 esse
