1689 2572
7 2266 9 2275 κ
8 2195 9 2199 Α
7 2163 10 2168 -
5 1967 14 2145 «vx-„045

691 105 729 139 P.
752 108 900 140 29-39.
1397 104 1463 139 XV

129 197 297 240 Gronov,
325 198 423 241 quod
448 197 571 240 miror,
597 197 782 240 Wesenb,
809 198 912 241 Boot,
939 208 984 232 ne
1008 198 1079 232 ‘bis
1100 198 1213 232 idem'
1243 199 1397 233 dicatur.
1419 220 1455 224 —

129 249 171 279 19
205 245 292 279 meis
319 246 425 279 ‘rebus
451 245 642 278 Lehmann
668 255 712 278 ex
737 244 887 289 optimis
915 245 990 279 suis
1020 245 1219 288 codicibus,
1251 247 1356 280 rebus
1380 247 1465 280 meis

127 291 224 336 vulg.
259 312 304 316 —
337 296 380 325 22
407 293 478 333 ita,
510 292 649 326 tametsi
673 293 723 326 eis
749 291 826 325 cod.
848 291 962 332 Med.,
995 292 1077 335 alii,
1109 292 1297 327 Hofmann
1323 303 1377 337 ep.
1400 293 1462 326 sel.

129 338 183 372 ed.
204 338 230 381 I,
257 339 280 372 i.
302 342 325 373 t.
344 339 400 373 his
426 338 487 383 (ad
512 350 546 382 p.
569 342 624 372 37.
641 340 699 383 37)
723 338 925 372 Buecheler
947 338 986 380 Q.
1003 337 1075 373 Cic.
1091 341 1163 383 pet.
1178 352 1213 384 p.
1231 344 1283 374 51.
1301 345 1332 382 9,
1359 340 1463 382 Boot,

127 386 181 419 ita
204 389 323 420 tamen
347 386 379 420 si
404 386 453 420 eis
480 385 544 418 alii
571 385 695 428 codd„
729 386 847 429 Atque
872 386 926 420 ita
952 390 1070 420 tamen
1094 387 1141 421 iis
1165 386 1345 429 Lambin,
1372 386 1463 420 Leh-

128 442 256 475 mann,
288 433 311 466 i.
333 436 356 467 t.
377 433 433 466 his
457 432 600 474 Baiter,
633 432 785 476 Tyrrell,
811 433 834 466 i.
857 436 879 466 t.
902 433 981 467 istis
1007 432 1179 467 WVesenb.
1207 455 1252 458 —
1279 438 1322 467 24
1347 433 1463 479 [Epi-

129 479 316 524 charmus]
342 479 499 521 Manut,
536 479 672 521 Baiter,
707 478 872 523 Tyrrell.,
900 490 968 513 om.
990 479 1095 523 Boot,
1122 480 1321 514 Lehmann.
1349 501 1394 505 ——
1420 484 1461 513 31

129 537 198 560 esse
223 526 345 569 eodd.,
377 526 518 568 Baiter,
551 525 710 570 Tyr-rell,
743 525 949 568 Lehmann,
983 537 1066 560 cum
1092 538 1197 561 cruce
1223 527 1327 569 Boot,
1353 528 1466 569 fuisse

128 572 301 606 Wesenb.
324 594 368 597 —
389 577 433 607 34
459 573 504 606 in
523 584 611 607 eam
631 584 776 607 causam
796 573 961 607 additum
979 578 1011 607 ct
1037 574 1255 616 infartam
1275 578 1324 608 est
1345 576 1464 618 (essm)

130 631 162 653 α.
184 619 226 653 P.
255 619 406 654 Servilio
437 620 513 662 filio
544 619 694 663 Madvig
718 619 808 653 Adv.
829 619 879 652 ΠΙ
903 632 937 664 p.
962 623 1026 653 167
1043 632 1112 663 sq.,
1151 621 1252 664 prob.
1274 621 1464 654 Lehmann

131 665 352 700 ‘Jahresben
375 667 438 700 des
470 666 560 710 phil.
581 666 748 700 Vereins'
778 669 866 700 1888
892 679 926 711 p.
949 669 1026 709 284,
1054 667 1119 701 sed
1149 667 1249 701 idem
1274 667 1312 700 in
1339 668 1393 701 ed.
1415 667 1465 700 VI

129 713 235 756 epist.
258 713 320 747 sel.
342 714 418 747 sine
447 724 558 748 causa
582 713 745 757 explicat
771 713 881 747 ‘ohne
907 713 1077 748 Absicht'
1108 714 1249 758 (malim
1277 714 1462 758 ‘Zweok’).

131 758 181 793 Cf.
203 760 296 793 Phil.
318 759 451 793 VHI4.
475 764 517 793 12
550 771 640 804 quccc
671 771 781 794 causa
811 760 940 795 iustior
975 765 1024 795 est
1060 761 1141 795 belh·
1173 762 1321 806 gerendi
1357 773 1464 805 quam

128 807 308 841 servitutis
338 806 547 850 depulsio&
580 806 673 840 Plin.
700 806 868 840 XXXVH
889 810 906 840 1
934 818 1045 841 causa
1069 819 1303 852 yemmarwn,
1342 808 1463 842 Iuven.

130 857 160 887 8.
192 857 237 887 84
269 857 418 897 propter
453 854 564 888 vitam
599 854 742 887 vivendi
772 854 920 897 perdere
957 865 1088 888 causas
1126 856 1168 898 (V.
1202 854 1463 897 Friedlaend.),

131 899 193 934 Sil.
215 899 298 933 XHI
319 904 384 934 519
411 901 504 934 vitae
528 900 594 934 tibi
619 911 729 934 causa
755 901 890 935 labore-s·
913 901 1089 935 humanos
1108 901 1239 936 iuvisse
1258 902 1340 944 fuit,
1366 902 1465 935 infra

129 959 162 991 p.
186 949 339 988 24215,
367 950 444 980 248.
467 950 527 988 293
554 946 597 980 cf.
622 947 668 979 ad
694 959 728 990 p.
746 950 822 980 526.
841 951 894 981 14.
916 968 961 971 —
980 947 1031 981 Ib.
1048 948 1184 990 factum
1209 959 1297 983 csse
1316 948 1419 982 Boot.
1453 948 1465 995 Η

176 993 221 1027 Ρ.
242 992 306 1028 35.
329 997 347 1027 7
374 993 567 1027 Panormi
591 992 775 1035 Wesenb,
801 994 904 1027 Boot.
937 1015 983 1018 —
1016 998 1057 1028 15
1083 996 1130 1029 sit
1154 995 1263 1039 vulg,
1289 995 1321 1029 si
1347 995 1463 1037 codd,

131 1039 200 1074 del.
222 1039 380 1084 Tyrrell,
415 1039 614 1073 Lehmann.
665 1039 748 1074 Non
779 1040 938 1073 multum
963 1040 1134 1083 interest,
1172 1042 1248 1085 sed,
1274 1043 1316 1075 ut
1339 1042 1464 1086 placet
1490 1072 1497 1075 .

129 1099 160 1120 v.
182 1090 237 1129 16,
264 1087 316 1121 sic
342 1086 403 1120 hic
429 1086 602 1130 displicet
622 1088 746 1130 potius
772 1088 930 1121 laudare.
975 1088 1225 1131 Vitupcremur
1252 1090 1375 1122 autem
1401 1089 1462 1122 ab-

131 1133 281 1167 surdum
317 1133 410 1167 mihi
446 1133 592 1167 videtur
630 1144 725 1176 esse,
763 1133 836 1167 nisi
874 1134 1095 1178 interrogari
1131 1146 1276 1169 mecum
1308 1137 1461 1169 statuas.

130 1180 298 1223 Denique
322 1180 452 1213 malim
477 1181 598 1215 aliena
625 1191 736 1223 quam
761 1181 847 1214 alia.
868 1201 913 1206 —
939 1185 983 1214 33
1008 1182 1142 1227 [mihi]
1161 1181 1303 1226 Tyrrell
1329 1193 1384 1226 ep.
1407 1186 1461 1216 26.

133 1226 291 1261 ‘Vellem
328 1227 508 1261 insertum
544 1228 626 1269 tibi,
665 1227 722 1261 vel
751 1227 875 1271 potius
909 1227 1072 1261 deletum
1107 1229 1226 1271 mihi’,
1264 1229 1395 1272 inquit.
1453 1230 1464 1275 ³!

179 1274 225 1308 P.
246 1274 310 1308 36.
325 1277 345 1307 S
371 1275 445 1308 iam
470 1285 538 1308 om.
563 1274 731 1318 'priores’
755 1274 957 1319 <Lehmann
977 1275 1053 1308 Att.
1067 1287 1101 1319 p.
1119 1277 1188 1319 67),
1215 1275 1342 1309 seclus.
1358 1276 1461 1310 Boot.

130 1341 176 1345 —-
208 1324 250 1355 18
283 1325 320 1355 et
350 1322 541 1355 mehercule
565 1321 674 1363 Boot,
716 1321 799 1355 ‘hoc
830 1321 928 1354 enim
958 1323 1001 1355 ut
1032 1321 1180 1366 gravius
1213 1322 1462 1366 superioribus

132 1367 357 1412 adiungitur,
382 1367 532 1401 minime
558 1378 640 1401 vero
666 1367 742 1401 inis
768 1368 993 1412 opponitur’.
1026 1369 1176 1413 Ignorat
1201 1369 1317 1414 igitur
1343 1371 1380 1403 et
1404 1370 1464 1404 sed

131 1415 169 1447 et
193 1418 311 1449 tamen
335 1425 408 1448 non
432 1425 514 1448 raro
541 1414 594 1448 sic
612 1414 710 1458 poni.
749 1414 790 1448 V.
806 1415 903 1448 infra
922 1427 955 1459 p.
974 1419 1049 1449 108.
1068 1419 1121 1458 11,
1144 1419 1220 1449 137.
1237 1420 1292 1459 21,
1314 1420 1390 1450 140.
1408 1420 1462 1459 27,

133 1464 209 1494 141.
230 1464 286 1503 35,
314 1464 390 1494 142.
407 1464 462 1503 25,
490 1465 566 1494 262.
581 1465 635 1503 31,
662 1464 739 1495 455.
756 1465 810 1503 30,
838 1465 915 1505 504,
939 1465 980 1495 17
996 1464 1034 1495 eb
1053 1466 1108 1505 21,
1135 1465 1285 1506 51318,
1313 1466 1390 1496 530.
1407 1467 1462 1506 24,

132 1510 209 1541 555.
234 1510 292 1549 153
330 1511 384 1541 46.
406 1511 438 1550 3,
465 1511 518 1541 76.
542 1511 596 1550 17,
623 1512 676 1542 33.
701 1511 732 1551 7,
761 1512 836 1541 173.
861 1512 915 1550 14,
942 1512 1020 1542 337.
1043 1513 1097 1551 26,
1123 1512 1201 1543 413.
1228 1513 1279 1551 11,
1306 1514 1383 1544 420.
1408 1514 1462 1551 23,

131 1557 208 1587 431.
225 1557 279 1596 31,
302 1558 379 1588 434.
399 1558 453 1596 22,
475 1558 551 1588 456.
568 1558 599 1597 3,
619 1558 746 1597 457.1,
767 1559 844 1589 499.
861 1559 922 1596 27,
950 1555 997 1588 ad
1016 1555 1102 1589 fam.
1117 1568 1151 1600 p.
1169 1559 1245 1590 297.
1262 1560 1316 1599 23,
1338 1556 1461 1590 Plane.

133 1604 185 1634 11.
208 1604 251 1634 27
265 1612 323 1643 in,
355 1600 474 1635 Deiot.
496 1605 526 1635 9.
549 1605 604 1643 26,
631 1605 684 1635 14.
705 1606 749 1634 40
763 1613 822 1644 111.,
848 1602 941 1635 Phil.
963 1602 1046 1635 ΧΠΙ
1071 1606 1101 1636 8.
1126 1607 1166 1636 16
1183 1614 1248 1646 sq.,
1274 1603 1463 1636 Lehmann

132 1646 295 1688 Quaestt.
322 1659 356 1691 p.
379 1652 433 1682 64.
473 1668 518 1673 —
555 1652 599 1681 24
637 1649 908 1683 emistimassem
945 1649 1067 1691 codd.,
1105 1649 1251 1692 Baiter,
1290 1649 1461 1683 Wesenb.

130 1693 284 1736 Vereor,
321 1705 366 1728 ne
403 1705 476 1728 non
507 1694 626 1728 verius
658 1695 743 1728 fam.
764 1694 814 1728 IV
835 1698 864 1729 5.
888 1699 975 1729 2eX.
1011 1706 1031 1729 e
1065 1696 1253 1730 codicibus
1281 1696 1464 1730 scribatur

132 1741 281 1775 minoris
312 1742 462 1776 ewistz'm.
490 1752 601 1784 quam
626 1741 695 1785 leg.
719 1752 793 1786 agr.
815 1742 847 1774 Π
870 1746 921 1776 15.
943 1746 987 1775 40
1014 1744 1143 1786 quanti
1168 1745 1214 1786 (p.
1238 1747 1315 1776 203.
1338 1744 1372 1785 8)
1401 1744 1465 1776 aut

131 1786 222 1821 Mur.
246 1791 298 1821 16.
321 1791 365 1821 34
391 1790 438 1832 (p.
460 1792 537 1821 315.
560 1790 593 1831 2)
621 1789 723 1822 tanti.
776 1787 814 1829 Q.
837 1787 908 1822 Cic.
931 1790 1003 1833 pet.
1027 1793 1056 1822 7.
1079 1793 1122 1823 26
1156 1801 1281 1833 magyne
1312 1790 1462 1823 existim.

133 1833 210 1867 cod.
236 1833 354 1868 Berol.
393 1855 438 1859 —
474 1834 524 1868 Ib.
546 1839 664 1869 tamen
695 1846 762 1868 om.
790 1835 862 1878 Ml,
900 1838 942 1869 ut
972 1836 1134 1876 videtur,
1174 1836 1289 1878 solus,
1327 1835 1464 1877 Baiter,

130 1879 316 1922 Wesenb.,
342 1881 470 1915 seclus.
491 1882 593 1915 Boot.
620 1902 665 1906 -——
690 1885 734 1915 35
755 1882 903 1916 Plzvz‘lton
926 1882 1082 1926 Hilberg
1109 1882 1274 1915 (117101101-
1294 1882 1462 1916 Studien’

130 1925 215 1959 XHI
238 1939 272 1971 p.
295 1931 360 1961 327
377 1939 472 1971 sqq,
506 1929 662 1972 phinton
692 1928 756 1962 Ml.
801 1930 812 1972 ΙῙ
861 1929 906 1963 Ρ.
927 1929 990 1963 37.
1013 1933 1032 1962 8
1058 1929 1151 1963 idem
1182 1929 1236 1969 M,
1275 1928 1465 1963 Lehmann

132 1971 295 2013 Quaestt.
309 1986 344 2017 p.
361 1978 415 2016 33,
436 1975 511 2008 iam
530 1975 611 2008 edd.
633 1996 678 1999 —
699 1979 740 2008 16
763 1986 779 2009 e
798 1980 880 2017 (om.
902 1975 953 2015 M>
975 1976 1101 2010 Gallia
1120 1977 1287 2009 Ἰηῑιηΐῖέῖνί
1305 1975 1464 2019 Ernesti,

131 2018 273 2063 Baiter,
306 2020 491 2063 Wesenb,
524 2021 666 2065 Tyrrell
692 2021 844 2066 &fuerat
870 2022 1019 2065 quidem
1047 2022 1213 2055 nuntiare?
1237 2023 1367 2066 yallz'a,
1401 2023 1465 2056 sed

135 2065 180 2098 ab
219 2066 297 2100 ead.
331 2078 377 2101 m.
416 2067 523 2111 signa
563 2068 692 2102 addita
730 2071 831 2111 sunt,
864 2071 906 2102 ut
944 2068 1055 2101 verba
1092 2070 1463 2113 transpooerentur’).

132 2132 178 2136 —
203 2116 245 2145 37
271 2114 326 2147 his
353 2113 484 2157 Orelli,
516 2115 618 2148 Boot.
665 2113 716 2148 Cf.
738 2128 772 2159 p.
795 2120 848 2149 22.
873 2119 928 2157 23,
962 2119 1015 2148 34.
1039 2119 1093 2156 22,
1127 2118 1180 2148 72.
1203 2119 1258 2158 34,
1286 2118 1464 2159 (114.19,)

134 2162 209 2192 131.
233 2162 287 2201 17,
320 2163 396 2194 132.
420 2165 473 2202 15,
509 2165 584 2195 153.
608 2165 649 2194 12
671 2163 709 2195 et
729 2165 783 2203 37,
819 2165 895 2195 133.
920 2165 973 2203 13,
1010 2165 1086 2195 239.
1111 2165 1152 2194 13
1174 2164 1212 2195 et
1232 2166 1288 2205 23,
1321 2166 1398 2196 247.
1423 2166 1464 2195 13

133 2206 170 2238 et
189 2208 244 2247 23,
277 2209 353 2239 342.
376 2209 417 2240 17
439 2209 476 2241 et
496 2211 550 2250 22,
584 2211 660 2242 372.
685 2212 715 2250 3,
743 2212 820 2242 375.
850 2212 904 2249 19,
936 2211 1014 2241 334.
1040 2212 1094 2250 22,
1127 2211 1204 2242 402.
1227 2212 1281 2251 35,
1308 2212 1386 2242 431.
1409 2212 1464 2252 30,

131 2254 209 2285 447.
233 2254 274 2285 13
295 2254 332 2285 et
352 2257 406 2295 28,
444 2258 522 2288 476.
544 2258 606 2296 27,
649 2258 727 2288 433.
751 2258 805 2297 15,
843 2258 921 2288 439.
944 2258 976 2296 2,
1015 2253 1154 2288 Cluent.
1178 2259 1255 2289 175.
1278 2259 1332 2297 23,
1373 2255 1464 2289 Sest.

132 2301 185 2332 23.
209 2302 263 2339 15,
289 2298 374 2332 fam.
398 2303 426 2333 1.
450 2304 502 2334 18.
558 2303 569 2344 ΙΙ
626 2301 671 2336 Ρ.
692 2301 755 2335 39.
778 2305 821 2334 10
850 2312 899 2335 me
924 2301 1065 2335 habent
1091 2303 1127 2335 Σ
1147 2302 1234 2335 Rav.
1263 2302 1462 2347 (Lehmann
