1665 2553
4 462 24 492 ῖ
51 461 120 493 (XV
140 462 168 493 1)

76 1070 93 1100 1
128 1071 168 1102 (2)

73 1421 94 1451 2
129 1420 167 1453 (3)

78 1947 98 1977 3
131 1946 169 1980 (4)

191 61 279 102 450
620 61 669 95 Μ.
696 60 838 94 TULLI
864 60 1113 95 CICERONIS

194 157 409 211 equidem,
438 157 519 198 etsi
551 156 631 196 tibi
663 156 858 197 dederam
890 156 1105 209 superiore
1138 157 1319 210 epistula
1350 157 1536 211 cogitan-

194 216 305 257 dum.
368 215 432 256 Tu
464 218 605 256 autem
643 215 764 268 quasi
801 215 886 255 iam
922 218 1168 268 recuperata
1204 230 1248 256 re
1279 215 1447 269 publiea
1478 216 1536 256 vi-

193 275 298 315 cinis
331 274 418 315 tuis
445 273 786 314 Massiliensibus
817 288 893 314 sua
924 274 1073 314 reddis.
1124 273 1238 314 Haeo
1264 275 1403 328 armis,
1430 289 1536 328 quae

195 348 321 387 quam
346 333 468 374 firma
488 332 732 386 habeamus,
758 332 922 386 ignoro,
942 333 1112 373 restitui
1138 333 1318 374 fortasse
1343 335 1536 387 possunt,

193 392 446 433 auctoritate
477 405 563 432 non
595 393 784 444 possunt.
1574 408 1590 433 5

281 449 482 504 Epistula
514 450 668 505 brevis,
699 463 805 503 quae
836 452 985 503 postea
1017 465 1041 490 a
1072 453 1114 490 te
1146 450 1303 503 scripta
1329 452 1406 505 est,
1437 464 1536 490 sane

192 509 299 550 mihi
336 509 418 549 fuit
449 508 631 549 iucunda
673 508 721 548 de
753 508 878 548 Bruti
921 508 972 548 ad
1003 508 1239 549 Antonium
1277 511 1318 549 et
1350 508 1399 549 de
1432 508 1537 548 eius-

193 568 287 608 dem
313 568 365 608 ad
396 570 436 607 te
463 567 631 607 litteris.
692 566 823 607 Posse
849 567 1045 607 videntur
1077 582 1166 608 esse
1191 567 1379 621 meliora,
1410 581 1536 620 quam

193 626 328 667 adhue
352 626 537 666 fuerunt.
584 625 680 667 'Sed
705 625 841 675 nobis,
873 625 947 666 ubi
975 625 1107 666 simus
1134 628 1176 666 et
1202 640 1285 680 quo
1311 626 1395 667 iam
1426 640 1537 666 nuno

191 699 270 726 nos
303 685 582 739 conferamus,
613 684 920 738 providendum
952 687 1025 726 est.
1557 702 1591 726 ιο

823 824 914 866 XV.

457 904 531 939 Ser.
555 905 593 939 ιή
619 905 820 939 Puteolano
848 904 894 938 K.
917 904 1012 939 Mai.
1034 917 1066 938 α.
1090 908 1160 939 710
1189 907 1276 949 (44).

597 986 790 1021 CICERO
815 986 1006 1021 ATTICO
1032 987 1138 1021 SAL.

283 1059 317 1100 O
356 1060 581 1101 mirificum
631 1059 901 1100 Dolabellam
948 1061 1105 1100 meum!
1154 1059 1239 1100 iam
1289 1060 1400 1100 enim
1444 1060 1534 1101 dieo

192 1133 351 1172 meum3
402 1122 543 1173 antea,
594 1119 712 1159 crede
757 1118 880 1172 mihi,
923 1118 1263 1159 subdubitabam.
1336 1118 1536 1173 Magnam
1556 1135 1590 1161 15

193 1177 502 1231 ἀναθεώρησιν
533 1192 600 1217 res
626 1177 768 1232 habet,
799 1177 848 1217 de
876 1191 989 1231 saXO,
1021 1177 1066 1217 in
1091 1191 1265 1227 crucem,
1298 1177 1536 1218 columnam

192 1236 354 1289 tollere,
385 1236 526 1276 locum
551 1235 674 1276 illum
700 1235 972 1276 sternendum
996 1235 1151 1275 locare!
1199 1234 1308 1283 Quid
1340 1236 1535 1289 quaeris?

192 1293 371 1334 heroica.
423 1293 656 1334 Sustulisse
675 1293 781 1333 mihi
801 1293 967 1334 videtur
988 1293 1302 1334 simulationem
1329 1294 1536 1348 desiderii,

194 1352 329 1393 adhue
361 1367 467 1406 quae
507 1352 701 1406 serpebat
741 1352 785 1392 in
816 1351 904 1393 dies
937 1355 979 1392 et
1013 1352 1248 1393 inveterata
1279 1353 1453 1393 verebar
1483 1367 1536 1393 ne

192 1411 429 1465 periculosa
465 1411 624 1451 nostris
662 1410 984 1464 tyrannoctonis
1022 1414 1143 1451 esset.
1206 1409 1331 1451 Nunc
1361 1425 1534 1465 prorsus
1555 1428 1590 1453 20

193 1469 407 1510 adsentior
446 1470 532 1510 tuis
575 1469 730 1509 litteris
773 1483 979 1523 speroque
1025 1469 1208 1510 meliora.
1272 1468 1535 1523 Quamquam

193 1528 300 1569 istos
327 1528 436 1569 ferre
461 1542 548 1568 non
573 1542 759 1581 possum,
792 1528 877 1583 qui,
908 1528 1007 1568 dum
1040 1543 1084 1568 se
1108 1542 1252 1581 pacem
1278 1528 1384 1569 velle
1410 1529 1535 1569 simu-

192 1586 296 1641 lant,
328 1590 420 1627 aeta
450 1587 611 1627 nefaria
644 1586 883 1627 defendunt.
946 1585 1028 1627 Sed
1064 1600 1151 1627 non
1180 1590 1362 1640 possunt
1394 1587 1536 1627 omnia

193 1645 330 1686 simul.
391 1645 547 1698 Incipit
590 1659 656 1685 res
700 1645 851 1685 melius
889 1645 966 1699 ire,
1010 1660 1136 1699 quam
1179 1648 1384 1699 putaram.
1446 1644 1535 1686 Nec

193 1718 292 1744 vero
337 1703 564 1757 discedam,
606 1703 690 1744 nisi
735 1718 829 1744 cum
866 1706 913 1744 tu
948 1718 1014 1744 me
1057 1704 1100 1744 id
1142 1703 1318 1744 honeste
1361 1704 1533 1757 putabis
1553 1721 1588 1747 25

193 1762 329 1803 facere
360 1777 493 1816 posse.
555 1761 689 1802 Bruto
717 1765 827 1803 certe
852 1776 947 1803 meo
971 1762 1090 1803 nullo
1116 1763 1209 1803 loeo
1236 1763 1371 1816 deero,
1396 1762 1535 1817 idque,

195 1821 362 1861 etiamsi
398 1820 504 1861 mihi
548 1835 642 1861 cum
683 1821 756 1861 illo
789 1820 898 1860 nihil
938 1821 1108 1875 fuisset,
1150 1821 1329 1862 facerem
1359 1824 1535 1875 propter

197 1879 286 1919 eius
318 1879 575 1933 singularem
607 1879 976 1932 incredibilemque
1007 1880 1219 1920 virtutem.

284 1936 415 1978 Piliae
447 1940 618 1978 nostrae
643 1937 789 1978 villam
820 1941 968 1990 totam,
1001 1952 1189 1992 quaeque
1220 1938 1265 1978 in
1290 1937 1391 1978 villa
1424 1939 1535 1992 sunt,

194 1996 316 2036 trado
343 1996 388 2036 in
407 1995 711 2049 Pompeianum
736 1997 826 2049 ipse
852 1996 1121 2049 proficiseens
1148 1996 1198 2037 Κ.
1224 1995 1359 2037 Maiis.
1399 1995 1533 2044 Quam
1553 2013 1588 2038 30

194 2054 323 2094 velim
354 2054 488 2095 Bruto
521 2054 786 2110 persuadeas,
817 2058 865 2095 ut
895 2054 1078 2096 Asturae
1111 2055 1184 2096 sit!
