1665 2553
92 93 141 128 M.
162 92 304 128 TULLI
321 91 569 127 CICERONIS
590 91 735 127 EPIST.
756 91 820 125 AD
841 91 1058 126 ATTICUM
1076 91 1161 126 VIII
1182 95 1212 136 1,
1234 95 1265 127 2.
1316 92 1403 132 223

64 203 176 230 nunc
206 188 252 229 in
282 186 407 229 Italia
436 201 526 229 non
555 187 831 242 relinquenda
861 187 1122 228 testificabar
1148 187 1402 228 sententiam

64 262 210 289 meam.
273 245 342 288 Sic
385 246 497 287 enim
540 246 680 300 parari
723 246 864 301 video,
906 248 954 287 ut
991 244 1212 287 Luceriam
1258 260 1402 287 omnes

65 306 208 360 copiae
239 305 556 361 contrahantur,
587 307 629 346 et
658 319 711 346 ne
736 305 773 345 is
800 304 968 359 quidem
998 304 1117 346 Iocus
1142 306 1199 346 sit
1222 305 1404 359 stabilis,

67 365 139 406 sed
170 379 220 405 ex
252 378 300 406 eo
331 364 439 420 ipso,
471 363 507 405 si
538 377 776 418 urgeamur,
806 366 979 417 paretur
1009 363 1122 418 fuga.

153 422 243 472 Quo
275 423 416 463 minus
448 422 618 478 mirere,
660 422 696 462 si
726 422 887 463 invitus
918 422 965 462 in
995 436 1087 463 eam
1128 435 1298 463 causam
1337 421 1401 462 de-

66 482 230 535 scendo,
260 481 307 523 in
327 496 409 536 qua
433 495 570 535 neque
595 481 709 535 pacis
740 495 876 534 neque
901 480 1104 521 victoriae
1135 481 1245 521 ratio
1279 494 1402 534 quae-

67 541 150 582 sita
181 541 237 581 sit
268 555 483 594 umquam,
516 540 588 581 sed
612 554 775 593 semper
800 539 1039 594 flagitiosae
1064 541 1106 580 et
1133 539 1403 580 calamitosae

65 599 208 654 fugae,
251 599 452 653 eundum,
498 601 566 654 ut,
602 612 905 652 quemcumque
941 597 1030 639 fors
1062 598 1209 638 tulerit
1248 612 1405 652 casum,

67 657 240 699 subeam
269 657 413 711 potius
446 671 540 698 cum
571 657 642 712 iis,
674 657 747 712 qui
779 657 976 697 dicuntur
1008 670 1098 697 esse
1128 655 1244 712 boni,
1276 671 1403 710 quam

13 735 47 759 10
67 716 209 758 videar
235 731 258 757 a
283 716 406 757 bonis
434 715 668 757 dissentire.
718 715 816 756 Etsi
842 729 974 769 prope
995 715 1106 756 diem
1124 715 1247 756 Video
1273 715 1404 756 bono-

65 790 178 830 rum,
215 775 258 815 id
290 777 353 815 est
390 775 606 815 lautorum
637 776 679 815 et
709 774 988 828 locupletum,
1023 774 1173 815 urbem
1204 774 1405 815 refertam

66 834 174 889 fore,
210 832 454 887 municipiis
485 847 584 874 vero
620 832 689 874 his
727 833 885 874 relictis
916 832 1250 874 refertissimam.
1313 831 1404 880 Quo

67 906 144 947 ego
182 893 228 933 in
263 906 438 933 numero
478 906 631 946 essem,
677 891 713 932 si
748 891 828 932 hos
870 891 1042 932 lictores
1079 890 1405 932 molestissimos

66 965 154 992 non
193 951 411 1005 haberem,
452 964 529 992 nec
571 965 637 991 me
680 949 747 991 M’.
785 949 951 1004 Lepidi,
1002 948 1047 991 L.
1083 949 1275 1004 Volcaci,
1319 948 1405 990 Ser.

15 1027 48 1053 15
69 1008 229 1064 Sulpici
254 1009 456 1050 comitum
487 1009 734 1064 paeniteret,
766 1023 947 1063 quorum
977 1022 1100 1049 nemo
1126 1022 1203 1049 nec
1232 1008 1406 1049 stultior

69 1071 133 1109 est
177 1082 304 1122 quam
346 1067 390 1109 L.
428 1067 645 1109 Domitius
687 1082 763 1108 nec
806 1067 1117 1108 inconstantior
1162 1081 1289 1120 quam
1325 1065 1404 1120 Ap.

70 1126 281 1169 Claudius.
342 1126 462 1168 Unus
500 1126 726 1180 Pompeius
764 1141 831 1166 1110
870 1128 1033 1167 movet'
1055 1125 1278 1180 beneficio,
1318 1139 1406 1166 non

70 1185 332 1227 auctoritate.
394 1184 529 1234 Quam
566 1186 677 1226 enim
717 1185 789 1225 ille
832 1184 988 1226 habeat
1026 1184 1324 1225 auctoritatem
1362 1184 1406 1224 in

68 1244 147 1285 hac
187 1244 338 1286 causa?
381 1244 471 1298 qui,
511 1258 606 1285 cum
646 1258 790 1285 omnes
833 1242 1056 1284 Caesarem
1099 1242 1405 1296 metuebamus,

17 1320 51 1345 20
69 1303 160 1357 ipse
203 1316 299 1344 eum
343 1302 564 1358 diligebat,
614 1305 842 1357 postquam
884 1302 974 1355 ipse
1022 1304 1209 1342 metuere
1254 1301 1406 1356 coepit,

69 1363 192 1415 putat
224 1375 367 1402 omnes
397 1361 542 1402 hostes
574 1361 639 1402 illi
671 1363 865 1415 oportere
904 1374 1004 1402 esse.
1066 1359 1227 1401 Ibimus
1264 1362 1408 1400 tamen

70 1418 300 1461 Luceriam.
360 1418 449 1461 Nec
480 1434 575 1461 eum
606 1419 787 1461 fortasse
819 1419 1043 1460 delectabit
1078 1421 1226 1459 noster
1259 1418 1407 1459 adven-

70 1480 159 1532 tus3
196 1477 462 1519 dissimulare
506 1478 617 1519 enim
652 1492 740 1519 non
774 1481 924 1532 potero
965 1477 1089 1533 mihi,
1128 1492 1233 1531 quae
1273 1477 1408 1517 adhuc

72 1539 164 1578 acta
195 1537 293 1591 sint,
325 1536 553 1590 displicere.
614 1536 722 1591 Ego,
755 1537 790 1577 si
823 1550 1018 1577 somnum
1045 1550 1192 1590 capere
1223 1550 1407 1589 possem,

19 1612 52 1638 25
71 1597 159 1636 tam
189 1595 330 1649 longis
361 1597 403 1635 te
435 1594 629 1648 epistulis
659 1609 747 1636 non
784 1595 1071 1636 obtunderem.
1132 1594 1217 1649 Tu,
1259 1594 1295 1635 si
1326 1594 1408 1634 tibi

73 1654 215 1695 eadem
246 1668 371 1695 causa
404 1656 481 1708 est,
510 1667 578 1694 me
608 1667 872 1694 remunerere
903 1667 1002 1694 sane
1032 1652 1170 1694 velim.

712 1768 765 1810 Π.

297 1849 372 1886 Ser.
398 1850 559 1884 Formiis
584 1849 696 1883 XIII
716 1849 764 1883 K.
792 1848 907 1883 M'art.
933 1861 966 1884 α,
996 1850 1067 1883 705
1093 1850 1182 1892 (49).

474 1931 663 1966 CICERO
688 1931 721 1964 A
730 1930 876 1965 TTICO
902 1930 1011 1965 SAL.

23 2020 57 2045 30
162 2002 270 2044 Mihi
301 2018 398 2044 vero
432 2003 573 2044 01111113
605 2005 744 2057 grata,
781 2005 822 2042 et
855 2002 968 2055 quod
1000 2001 1210 2055 scripsisti
1244 2001 1295 2042 ad
1327 2016 1406 2056 me,

78 2074 183 2115 quae
215 2061 417 2116 audieras,
447 2064 489 2103 et
515 2062 627 2116 quod
656 2075 743 2102 non
773 2060 997 2114 credidisti,
1031 2074 1136 2114 quae
1162 2060 1289 2114 digna
1315 2059 1407 2100 dili-

78 2118 221 2174 gentia
250 2133 342 2160 mea
371 2134 458 2161 non
488 2123 619 2174 erant,
650 2122 691 2160 et
723 2120 835 2173 quod
865 2119 1081 2172 monuisti,
1113 2118 1226 2172 quod
1258 2118 1408 2158 sentie-

78 2178 164 2219 bas.
213 2177 308 2232 Ego
341 2178 392 2218 ad
423 2177 644 2220 Caesarem
673 2192 776 2218 unas
808 2176 951 2231 Capua
982 2177 1147 2217 litteras
1180 2176 1286 2229 dedi,
1319 2177 1409 2230 qui-

78 2236 157 2277 bus
191 2235 241 2276 ad
274 2250 320 2276 ea
351 2237 559 2292 rescripsi,
591 2251 698 2291 quae
727 2250 890 2277 mecum
921 2236 993 2276 ille
1019 2235 1067 2276 de
1099 2235 1408 2290 gladiatoribus

25 2310 58 2336 35
79 2295 165 2336 suis
206 2296 365 2350 egerat,
410 2295 574 2351 breves,
615 2295 688 2337 sed
728 2294 1064 2336 benevolentiam
1106 2293 1407 2349 significantes,
