1665 2553
217 90 328 125 CVIII
635 91 913 126 ADNOTATIO
925 123 928 126 ,
941 90 1127 126 CRITICA

216 183 339 218 nescio
367 195 439 218 cur.
479 205 512 209 -
539 187 581 218 15
607 185 669 219 hos
695 185 778 219 add.
805 186 889 229 post
913 186 1024 219 multo
1041 184 1220 227 Lambin.,
1239 184 1424 228 Wesenb.‚
1443 184 1549 228 Boot,

216 230 369 274 Tyrrell.
395 252 441 256 —
467 234 521 264 21.
547 243 579 265 v.
608 230 762 265 Schiche
785 231 907 266 Herm.
935 231 1053 265 XVIII
1077 244 1111 276 p.
1133 235 1212 274 613,
1239 231 1407 265 Schmidt
1418 243 1452 275 p.
1467 235 1548 275 481,

216 277 359 321 Tyrrell
384 288 439 322 ep.
461 281 540 320 562,
563 289 677 312 mense
691 279 832 313 Illartio
851 278 988 322 Baiter,
1008 278 1179 312 WVesenb.
1200 299 1245 303 ——
1266 282 1309 312 23
1329 279 1393 324 [ut
1404 279 1549 323 scribit]

218 324 320 367 ‘quia
350 324 442 358 haec
466 324 623 358 molesta
650 326 746 368 sunt,
781 337 895 368 quum
920 327 1095 368 sequatur
1118 325 1253 360 scrz'bit’
1281 325 1384 368 Boot,
1410 325 1548 360 Baiter.

215 391 260 395 —-
293 374 335 404 32
368 372 566 406 mollitiem
598 382 642 405 ex
667 371 752 406 Iacl.
780 374 817 406 et
837 371 935 406 Suet.
955 384 1008 416 gr.
1024 376 1068 405 14
1091 371 1263 406 Wesenb.
1314 371 1423 416 Apud
1448 371 1546 406 Suet.

214 417 313 451 Roth
348 418 477 451 scribit
508 418 705 452 mollitiam.
756 420 767 462 ΙΙ
815 419 861 453 P.
881 418 971 453 373.
994 422 1011 452 7
1038 431 1068 453 V.
1103 418 1256 453 Schiche
1281 418 1403 452 Herm.
1429 418 1551 452 XVIII

215 476 248 508 p.
265 468 343 507 613,
371 464 539 498 Schmidt
563 477 596 509 p.
612 469 697 507 481,
732 465 876 509 Tyrrell
902 476 956 509 ep.
972 469 1056 507 563,
1090 477 1204 500 mense
1236 466 1379 500 Blartio
1409 465 1548 508 Baiter,

214 510 386 545 Wesenb.
400 533 445 536 —
462 515 504 544 14
519 512 611 545 nihil
623 512 807 554 Wesenb.,
821 512 924 546 Boot.
952 512 989 546 P.
1004 515 1144 546 173.26.
1159 533 1205 537 —
1220 516 1262 546 18
1278 512 1407 546 Cottae
1421 522 1546 546 neces-

215 557 312 591 sario
333 558 568 591 scribendum
591 558 710 591 visum
730 560 785 592 est
806 561 906 601 (nam
926 558 1106 592 dissimile
1129 560 1186 592 est
1198 571 1232 603 p.
1248 563 1324 592 389.
1337 562 1379 592 16
1403 559 1548 593 delabor

215 605 264 638 acl
284 604 470 649 Clodiam),
499 605 599 639 Cotta
620 605 724 639 codd.
746 608 846 639 <ante
866 608 896 649 c)
921 607 957 639 et
977 605 1058 639 edd.
1080 626 1125 630 —
1145 609 1187 638 21
1207 606 1343 640 scribas
1359 605 1547 648 Wesenb.,

214 650 322 693 Boot,
355 651 514 695 Tyri-cll,
541 652 667 686 scribis
693 652 808 695 codd,
834 652 971 687 Baiter.
1000 652 1175 686 Schmidt.
1202 673 1247 677 —
1273 657 1317 686 24
1329 663 1402 695 sq..·
1426 653 1547 686 eadem

216 718 260 721 —
285 702 380 739 sunt,
406 702 524 732 tamen
548 697 701 742 TyrreII.
723 719 768 723 -—
789 702 831 732 27
851 700 949 733 sciri
967 699 1104 741 Baiter,
1125 698 1302 741 Schmidt,
1321 700 1410 733 scire
1429 698 1547 742 codd,

215 743 399 786 Wesenb.,
426 744 581 788 Tyrrell,
606 746 695 779 scire
719 749 750 779 te
777 745 868 780 coni.
894 745 1079 789 Wesenb.,
1107 757 1173 780 scr.
1194 745 1287 779 Boot
1311 747 1353 779 ut
1378 745 1444 778 alii
1466 749 1545 779 370.

215 794 256 824 27
283 795 315 825 te
339 792 507 825 invenire.
558 791 617 824 Ad
642 804 675 836 p.
698 795 751 826 57.
769 796 822 827 28,
856 813 901 817 -—
933 796 976 826 33
998 794 1035 826 et
1054 796 1132 827 375.
1153 796 1172 825 3
1200 792 1319 826 Piliae
1344 797 1382 826 et
1405 793 1547 826 Atticae

214 839 300 872 vett.
329 838 423 879 edd,
443 837 627 880 Wesenb.,
648 839 750 872 Boot.
795 841 805 883 ΙΙ
848 839 894 874 Ρ.
915 838 1005 874 374.
1028 843 1046 873 2
1066 851 1097 874 v,
1119 838 1272 873 Schiche
1291 838 1413 872 Herm.
1430 838 1547 872 XVIII

214 896 247 928 p.
270 888 353 927 613,
381 884 548 918 Schmidt
572 897 607 929 p.
628 889 713 927 482,
740 885 881 929 TyrreH
909 897 963 930 ep.
985 889 1064 928 564,
1098 897 1213 920 mense
1238 886 1378 920 ,Μανὺίο
1408 885 1546 929 Baiter,

215 935 311 966 (ante
331 932 605 975 aethzoctium,
627 943 666 965 0.·
691 937 773 967 ante
799 933 903 966 VIII
911 933 1114 976 chl.Apr.)
1134 932 1305 966 Wesenb.
1326 953 1372 958 —-
1391 936 1413 966 4
1432 933 1546 966 nihilo

213 977 397 1019 Wesenb.,
422 978 526 1012 Boot.
553 978 611 1012 Ad
629 991 664 1022 p.
684 983 760 1013 173.
777 982 830 1013 26.
851 1000 897 1004 —
923 984 942 1012 9
958 991 1010 1022 sq.
1032 979 1125 1023 quod
1138 999 1184 1003 —-
1199 990 1300 1022 posse
1318 979 1357 1012 in
1376 978 1546 1023 parenth.

212 1024 383 1058 Wesenb.
445 1025 505 1058 Ad
528 1037 562 1069 p.
585 1028 709 1059 1614.
741 1046 787 1051 —
819 1029 862 1059 14
893 1037 946 1060 me
975 1026 1024 1059 ad
1054 1037 1167 1060 meam
1191 1025 1376 1066 Lambin.,
1407 1025 1546 1068 Baiter,

212 1071 315 1113 Boot,
337 1071 491 1115 Tyr-rell,
512 1071 689 1114 Schmidt,
709 1073 750 1106 in
768 1083 844 1106 eam
858 1072 896 1105 M
904 1072 924 1114 ¹,
944 1084 1055 1106 meam
1069 1072 1135 1114 ΜΞ,
1157 1084 1238 1106 cum
1253 1083 1358 1106 cruce
1371 1071 1544 1106 Wesenb.

212 1138 257 1143 —
289 1122 330 1151 16
351 1123 427 1153 erat
445 1139 490 1143 ——
515 1120 767 1162 acquiescerem
791 1119 830 1152 in
853 1130 931 1163 par.
946 1118 1132 1161 Wesenb,
1158 1119 1261 1152 Boot.
1300 1119 1359 1152 Ad
1377 1122 1543 1162 p.16.14.

214 1185 259 1189 -—
286 1168 327 1198 17
354 1176 417 1199 ozee
441 1176 501 1210 690
528 1165 631 1199 codd.
658 1167 700 1198 ut
724 1177 758 1209 p.
780 1169 858 1199 375.
875 1169 895 1199 8
921 1167 958 1199 et
984 1166 1065 1200 edd.
1092 1167 1239 1209 praeter
1263 1165 1448 1208 W'esenb„
1481 1165 1545 1208 qui

212 1221 231 1244 e
271 1211 340 1245 ‘vc’
382 1223 447 1245 scr.
483 1222 557 1245 ozon
594 1222 669 1256 eqo,
707 1223 771 1246 orec
804 1213 935 1246 victum
971 1223 1031 1257 eqo
1063 1211 1149 1246 Otto
1180 1223 1272 1245 mus.
1304 1212 1419 1245 Rhen.
1454 1215 1543 1246 1886

211 1270 244 1301 p.
267 1262 344 1291 373.
380 1257 422 1291 V.
445 1258 494 1291 ad
518 1270 552 1302 p.
573 1261 627 1291 62.
643 1262 697 1292 33.
731 1280 775 1283 -
816 1262 858 1292 27
885 1260 976 1302 †eis
1007 1269 1025 1292 e
1059 1259 1129 1292 ‘vc’
1163 1258 1332 1292 Wesenb.
1367 1258 1458 1292 coni.
1494 1260 1545 1293 sic

212 1307 277 1338 aut
306 1305 376 1339 siba·
406 1306 471 1338 aut
502 1316 645 1349 eamque
675 1306 779 1348 solvi,
811 1307 843 1340 ei
873 1306 951 1339 sine
978 1316 1082 1339 cruce
1108 1305 1250 1348 Baiter,
1283 1305 1465 1348 Schmidt,
1491 1306 1546 1340 ita

212 1351 364 1395 TyrreIl.
385 1372 430 1376 -—
457 1355 500 1385 34
527 1353 662 1386 ducere
681 1352 718 1385 M
738 1355 772 1395 (a
793 1356 824 1386 te
843 1353 908 1385 diu
927 1353 1117 1396 inducere).
1138 1352 1272 1386 Baiter.
1311 1353 1322 1395 ΙΙ
1359 1351 1507 1386 Ρ.375.
1523 1358 1542 1385 3

212 1410 241 1431 v.
270 1398 317 1431 ad
341 1410 375 1442 p.
398 1401 475 1431 373.
498 1402 551 1432 23.
578 1419 623 1423 -
650 1403 669 1432 5
689 1411 719 1433 v,
748 1399 902 1432 Schiche
926 1399 1048 1432 Herm.
1068 1398 1185 1432 XVIII
1210 1411 1244 1443 p.
1266 1402 1350 1441 613,
1377 1398 1547 1432 Schmidt

211 1457 244 1488 p.
265 1449 344 1487 483,
371 1445 515 1488 Tyri-el]
541 1455 594 1489 ep.
617 1449 696 1487 565,
722 1450 868 1480 exeunte
892 1457 1006 1480 mense
1031 1446 1172 1480 fllartio
1196 1445 1338 1487 Baiter,
1369 1445 1541 1480 Wesenb.

211 1513 255 1516 —
295 1495 312 1524 7
339 1503 429 1526 cum
461 1493 493 1536 (e
525 1504 554 1526 v,
577 1495 614 1530 8:
650 1492 697 1525 ad
728 1505 761 1536 p.
778 1497 832 1526 24,
848 1494 882 1534 8)
918 1493 972 1526 ‘vel
1002 1492 1056 1535 M,
1093 1492 1179 1526 inde
1210 1497 1250 1527 tu
1281 1493 1334 1526 vel
1363 1492 1471 1527 Klotz
1507 1494 1545 1526 et-

211 1538 363 1581 Tyrrell.
378 1560 423 1563 —
445 1542 487 1571 12
507 1540 623 1582 apud
642 1539 797 1573 Brutum
819 1539 962 1583 Tyrress
982 1540 1109 1573 eodem
1130 1549 1249 1577 errore
1270 1549 1341 1582 quo
1355 1542 1541 1583 p.261.13‚

211 1596 283 1618 non
310 1589 452 1619 37331.
479 1606 524 1609 ——
552 1589 687 1619 13——16
708 1590 816 1630 caput
834 1607 879 1610 —
896 1587 1018 1630 aptius
1042 1586 1081 1619 in
1100 1585 1267 1630 parenth.
1294 1585 1398 1628 Boot,
1417 1587 1460 1619 ut
1478 1596 1542 1629 ap-

210 1634 356 1675 pareret
393 1631 503 1665 verba
541 1633 628 1676 quid
665 1633 719 1666 tui
755 1633 898 1667 consilii
929 1632 978 1666 sit
1008 1633 1167 1676 pendere
1200 1632 1246 1665 ab
1278 1633 1427 1675 explica.
1482 1632 1542 1665 Ad

210 1691 245 1722 p.
268 1682 391 1712 1614.
441 1678 520 1723 Ego
554 1690 627 1712 non
654 1679 800 1722 dubito,
833 1679 922 1722 quin
952 1679 1105 1723 perierit
1134 1679 1284 1712 verbum
1314 1678 1414 1712 velut
1439 1679 1542 1713 velim

213 1726 301 1760 scire
325 1727 409 1769 post
436 1738 482 1767 re,
513 1726 600 1759 mihi
620 1727 815 1769 persev-ibes
840 1726 923 1759 add.
950 1726 1071 1760 Moser
1096 1736 1216 1770 progr.
1243 1725 1327 1758 Ulm
1354 1728 1442 1758 1851
1469 1737 1504 1769 p.
1520 1730 1539 1759 6

212 1793 255 1796 ——
283 1776 324 1806 19
350 1773 405 1806 his
430 1772 571 1816 Baiter,
598 1772 751 1816 Tyri-eli,
778 1772 955 1816 Schmidt,
981 1773 1027 1807 iis
1051 1772 1100 1816 M,
1126 1772 1310 1814 WVesenb„
1335 1771 1438 1806 Boot.
1482 1772 1541 1805 Ad

210 1831 243 1863 p.
265 1823 319 1853 37.
340 1823 394 1853 37.
427 1840 472 1843 —
503 1819 553 1853 lb.
587 1819 718 1853 vellem
750 1820 882 1853 certior
920 1821 1016 1853 esset
1042 1821 1169 1853 auctor
1193 1829 1304 1861 quam
1329 1818 1459 1852 Bosius
1487 1819 1540 1852 ‘in

211 1865 379 1899 omnibus
399 1866 661 1910 manuscriptis
681 1866 756 1910 legi
779 1867 840 1900 ‘sit
857 1868 943 1900 ante
963 1877 1042 1900 cum
1061 1866 1134 1908 iis’,
1155 1867 1219 1899 aut
1239 1867 1335 1898 certe
1355 1865 1433 1898 eius
1447 1865 1539 1909 loco,

210 1913 251 1954 si,
278 1912 333 1946 vel
359 1913 435 1947 sic'.
484 1912 581 1946 Nam
607 1914 838 1947 comtmmices
863 1911 1073 1946 Ciceronem
1098 1923 1170 1945 non
1199 1911 1388 1955 scripsisse
1415 1912 1539 1956 potius

211 1970 321 2001 qnam
335 1961 579 2002 (communica,
599 1960 898 2003 communicabis)
916 1960 1029 2001 velim,
1048 1960 1108 2001 fac
1126 1958 1183 1992 vel
1203 1958 1281 1992 sim.
1296 1959 1539 2003 communices,

211 2007 452 2047 commzmices,
479 2017 607 2050 quaeso
633 2006 739 2049 (coni.
767 2006 872 2049 Boot)
900 2005 1144 2039 certissimum
1169 2007 1234 2038 est.
1274 2003 1324 2038 Cf.
1340 2017 1374 2048 p.
1390 2008 1537 2040 381.25.

209 2072 254 2076 —
281 2056 322 2084 21
350 2052 487 2087 Suntne
512 2052 588 2087 -ἓ
622 2053 732 2095 Boot,
765 2052 931 2086 Schmidt
960 2051 1074 2093 male,
1107 2051 1230 2093 credo,
1255 2053 1313 2085 sin
1338 2051 1387 2095 M,
1411 2052 1485 2086 sint
1510 2051 1538 2085 Ο

210 2097 411 2140 (Lehmann
437 2100 513 2134 Att.
539 2112 574 2143 p.
596 2101 664 2143 37),
690 2100 807 2134 simne
833 2098 944 2141 Crat„
973 2098 1071 2141 quod
1099 2098 1272 2132 ‘editores
1298 2098 1354 2131 vel
1379 2098 1539 2142 probant

209 2144 266 2177 vel
291 2144 423 2187 ferunt,
444 2148 557 2189 negat
582 2157 707 2180 verum
733 2145 825 2179 esse'
847 2145 949 2179 Boot.
988 2145 1101 2178 Recte
1121 2144 1278 2188 Tyrrell:
1308 2144 1428 2179 ‘Some
1448 2145 1539 2179 such

210 2191 309 2224 word
343 2202 381 2224 as
412 2203 511 2236 ‘roges
535 2196 635 2226 must
660 2192 705 2226 be
731 2192 893 2226 inferred
916 2191 1011 2225 from
1036 2192 1293 2226 commum‘ces'.
1320 2213 1365 2216 —
1391 2195 1433 2225 23
1454 2202 1536 2236 pos-

209 2238 294 2271 sint
325 2238 464 2272 adduci
494 2239 657 2282 Ernesti,
700 2238 872 2272 Wesenb.
905 2259 950 2263 —
983 2237 1035 2271 Π).
1073 2242 1184 2272 totum
1221 2239 1314 2273 enim
1350 2238 1444 2272 illud
1479 2238 1536 2272 cle-

208 2289 385 2327 speratum
419 2285 456 2317 in
487 2286 654 2328 parenth.
680 2285 871 2327 Wesenb,
907 2284 1060 2328 Tyrrell.
1115 2284 1173 2317 Ad
1198 2297 1232 2329 p.
1250 2288 1372 2319 16.14.
1411 2305 1455 2309 —
1493 2288 1536 2318 26
