1665 2553
221 75 305 115 162
650 74 698 107 Μ.
719 73 859 107 TULLI
885 72 1134 108 CICERONIS

218 172 268 210 ut
298 170 606 223 praefecturam
634 167 805 222 Scaptio
838 169 1052 210 deferrem.
1100 168 1150 209 Id
1180 183 1280 209 vero
1311 183 1386 222 per
1417 171 1460 209 te
1492 183 1558 209 ex-

220 243 474 282 ceperamus,
499 242 549 269 ne
572 228 851 282 negotiatori,
883 227 1035 281 quodsi
1060 227 1268 283 cuiquam,
1291 227 1391 268 huic
1415 230 1559 268 tamen

218 301 314 328 non.
384 286 540 327 Fuerat
585 287 697 327 enim
739 286 978 340 praefectus
1019 285 1162 339 Appio
1201 289 1242 326 et
1282 286 1451 339 quidem
1486 286 1557 326 ha-

218 345 370 386 buerat
400 348 562 386 turmas
596 344 806 398 equitum,
845 345 999 398 quibus
1031 344 1243 385 inclusum
1274 345 1320 385 in
1350 344 1468 385 curia
1498 358 1556 384 se-

217 406 368 445 natum
394 403 604 444 Salamine
637 403 870 458 obsederat,
901 406 958 450 utv
981 403 1091 443 fame
1123 406 1338 444 senatores
1371 403 1556 457 quinque
1576 420 1592 445 5

218 465 494 503 morerentur.
561 461 713 515 Itaque
757 475 853 516 ego,
897 475 980 515 quo
1020 461 1086 502 die
1122 462 1248 516 tetigi
1284 461 1556 516 provinciam,

220 536 315 562 cum
357 521 463 562 mihi
502 519 649 574 Cyprii
692 520 824 574 legati
860 519 1079 573 Ephesum
1124 520 1292 561 obviam
1330 520 1557 574 venissent,

218 580 385 620 litteras
422 580 540 634 misi,
576 581 624 630 ut
663 579 826 633 equites
864 593 914 619 ex
951 578 1091 619 insula
1122 579 1268 619 statim
1299 578 1555 620 decederent.

220 638 300 679 His
342 638 392 679 de
430 638 567 679 causis
599 637 720 678 credo
754 636 973 691 Scaptium
1002 637 1194 691 iniquius
1226 637 1275 678 de
1300 652 1365 678 me
1397 637 1557 690 aliquid

220 697 272 737 ad
307 696 490 737 Brutum
535 696 766 750 scripsisse.
836 695 917 737 Sed
960 698 1103 736 tamen
1150 695 1233 736 hoc
1273 710 1366 736 sum
1403 695 1554 737 animo.
1576 713 1611 738 ιο

221 754 266 796 Si
296 755 456 796 Brutus
488 755 659 809 putabit
689 769 756 795 me
789 757 1013 808 quaternas
1038 754 1287 796 centesimas
1315 754 1555 808 oportuisse

220 814 450 867 decernere,
482 828 577 854 cum
607 816 701 854 tota
726 813 943 867 provincia
969 813 1161 867 singulas
1188 813 1456 854 observarem
1480 813 1557 854 ita-

220 887 300 926 que
332 873 565 926 edixissem,
596 872 723 926 idque
755 872 885 912 etiam
910 872 1194 912 acerbissimis
1219 871 1556 912 faeneratoribus

219 931 486 985 probaretur,
511 931 547 972 si
572 931 881 984 praefecturam
903 930 1164 984 negotiatori
1189 930 1438 984 denegatam
1461 944 1557 984 que-

218 993 349 1044 retur,
380 990 493 1043 quod
524 1003 602 1043 ego
632 989 847 1043 Torquato
879 992 1029 1030 nostro
1061 989 1105 1029 in
1136 991 1211 1029 tuo
1237 988 1405 1043 Laenio,
1436 987 1556 1029 Pom-
1577 1004 1611 1030 15

219 1049 314 1102 peio
340 1049 424 1102 ipsi
450 1049 495 1089 in
521 1048 613 1089 Sex.
641 1047 780 1089 Statio
805 1047 958 1102 negavi
984 1050 1025 1088 et
1049 1047 1103 1089 iis
1122 1047 1312 1101 probavi,
1338 1047 1374 1088 si
1394 1047 1556 1101 equites

220 1107 420 1148 deductos
444 1107 621 1147 moleste
646 1107 763 1160 feret,
796 1106 996 1159 accipiam
1021 1106 1215 1159 equidem
1240 1106 1428 1146 dolorem
1452 1105 1559 1146 mihi

220 1166 342 1206 illum
372 1165 509 1218 irasci,
551 1165 621 1205 sed
652 1165 788 1205 multo
820 1167 1023 1205 maiorem
1053 1178 1140 1204 non
1171 1178 1260 1204 esse
1292 1178 1387 1204 eum
1417 1164 1559 1218 talem,

222 1224 386 1277 qualem
433 1226 661 1276 putassem.
732 1222 844 1263 Illud
887 1222 1056 1276 quidem
1099 1222 1305 1262 fatebitur
1349 1221 1558 1277 Scaptius,

219 1296 285 1322 me
322 1282 388 1322 ius
427 1282 589 1322 dicente
628 1281 710 1322 sibi
748 1295 915 1322 omnem
951 1281 1172 1334 pecuniam
1213 1295 1264 1321 ex
1295 1280 1431 1321 edicto
1462 1294 1556 1321 meo
1578 1298 1611 1322 20

220 1340 434 1381 auferendi
472 1342 730 1393 potestatem
768 1340 910 1380 fuisse.
972 1339 1093 1380 Addo
1126 1339 1254 1380 etiam
1284 1339 1406 1393 illud,
1445 1339 1558 1392 quod

219 1413 366 1439 vereor
403 1399 485 1439 tibi
522 1398 605 1452 ipsi
635 1401 684 1438 ut
715 1397 903 1452 probem.
967 1396 1208 1438 Consistere
1240 1411 1370 1438 usura
1401 1397 1559 1453 debuit,

221 1472 327 1511 quae
365 1460 454 1497 erat
491 1457 535 1497 in
572 1457 708 1497 edicto
748 1471 853 1497 meo.
914 1455 1135 1510 Deponere
1166 1455 1387 1497 volebant:
1430 1456 1559 1509 impe-

220 1516 331 1556 travi
371 1530 394 1556 a
434 1514 695 1569 Salaminiis,
737 1518 786 1556 ut
823 1515 1007 1556 silerent.
1074 1513 1254 1555 Veniam
1292 1514 1356 1555 illi
1389 1514 1558 1568 quidem

219 1574 325 1615 mihi
357 1574 577 1628 dederunt,
616 1574 688 1614 sed
720 1573 820 1628 quid
851 1573 904 1614 iis
936 1574 1027 1628 fiet,
1066 1573 1102 1614 si
1132 1573 1215 1614 huc
1245 1572 1403 1613 Paulus
1435 1587 1554 1614 vene·
1577 1588 1610 1615 25

220 1633 308 1673 rit‘?
359 1631 440 1673 Sed
471 1635 611 1673 totum
641 1632 723 1673 hoc
753 1631 888 1673 Bruto
921 1632 1033 1687 dedi3
1065 1632 1139 1686 qui
1170 1631 1219 1672 de
1249 1646 1315 1672 me
1341 1631 1391 1671 ad
1415 1633 1458 1671 te
1482 1631 1557 1671 hu-

220 1691 487 1732 manissimas
519 1691 686 1732 litteras
720 1691 900 1744 scripsit,
939 1690 991 1730 ad
1021 1705 1087 1731 me
1120 1693 1273 1742 autem,
1304 1690 1432 1730 etiam
1464 1704 1559 1730 cum

221 1753 344 1805 rogat
377 1750 553 1805 aliquid,
592 1750 913 1804 contumaciter,
951 1749 1216 1804 adroganter,
1238 1749 1558 1801 ἀκοινονοήτως

222 1809 330 1849 solet
363 1809 554 1850 scribere.
605 1808 669 1848 Tu
701 1811 842 1848 autem
874 1808 1001 1848 velim
1029 1807 1080 1848 ad
1106 1822 1202 1848 eum
1229 1806 1389 1847 scribas
1416 1806 1465 1846 de
1489 1806 1557 1846 his

220 1868 359 1921 rebus,
390 1869 439 1907 ut
472 1867 612 1921 sciam,
645 1881 727 1920 quo
759 1866 884 1907 modo
915 1866 1018 1906 haec
1050 1865 1246 1919 accipiat,
1286 1865 1413 1905 facies
1446 1864 1558 1905 enim
1577 1881 1612 1907 30

219 1941 286 1966 me
318 1926 548 1966 certiorem.

309 1983 452 2037 Atque
495 1983 596 2024 haec
640 1983 930 2037 superioribus
967 1982 1125 2023 litteris
1164 1981 1388 2035 diligenter
1425 1980 1477 2021 ad
1516 1983 1559 2021 te

221 2043 558 2096 perscripseram,
591 2042 663 2082 sed
693 2042 817 2095 plane
847 2044 890 2082 te
921 2041 1169 2094 intellegere
1200 2039 1316 2080 volui
1342 2039 1448 2080 mihi
1473 2053 1560 2080 non

223 2101 425 2141 excidisse
451 2101 568 2154 illud,
601 2101 713 2154 quod
745 2102 793 2140 tu
826 2100 876 2140 ad
901 2114 967 2140 me
999 2098 1254 2152 quibusdam
1279 2098 1435 2138 litteris
1462 2097 1560 2138 scri-

221 2159 392 2213 psisses,
425 2159 461 2199 si
491 2159 600 2199 nihil
626 2158 740 2199 aliud
766 2158 815 2198 de
840 2158 919 2199 hac
944 2157 1160 2211 provincia
1184 2156 1269 2197 nisi
1295 2156 1410 2197 illius
1436 2155 1557 2196 bene-
1578 2172 1611 2197 35

221 2216 452 2257 volentiam
491 2217 796 2270 deportassem,
832 2215 938 2256 mihi
975 2215 1018 2256 id
1049 2215 1153 2255 satis
1188 2229 1288 2255 esse.
1352 2213 1417 2255 Sit
1450 2228 1560 2266 sane,

224 2275 423 2326 quoniam
462 2275 522 2315 ita
559 2279 607 2316 tu
645 2275 725 2329 vis,
765 2275 835 2315 sed
866 2278 1008 2315 tamen
1039 2288 1133 2314 cum
1166 2287 1233 2328 eo,
1270 2273 1410 2327 credo,
1449 2271 1560 2326 quod
