1665 2553
647 85 685 120 P.
710 89 903 120 151—160.
1404 87 1450 121 LI

107 178 292 221 Wesenb.,
318 183 412 214 certa
437 178 475 212 M
501 179 563 223 (ad
589 191 623 223 p.
646 183 699 213 24.
723 181 768 223 8),
794 178 931 222 Baiter,
958 179 1062 221 Boot,
1089 178 1242 223 Tyri-eli.
1270 201 1315 205 —
1342 184 1382 214 11
1397 192 1448 224 sq.

107 226 213 271 [sed]
237 226 340 260 Iulia
372 226 443 271 1696
473 227 631 260 transita
656 247 701 251 —
727 227 889 272 [praeter
921 237 998 261 eam
1030 227 1133 261 semel
1163 237 1264 261 nemo
1295 228 1451 272 accepit]

106 274 197 315 facit
221 272 365 315 Baiter,
392 273 452 307 sed
477 273 500 317 †
525 273 627 307 Iulia
654 274 724 318 1696
750 274 959 316 transitam,
984 274 1088 308 semel
1112 294 1157 298 -—
1182 275 1287 316 vicis,
1307 278 1452 318 praeter

107 319 292 362 WVesenb„
319 320 380 354 sed
404 320 507 353 Iulia
535 320 604 365 1696
636 321 837 355 transitans
867 321 971 354 semel
995 341 1041 345 —
1072 321 1161 355 vicis
1185 321 1348 366 [praeter
1373 333 1452 355 eum

107 367 210 402 semel
234 367 358 412 nenm]
388 368 540 410 accepit:
578 367 669 409 facit
693 367 787 401 Boot
819 367 910 401 coni.
944 368 1126 402 abstinens
1157 372 1222 410 est,
1259 368 1319 402 sed
1348 368 1452 402 Iulia

109 415 180 459 1696
205 415 406 449 transitans
430 414 534 448 semel
565 418 683 448 tcmzen
708 414 868 448 indidem
892 435 938 439 —
962 415 1068 457 ricis,
1094 416 1246 458 accepit:
1271 416 1324 449 ita
1348 415 1450 458 facit,

108 461 290 496 abstinens
321 465 387 503 est,
419 461 479 495 sed
510 461 612 494 Iulia
645 461 732 506 1696,
756 461 780 506 †
805 461 999 496 transitam
1029 462 1052 506 †
1076 462 1180 496 semel
1210 483 1255 486 —
1287 462 1375 496 vicis
1406 483 1451 487 —

103 512 247 552 praeter
271 519 350 542 eam
375 508 477 542 semel
500 519 601 541 nemo
632 529 677 532 —
708 509 860 551 accepit:
886 509 939 542 ita
962 508 1055 550 facit
1079 508 1232 552 Tyn-eil.
1259 510 1451 544 transitanz

109 556 266 599 corrupt.
289 565 332 588 ex
351 555 391 588 in
413 556 570 589 transita
588 555 649 588 ‘an
663 554 880 588 interlinear
900 555 1140 599 explanation
1161 555 1201 589 of
1218 555 1257 590 ἐν
1275 554 1447 601 παρόδῳ’

107 603 209 636 ratus
236 601 439 645 (Hermath.
466 601 533 634 VH
561 605 650 635 1890
678 613 712 645 p.
735 604 804 645 38),
837 602 1034 644 abstinens,
1059 603 1162 636 Iulia
1194 603 1265 648 1696
1284 603 1451 647 prandia

108 670 152 674 -
183 649 286 690 vicis,
317 650 452 692 accepit
477 653 509 682 et
532 648 623 690 facit
647 648 798 692 Madvig
822 648 912 682 Adv.
939 649 990 682 ΠΙ
1019 661 1055 693 p.
1084 653 1162 691 176,
1194 660 1266 693 quo
1298 649 1450 683 Bootius

109 695 219 729 ‘nihil
244 694 337 729 vidit
362 695 552 739 ineptius’.
591 695 684 728 Mihi
708 695 763 729 ita
788 706 860 729 non
879 696 1048 740 ineptum
1065 696 1221 739 videtur,
1246 698 1289 730 ut
1303 697 1450 740 pransi—

107 748 190 778 tans
221 742 444 786 scripserim,
478 741 577 785 quod
608 742 864 786 Peerlkampio
889 743 1074 787 placuisse
1104 744 1265 777 testatur
1296 743 1449 787 Tyn-cll.

108 811 152 815 —-
175 793 216 823 19
243 790 302 824 sed
327 789 393 832 (sie
414 788 533 833 codd.)
554 789 702 832 mirifice
715 791 774 824 eti
782 801 846 823 am
864 791 1097 824 abstinentem
1111 800 1129 824 e
1150 790 1254 825 codd.
1269 790 1448 834 Malaesp.

108 836 294 879 Wesenb„
326 835 436 879 Boot,
463 835 615 879 Tyr-rell.
643 857 688 861 —
714 840 757 869 33
783 837 1019 881 eroqabatar
1044 837 1092 880 M,
1119 837 1261 880 Baiter,
1294 837 1448 881 Tyrrell.

108 883 150 917 V.
178 883 368 916 Lehmann
395 882 471 916 Att.
498 895 532 926 p.
557 886 633 916 174.
683 884 694 927 ΙΙ
737 883 782 917 Ρ.
813 883 900 918 155.
928 887 971 916 10
996 884 1238 927 Apameense
1268 884 1447 927 Lambin.,

110 930 220 973 WVes„
242 929 393 974 Tyri-cll.
434 929 475 963 V.
492 929 540 962 ad
557 928 644 963 fam.
659 942 692 974 p.
711 933 788 963 133.
804 933 858 964 25.
880 951 924 954 —-
946 934 987 964 16
1008 931 1272 976 [Laodiceam]
1290 930 1447 974 Ernesti,

108 977 244 1011 Baiter.
283 997 328 1001 —
367 979 410 1009 23
443 977 537 1011 enim
566 978 653 1020 post
682 977 857 1011 bominem
892 977 996 1011 codd.
1017 979 1059 1011 ut
1084 990 1118 1022 p.
1148 981 1225 1011 156.
1247 981 1289 1011 22
1317 982 1349 1012 et
1372 982 1449 1012 erat

109 1025 211 1066 cicini,
239 1023 322 1058 secl.
338 1023 446 1066 Bait,
467 1023 570 1057 Boot.
587 1044 632 1048 —-
652 1027 695 1057 35
715 1024 748 1057 si
766 1023 893 1057 Baiter
914 1035 996 1057 cum
1014 1023 1210 1068 prioribus,
1232 1035 1320 1058 corr.
1335 1024 1446 1067 Wes.,

109 1072 189 1114 (sim
213 1070 275 1113 Μ),
302 1082 332 1104 V.
348 1073 486 1104 32—35
512 1071 607 1114 qaod
626 1090 672 1094 —
692 1071 776 1104 aliis
796 1072 899 1104 extra
922 1071 1093 1114 parenth.
1114 1071 1222 1114 Bait,
1249 1071 1350 1114 Tyr-r.
1389 1071 1448 1105 Ad
1492 1071 1499 1074 ⁷

108 1121 295 1198 {21¹3ss
322 1116 549 1198 &5233
571 1117 728 1198 59ὺίιὶζῇ
754 1117 1344 1209 {zittessfflffssaa'1330a3fflss‘
1370 1130 1448 1198 ²423?

108 1224 142 1255 p.
163 1212 233 1255 47).
260 1192 305 1235 —'
332 1214 376 1244 30
401 1211 452 1245 At
477 1210 570 1245 coni.
596 1210 760 1254 Ernesti,
787 1212 810 1256 †
835 1212 888 1246 Et
912 1211 1084 1245 Wesenb.
1114 1212 1204 1245 coni.
1233 1212 1317 1254 Sed,
1349 1213 1447 1257 [Et]

108 1258 245 1300 Baiter,
271 1258 375 1300 Boot,
401 1257 553 1301 Tyrrell.
574 1279 619 1282 —
646 1262 688 1291 33
704 1269 756 1301 sq.
782 1259 991 1303 synqrapba
1016 1259 1074 1293 ias
1099 1259 1284 1301 diceretar,
1308 1270 1382 1293 non
1407 1263 1448 1294 'at

109 1306 182 1339 alio
201 1306 280 1339 iure
298 1316 340 1339 ea
359 1305 567 1349 synyrapha
586 1310 681 1347 esset,
707 1317 814 1349 quam
833 1309 964 1339 ceterae
982 1306 1209 1350 synqraphae
1229 1305 1320 1339 coni.
1341 1305 1445 1349 Boot,

109 1364 175 1386 scr.
197 1351 298 1395 Tyrr.
326 1351 408 1385 fals.
435 1372 481 1376 —
507 1355 548 1385 37
576 1352 702 1396 [illos]
728 1351 886 1394 Ernesti,
912 1351 1024 1395 XVes„
1049 1352 1152 1386 Boot.
1202 1352 1214 1398 Η
1259 1353 1304 1387 Ρ.
1320 1353 1446 1388 157.4

112 1398 226 1443 ‘Quid
247 1399 370 1442 potius
395 1399 471 1440 est',
503 1399 671 1442 inquam,
705 1398 826 1442 ‘qnam
852 1410 917 1433 scr.
944 1410 1035 1433 mus.
1062 1399 1177 1433 Rhen.
1201 1402 1290 1433 1898
1309 1411 1344 1444 p.
1367 1404 1445 1443 124,

110 1456 215 1489 opus
233 1449 282 1479 est
300 1455 365 1488 pro
386 1445 506 1488 potius
525 1450 574 1479 est
596 1445 712 1487 codd.,
742 1445 855 1490 ‘Quid
874 1456 963 1489 opas
984 1447 1061 1488 est',
1082 1447 1242 1490 inquam,
1265 1446 1386 1490 ‘qaam
1405 1451 1446 1482 ut

110 1492 217 1534 Bait,
240 1491 353 1536 ‘Quid
373 1502 462 1535 opas
476 1491 578 1534 est?’‚
596 1493 756 1535 inquam,
779 1493 950 1527 ‘rationes
963 1492 1072 1536 vulg,
1093 1493 1187 1526 Boot
1206 1494 1444 1537 (conferetis),

110 1538 252 1583 Tyrrell
279 1540 316 1572 et
342 1538 470 1572 addito
491 1539 569 1573 licet
586 1540 671 1582 post
690 1539 882 1581 conferatis
901 1539 1074 1573 Wesenb.
1096 1561 1140 1564 —
1161 1544 1179 1573 9
1201 1544 1233 1574 et
1253 1540 1336 1574 add.
1359 1542 1446 1574 ante

109 1590 149 1620 ut
168 1585 341 1619 Wesenb.
364 1595 407 1619 ex
428 1585 482 1619 ed.
498 1585 589 1619 Iens.
607 1586 643 1619 et
662 1585 828 1619 Lambin.
849 1585 892 1620 V.
907 1585 1096 1620 Lehmann
1117 1586 1281 1627 Quaestt.
1296 1599 1330 1631 p.
1347 1591 1401 1621 25.
1436 1595 1444 1632 3}

157 1633 203 1667 P.
225 1632 313 1667 158.
337 1635 353 1665 1
382 1644 405 1666 a
430 1643 463 1666 se
488 1633 688 1666 sustentari
724 1632 849 1675 Klotz,
876 1632 987 1676 Wes.,
1014 1633 1117 1676 Boot,
1144 1633 1297 1677 Tyri-eil,
1325 1646 1347 1668 a
1374 1645 1443 1668 om.

111 1679 227 1722 codd.,
248 1683 444 1713 sustentare
465 1679 519 1712 ed.
535 1679 650 1721 Rom,
670 1679 765 1713 Bait.
781 1700 826 1704 —
845 1684 864 1712 3
885 1681 971 1723 post
988 1681 1124 1714 scribas
1138 1680 1268 1714 Bootio
1283 1680 1443 1714 scriben—

111 1726 199 1759 dum
211 1725 358 1759 videtur
377 1730 417 1760 at
435 1730 567 1760 certam
586 1727 706 1768 sciam,
728 1726 826 1769 quod
842 1725 993 1760 ‘locutio
1013 1728 1149 1761 scribas
1167 1731 1296 1761 certam
1319 1738 1340 1760 a
1361 1738 1444 1760 con-

111 1772 305 1807 suetudine
330 1772 503 1805 Tulliana
533 1772 708 1815 recedit’,
739 1777 779 1807 ut
803 1773 914 1807 sciam
933 1778 1012 1808 cert.
1034 1773 1135 1817 Tyrr.
1168 1775 1179 1817 [j
1221 1774 1267 1808 P.
1290 1774 1377 1808 159.
1401 1777 1444 1807 10

108 1831 183 1854 non
207 1819 342 1864 χρύσεα
367 1817 543 1863 χαλκείων
569 1818 667 1853 Wes.
690 1829 708 1853 e
737 1819 822 1863 ‘mg
842 1819 866 1853 1.
889 1823 990 1863 1584,
1017 1820 1081 1854 sed
1108 1820 1186 1854 sine
1214 1820 1315 1861 non',
1341 1820 1443 1864 Tyrr.

112 1877 166 1910 ep.
189 1870 267 1908 252,
283 1876 350 1900 om.
366 1865 503 1909 Baiter,
517 1865 808 1909 respondebo***
824 1866 926 1900 Boot.
949 1888 993 1892 —
1015 1871 1056 1900 13
1074 1867 1140 1900 XI
1150 1866 1303 1900 Schiche
1322 1877 1442 1911 progr.

110 1913 333 1946 Berol.1897
358 1925 393 1956 p.
408 1916 463 1946 20.
484 1933 530 1938 —
550 1916 593 1946 19
619 1913 704 1958 [in]
717 1913 850 1957 Appio,
875 1914 940 1947 tibi
965 1914 1182 1947 libertatem
1207 1913 1273 1956 (sic
1292 1913 1442 1957 Victor.,

110 1960 224 2002 Bait,
260 1959 365 2001 Boot)
398 1959 551 2003 Tyrrell.
601 1980 646 1984 -—
696 1963 737 1993 21
760 1961 875 2003 paulo
902 1962 970 1993 αΣ
992 1960 1195 2003 (Lehmann
1219 1960 1295 1994 Att.
1316 1972 1350 2004 p.
1375 1963 1443 2005 70),

110 2006 295 2049 Wesenb.,
320 2006 429 2048 Boot,
457 2017 524 2040 om.
547 2010 590 2048 Δ,
616 2006 758 2049 Baiter,
790 2006 942 2050 Tyrrell.
986 2008 997 2050 ΙΙ
1040 2007 1085 2040 P.
1108 2006 1196 2040 160.
1224 2010 1264 2039 11
1294 2007 1444 2052 leyatis?

113 2053 219 2087 etiam
249 2053 290 2087 de
320 2064 392 2096 rep.
419 2053 562 2095 Baiter,
595 2052 747 2096 Tyrrell.
775 2074 820 2078 —
853 2058 894 2087 15
920 2053 1031 2087 Hanc
1064 2053 1254 2086 Lehmann
1281 2053 1442 2088 ‘Jahres-

110 2099 254 2132 bei-ioht
274 2099 337 2133 des
355 2099 483 2143 philol.
503 2099 671 2133 Vereins’
695 2103 784 2133 1888
804 2112 838 2143 p.
861 2104 938 2133 257.
960 2121 1004 2124 —
1026 2103 1067 2132 16
1084 2103 1230 2142 putant
1249 2099 1442 2135 Schuetzio

112 2147 261 2179 auctore
286 2145 388 2180 Boot.
429 2145 480 2180 Cf.
503 2147 550 2179 ad.
575 2158 609 2190 p.
634 2150 709 2180 136.
727 2150 780 2180 34.
802 2168 846 2171 —
867 2150 910 2180 25
936 2147 1049 2180 illico
1075 2145 1186 2188 Wes.,
1212 2145 1355 2190 Tyrrell
1382 2148 1443 2192 (ad

111 2192 197 2226 fam.
212 2204 246 2236 p.
263 2196 340 2226 211.
355 2194 401 2235 8),
427 2193 505 2227 dico
533 2193 655 2236 codd.,
683 2205 765 2227 cum
791 2204 896 2227 cruce
916 2193 1009 2226 Boot
1033 2192 1194 2236 probans
1213 2194 1292 2228 ideo
1311 2194 1369 2228 vel
1387 2195 1442 2228 id-

111 2240 203 2273 circo
229 2238 286 2272 vel
311 2239 351 2272 in
376 2250 423 2273 60.
450 2260 496 2264 ——
519 2239 572 2274 Ib.
600 2251 651 2274 me
675 2241 838 2274 revocavi
858 2241 893 2273 Σ
915 2239 1118 2283 (Lehmann
1144 2240 1219 2274 Att.
1239 2252 1273 2285 p.
1289 2244 1344 2284 47,
1373 2243 1442 2285 70),

110 2286 272 2321 revocavi
298 2297 347 2320 me
372 2285 420 2329 M,
448 2286 529 2320 edd.
552 2307 596 2311 —
617 2290 659 2320 26
686 2286 868 2321 mandatis
887 2286 975 2320 satis
993 2287 1144 2328 facerem
1164 2286 1230 2329 ΜΞ,
1256 2287 1442 2332 Wesenb.,

1186 2345 1232 2378 d..
