1665 2553
307 78 645 113 EPISTULARUM
670 78 734 112 AD
760 77 975 112 ATTICUM
999 78 1066 112 VII
1092 81 1215 112 9-11,
1343 77 1428 118 205

97 175 220 218 mur?
271 173 305 216 Ο
336 174 553 216 hominem
585 176 795 215 amentem
827 176 869 214 et
899 173 1114 229 miserum,
1153 173 1226 227 qui
1257 187 1309 213 ne
1340 188 1429 213 um-

96 235 218 276 bram
250 234 418 287 quidem
449 248 651 287 umquam
676 238 754 274 τοῦ
780 236 916 274 καλοῦ
942 232 1111 273 viderit!
1160 232 1302 285 Atque
1326 231 1429 272 haec

98 294 158 334 ait
195 293 336 334 omnia
372 292 507 332 facere
548 306 592 332 se
624 291 844 346 dignitatis
877 305 1011 332 causa.
1072 290 1161 332 Ubi
1193 294 1256 331 est
1288 292 1429 330 autem

99 351 283 406 dignitas
320 350 404 391 nisi
442 350 517 390 ubi
553 349 782 391 honestas?
838 349 1079 391 Honestum
1110 349 1244 404 igitur
1273 348 1429 389 habere

61 426 78 452 5
99 410 327 451 exercitum
365 409 482 449 nullo
520 409 689 462 publico
724 408 919 463 consilio,
963 422 1163 462 occupare
1209 407 1335 448 urbes
1377 406 1430 447 01-

97 469 232 523 vium,
269 482 351 522 quo
382 468 547 508 facilior
579 467 635 508 sit
668 467 805 507 aditus
838 467 888 507 ad
918 467 1119 522 patriam,
1154 474 1295 521 χρεῶν
1327 465 1431 506 ἀπο-

97 528 245 580 κοπάς,
277 527 489 581 φυγάδων
513 527 749 579 καθόδους,
776 529 963 566 sescenta
989 525 1071 566 alia
1097 525 1253 566 scelera-
1277 524 1432 577 moliri,

182 597 280 651 “τὴν
311 601 431 638 θεῶν
462 598 669 650 μεγίστην
700 593 792 637 ὥστ’
831 597 945 649 ἔχειν
975 596 1216 650 τυραννίδα
1251 594 1348 635 ——'‘?

100 672 192 714 Sibi
228 672 383 713 habeat
423 686 541 713 suam
573 672 804 712 fortunam!
854 670 993 712 Unam
1024 670 1261 712 mehercule
1291 673 1431 712 tecum

46 750 80 773 10
101 731 403 786 apricationem
439 731 485 771 in
521 730 596 771 illo
634 730 840 771 lucrativo
878 732 952 771 tuo
995 730 1082 771 sole
1119 730 1266 770 malim
1304 744 1431 783 quam

99 791 240 831 omnia
270 790 395 830 istius
421 789 536 830 modi
560 803 691 844 regna
715 789 783 829 vel
807 789 950 842 potius
976 788 1086 829 mori
1110 788 1277 829 miliens
1305 803 1431 842 quam

99 849 228 890 semel
271 848 395 889 istius
440 848 555 889 modi
598 847 822 901 quicquam
860 847 1056 901 cogitare.
1126 846 1266 902 Quid,
1311 847 1347 887 si
1383 849 1432 887 tu

97 906 246 948 velisP'
291 907 442 960 inquis.
505 906 614 961 Age,
659 906 753 960 quis
792 908 875 960 est,
912 906 978 946 cui
1015 905 1121 946 velle
1161 920 1249 946 non
1277 905 1430 946 liceat?

100 965 181 1007 Sed
218 979 294 1020 ego
332 965 412 1006 hoc
448 966 589 1018 ipsum
628 964 764 1005 ‘velle’
801 964 996 1005 miserius
1037 978 1127 1005 esse
1167 964 1271 1004 duco
1305 979 1431 1018 quam
1488 1006 1495 1010 ,

47 1025 144 1067 15111
188 1038 351 1065 crucem
394 1024 500 1065 tolli.
567 1022 663 1064 Una
699 1037 765 1064 res
804 1025 867 1063 est
905 1037 952 1063 ea
988 1023 1201 1077 miserior,
1244 1022 1431 1077 adipisci,

101 1083 212 1137 quod
242 1083 303 1123 ita
333 1082 528 1123 volueris.
579 1080 660 1122 Sed
689 1081 791 1122 haec
822 1081 1036 1131 hactenus
1086 1081 1288 1122 Libenter
1319 1081 1431 1122 enim

99 1142 145 1182 in
173 1141 240 1182 his
272 1141 478 1181 molestiis
511 1140 750 1194 ἐνσχολάζω
782 1152 862 1181 σοι.

185 1199 420 1240 Redeamus
461 1199 512 1240 ad
547 1201 753 1240 nostrum.
814 1198 894 1239 Per
931 1199 1144 1239 fortunas!
1196 1198 1319 1251 quale
1350 1198 1431 1239 tibi

100 1258 323 1300 consilium
353 1257 528 1311 Pompei
566 1257 760 1298 videtur?
808 1257 890 1298 1100
928 1272 1101 1312 quaero,
1139 1257 1252 1310 quod
1282 1257 1431 1297 urbem

46 1334 81 1358 20
99 1317 330 1371 reliquerit.
391 1316 486 1371 Ego
528 1316 639 1356 enim
677 1315 837 1369 ἀπορῶ.
899 1315 1008 1356 Tum
1046 1315 1156 1356 nihil
1197 1315 1430 1356 absurdius.

100 1375 260 1416 Urbem
303 1378 351 1415 tu
393 1375 635 1428 relinquas?
685 1388 784 1428 ergo
829 1374 957 1429 idem7
1000 1374 1037 1415 si
1069 1373 1182 1414 Galli
1211 1374 1431 1415 venirent?

102 1433 217 1474 ‘Non
254 1434 350 1487 est’,
389 1433 546 1487 inquit,
584 1433 644 1473 ein
674 1433 908 1486 parietibus
940 1447 1006 1473 res
1038 1431 1235 1486 publica.’
1296 1432 1356 1473 At
1387 1432 1433 1472 in

102 1492 184 1532 aris
217 1494 258 1532 et
288 1491 404 1532 focis.
456 1490 585 1532 ‘Fecit
617 1491 950 1532 'Themistocles’
998 1490 1195 1532 Fluctum
1227 1491 1338 1531 enim
1369 1493 1432 1531 to—

101 1551 186 1590 tius
224 1550 443 1590 barbariae
482 1550 590 1590 ferre
627 1550 729 1590 urbs
761 1564 845 1590 una
875 1564 962 1590 non
992 1552 1170 1603 poterat.
1231 1549 1290 1590 At
1320 1549 1431 1590 idem

48 1625 81 1651 25
100 1608 281 1649 Pericles
318 1622 405 1648 non
439 1608 539 1648 feeit
576 1622 732 1648 annum
769 1608 855 1648 fere
892 1610 989 1661 post
1021 1608 1432 1662 quinquagesimum,

101 1682 195 1708 cum
238 1669 403 1720 praeter
445 1666 611 1707 moenia
646 1666 757 1706 nihil
792 1669 971 1719 teneret3
1013 1666 1151 1706 nostri
1189 1666 1292 1707 olim
1327 1666 1432 1706 urbe

101 1726 263 1779 reliqua
295 1728 416 1778 capta
447 1739 583 1765 arcem
615 1727 757 1765 tamen
786 1724 1062 1764 retinuerunt.

102 1796 250 1837 εΟὕτω
288 1810 374 1837 που
410 1802 498 1836 τῶν
534 1796 731 1849 πρόσθεν
771 1794 1050 1848 ἐπευθόμεθα
1071 1791 1189 1835 ’κλέα
1229 1792 1430 1847 ἀνδρῶνῖ

102 1870 265 1912 Rursus
298 1874 439 1912 autem
471 1885 520 1911 ex
553 1870 694 1910 dolore
719 1869 964 1922 municipali
991 1869 1340 1922 sermonibusque
1366 1883 1430 1909 eo-

51 1946 85 1970 30
103 1944 210 1984 rum,
241 1944 346 1983 quos
378 1929 593 1983 convenio)
623 1928 788 1969 videtur
818 1928 897 1968 11οο
926 1927 1149 1968 consilium
1175 1927 1336 1967 exitum
1360 1927 1431 1968 ha-

103 1987 302 2028 biturum.
374 1988 484 2028 Mira
524 1986 745 2027 hominum
789 1986 957 2040 querela
1003 1988 1067 2026 est
1113 1984 1278 2040 (nescio
1322 1986 1431 2041 istic,

105 2045 177 2085 sed
211 2045 357 2101 facies,
398 2049 446 2087 ut
484 2044 637 2101 sciam)
676 2046 765 2085 sine
796 2044 1117 2099 magistratibus
1149 2044 1297 2084 urbem
1329 2058 1432 2099 esse,

105 2104 194 2144 sine
238 2107 395 2145 senatu.
460 2103 645 2159 Fugiens
691 2103 867 2157 denique
908 2102 1134 2156 Pompeius
1178 2102 1430 2143 mirabiliter

103 2161 296 2203 homines
339 2165 491 2203 movet.
562 2162 671 2211 Quid
715 2161 912 2215 quaeris?
974 2161 1056 2201 alia
1098 2175 1222 2201 causa
1265 2161 1428 2201 factast.

51 2236 84 2262 35
104 2219 226 2261 Nihil
256 2221 340 2261 iam
372 2221 676 2262 concedendum
707 2222 858 2274 putant
885 2219 1062 2260 Caesari.
1111 2218 1226 2259 Haec
1251 2221 1299 2260 tu
1324 2219 1430 2260 mihi

105 2279 265 2333 explica
297 2279 437 2333 qualia
469 2279 565 2320 sint.

1457 856 1475 885 ¹&
