1665 2553
200 107 288 148 240
627 106 674 140 Μ.
703 106 843 141 TULLI
869 105 1117 141 CICERONIS

201 202 253 243 ad
286 202 487 256 oppidum
519 204 655 243 castra
680 202 873 257 haberet,
910 204 1053 243 tutum
1084 202 1166 243 iter
1197 217 1287 243 esse
1317 216 1404 243 non
1435 202 1544 243 arbi-

201 261 355 302 trabar.

291 317 398 360 Cum
430 333 496 360 res
529 319 572 359 in
607 334 770 360 sumnia
803 319 1117 373 exspectatione
1149 321 1277 375 esset,
1314 322 1542 373 utrumque

203 378 332 419 simul
372 378 628 432 audivimus,
670 381 711 418 et
753 392 859 432 quae
891 376 1052 418 Corfini
1093 380 1185 418 acta
1222 380 1380 432 essent,
1421 380 1462 418 et
1499 381 1540 418 te

202 437 285 477 iter
310 435 588 477 Brundisium
619 436 755 477 facere
781 436 985 490 coepisse,
1018 450 1195 489 cumque
1220 450 1298 477 nec
1327 436 1434 477 mihi
1463 450 1540 477 nec
1578 454 1594 480 5

201 495 326 536 fratri
358 509 451 536 meo
485 495 661 535 dubium
693 497 814 549 esset,
848 495 951 548 quin
975 494 1249 535 Brundisium
1275 494 1542 535 contendere-

201 568 310 608 mus,
342 569 364 593 a
396 553 557 608 multis,
589 554 661 607 qui
694 569 715 594 e
749 553 920 595 Samnio
940 552 1181 607 Apuliaque
1205 553 1444 609 veniebant,
1475 553 1542 593 ad-

202 612 356 653 moniti
384 627 540 665 sumus,
572 615 620 652 ut
640 627 892 667 caveremus,
922 626 976 653 ne
1001 612 1286 666 exciperemur
1312 627 1336 653 a
1356 611 1542 665 Caesare,

204 671 318 725 quod
349 671 385 711 is
416 671 462 711 in
488 671 629 711 eadem
661 671 765 726 loca,
797 685 901 725 quae
932 685 1011 712 nos
1036 670 1296 725 petebamus,
1327 670 1541 724 profectus

203 730 379 770 celerius
406 729 546 785 etiam,
578 744 705 783 quam
728 744 807 770 nos
833 744 1068 785 possemus,
1099 743 1160 784 eo,
1186 744 1268 783 quo
1294 729 1542 783 intenderet,
1562 747 1595 772 10

203 791 406 829 venturus
450 791 570 829 esset.
639 787 759 836 Quod
803 803 898 829 cum
938 788 999 829 ita
1039 791 1166 843 esset,
1204 802 1281 829 nec
1321 787 1426 828 mjhi
1465 802 1542 828 nec

203 847 326 887 fratri
358 861 451 887 meo
482 861 560 887 1100
591 848 787 901 cuiquam
813 847 1045 887 amicorum
1076 846 1236 900 placuit
1266 847 1542 901 committere,

203 909 251 945 ut
283 906 500 946 temeritas
532 908 680 946 nostra
711 920 797 947 non
839 905 977 946 solum
1016 905 1159 959 nobis,
1201 905 1272 946 sed
1313 905 1440 946 etiam
1479 905 1542 946 rei

202 964 398 1018 publicae
440 967 628 1019 noceret,
678 979 771 1005 cum
818 965 1067 1018 praesertim
1109 978 1196 1005 non
1239 964 1542 1019 dubitaremus,

203 1023 319 1077 quin,
351 1023 385 1063 si
417 1023 546 1063 etiam
576 1025 719 1063 tutum
748 1023 873 1064 nobis
905 1023 986 1063 iter
1018 1022 1181 1077 fuisset,
1212 1025 1254 1064 te
1284 1025 1427 1064 tamen
1455 1023 1541 1063 iam
1561 1039 1594 1065 15

203 1081 404 1135 consequi
434 1096 521 1122 non
550 1096 781 1135 possemus.

290 1139 468 1180 Interim
500 1140 735 1193 accepimus
767 1143 862 1180 tuas
894 1140 1061 1181 litteras
1095 1138 1277 1180 Canusio
1311 1155 1345 1180 a.
1372 1140 1407 1180 d.
1434 1151 1465 1180 X
1489 1138 1539 1180 K.

203 1198 379 1239 Martias
412 1199 551 1253 datas,
583 1199 738 1252 quibus
769 1213 848 1239 nos
880 1198 1084 1253 hortaris,
1120 1201 1168 1238 ut
1200 1198 1375 1238 celerius
1407 1197 1541 1238 Brun-

203 1257 359 1297 disium
390 1257 619 1297 veniamus.
682 1255 794 1304 Quas
826 1271 921 1297 cum
952 1257 1256 1310 accepissemus
1289 1271 1322 1297 a.
1350 1256 1385 1296 d.
1413 1268 1463 1296 ΙΙΙ
1487 1255 1538 1297 Κ.

202 1315 400 1370 Martias,
438 1329 525 1356 11011
563 1315 880 1369 dubitabamus,
921 1315 1025 1368 quin
1063 1318 1112 1355 tu
1151 1315 1235 1355 iam
1266 1314 1540 1355 Brundisium
1560 1333 1594 1357 20

202 1374 483 1428 pervenisses,
526 1374 733 1427 nobisque
777 1374 858 1414 iter
901 1373 1007 1414 illud
1034 1373 1222 1416 ,0111111110
1262 1373 1539 1414 interclusum

203 1432 448 1472 videbamus
485 1446 621 1486 neque
661 1432 801 1473 minus
841 1446 919 1472 nos
961 1446 1052 1473 esse
1093 1435 1256 1486 captos,
1297 1446 1423 1485 quam
1466 1432 1540 1485 qui

204 1490 365 1531 Corfini
395 1491 586 1531 fuissent.
647 1490 794 1544 Neque
827 1491 939 1531 enim
976 1505 1047 1532 eos
1081 1491 1193 1531 solos
1227 1490 1539 1531 arbitrabamur

203 1549 313 1603 capi,
361 1550 434 1603 qui
474 1550 519 1590 in
560 1552 820 1590 armatorum
860 1564 1009 1590 manus
1048 1549 1313 1604 incidissent,
1358 1549 1429 1590 sed
1469 1563 1539 1589 eos

202 1608 337 1648 nihilo
379 1608 537 1663 minus,
582 1608 655 1662 qui
696 1608 943 1663 regionibus
984 1608 1142 1648 exclusi
1182 1608 1296 1648 intra
1331 1607 1539 1661 praesidia
1558 1623 1591 1650 25

203 1670 330 1720 atque
361 1667 474 1707 intra
506 1682 622 1707 arma
655 1667 790 1707 aliena
820 1667 1045 1707 venissent.

292 1724 413 1774 Quod
445 1740 539 1766 cum
569 1726 631 1766 ita
663 1726 737 1781 sit,
767 1726 947 1766 maxime
979 1725 1130 1766 vellem
1160 1725 1345 1778 primum
1376 1737 1539 1777 semper

203 1786 342 1825 tecum
374 1784 566 1838 fuissem,
608 1784 720 1838 quod
752 1784 921 1838 quidem
950 1784 1032 1824 tibi
1070 1783 1350 1835 ostenderam,
1389 1796 1484 1822 cum
1515 1797 1539 1822 a

202 1857 268 1883 1110
301 1841 489 1896 Capuam
520 1843 754 1883 reiciebam.
817 1841 937 1890 Quod
973 1842 1053 1882 feci
1089 1856 1174 1882 non
1205 1840 1367 1882 vitandi
1399 1840 1538 1881 oneris

203 1916 340 1955 causa,
373 1902 444 1942 sed
470 1901 582 1955 quod
607 1901 801 1941 videbam
826 1901 962 1941 teneri
992 1901 1111 1941 illam
1135 1900 1283 1940 urbem
1311 1899 1399 1940 sine
1427 1913 1538 1939 exer·
1557 1916 1591 1940 30

204 1960 291 2000 citu
321 1974 408 2000 non
439 1975 579 2013 posse,
620 1959 803 2000 accidere
845 1962 986 2000 autem
1025 1959 1131 2000 1111111
1167 1958 1382 2012 nolebam,
1427 1957 1539 2011 quod

204 2018 324 2059 doleo
381 2019 483 2058 viris
538 2018 784 2059 fortissimis
841 2018 1048 2058 accidisse.
1121 2016 1328 2064 Quoniam
1386 2018 1539 2069 autem,

203 2079 341 2117 tecum
385 2080 432 2117 ut
477 2092 628 2131 essem,
676 2091 763 2117 non
812 2077 1009 2131 contigit,
1058 2075 1221 2115 utinam
1264 2075 1328 2115 tui
1372 2074 1539 2114 consilii

203 2136 358 2175 certior
404 2136 540 2176 factus
589 2136 737 2176 essem!
800 2133 910 2175 Nam
953 2134 1191 2187 suspicione
1237 2133 1410 2186 adsequi
1451 2147 1538 2173 non

203 2193 343 2247 potui,
383 2194 495 2247 quod
534 2194 674 2234 omnia
714 2193 831 2247 prius
864 2192 1094 2234 arbitratus
1135 2207 1228 2232 sum
1264 2192 1370 2245 fore,
1411 2205 1537 2244 quam
1555 2205 1590 2232 35

203 2254 251 2290 ut
282 2251 383 2292 haec
415 2253 475 2293 rei
507 2253 699 2306 publicae
736 2266 860 2293 causa
898 2252 943 2291 in
972 2250 1097 2291 ltalia
1134 2265 1220 2291 non
1256 2252 1399 2304 posset
1435 2249 1536 2290 duce

203 2311 245 2348 te
277 2310 514 2351 consistere.
578 2310 725 2364 Neque
766 2324 863 2351 vero
904 2323 1016 2350 nunc
1056 2309 1279 2350 consilium
1319 2311 1440 2348 tuum
1476 2322 1537 2348 re-
