1665 2553
203 68 293 107 444
632 68 681 103 M.
703 68 844 103 TULLI
871 68 1120 103 CICERONIS

205 163 368 204 eliciam
400 166 508 204 tuas.
571 163 653 219 Tu,
698 163 733 203 si
771 163 872 216 quid
910 163 990 204 erit
1027 163 1076 204 de
1114 163 1281 217 ceteris,
1322 163 1372 204 de
1408 163 1544 205 Bruto

203 222 369 276 utique,
418 222 629 275 quicquid.
698 221 813 262 Haec
863 221 1094 275 conscripsi
1138 234 1169 262 Χ
1206 197 1300 263 Kal.
1339 223 1545 264 accubans

205 281 315 334 apud
345 279 613 335 Vestorium
654 280 871 321 hominem
908 283 1119 321 remotum
1157 296 1181 321 a
1212 280 1459 336 dialecticis,
1501 281 1546 321 in

205 339 482 380 arithmeticis
515 339 619 379 satis
653 338 939 380 exercitatum.

815 455 932 497 XIII.

477 536 548 571 Ser.
570 537 732 571 Puteolis
767 537 825 570 VI
845 537 893 570 K.
916 536 1010 571 Mai.
1032 548 1064 571 α.
1088 540 1159 571 710
1185 539 1273 580 (44).

580 627 583 630 -
610 606 801 641 CICERO
826 606 1019 642 ATTICO
1044 606 1152 641 SAL.

295 677 485 732 Septimo
532 679 710 732 denique
752 678 818 719 die
855 678 1022 719 litterae
1065 679 1171 719 mihi
1211 679 1399 720 redditae
1437 682 1550 735 sunt,

208 752 312 791 quae
345 740 463 778 erant
496 752 519 778 a
549 740 592 777 te
622 749 705 778 XIII
738 736 830 777 Kal.
864 737 1002 792 datae,
1036 738 1191 791 quibus
1224 738 1390 791 quaeris
1421 740 1548 792 atque

207 797 334 836 etiam
370 811 436 836 me
480 796 621 850 ipsum
651 796 810 837 nescire
848 796 1089 851 arbitraris,
1133 799 1278 836 utrum
1314 797 1451 852 magis
1483 799 1547 837 tu-

205 855 332 895 mulis
369 859 681 908 prospectuque
720 869 770 895 an
811 854 1099 895 ambulatione
1132 855 1319 896 ἁλιτενεῖ
1357 855 1547 896 delecter.

205 913 286 954 Est
312 913 562 968 mehercule,
588 917 635 954 ut
662 913 778 967 dicis,
803 913 1026 967 utriusque
1046 913 1128 954 loci
1154 916 1276 954 tanta
1302 915 1548 968 amoenitas,

206 975 253 1012 ut
286 972 488 1026 dubitem,
521 975 617 1012 utra
648 972 940 1026 anteponenda
974 973 1040 1013 sit.

284 1067 338 1071 ——
372 1067 425 1071 —
461 1041 598 1084 ‘’AM„⁷
639 1042 691 1083 οὐ
725 1043 871 1091 δαιτὸς
904 1041 1122 1096 ἐπηράτου
1153 1044 1258 1095 ἔργα
1289 1041 1492 1096 μέμηλεν,

283 1101 392 1142 ἀλλὰ
424 1104 524 1154 λίην
555 1100 663 1155 μέγα
693 1108 827 1154 πῆμα,
860 1100 1098 1154 διοτρεφές,
1132 1102 1407 1154 εἰςορόωντες

283 1161 494 1213 δείδιμεν·
529 1159 576 1200 ἐν
608 1161 707 1215 δοιῇ
740 1158 787 1200 δὲ
821 1159 1043 1213 σαωσέμεν
1075 1159 1100 1212 i)
1134 1158 1411 1200 ἀπολέσθαιῖ

161 1272 178 1280 „
207 1241 408 1290 Quamvis
453 1241 563 1281 enim
604 1243 652 1280 tu
694 1255 847 1294 magna
886 1243 927 1281 et
964 1240 1069 1281 mihi
1107 1240 1290 1280 iucunda
1329 1240 1548 1294 scripseris

206 1300 255 1340 de
286 1299 336 1340 D.
372 1299 494 1340 Bruti
531 1299 715 1339 adventu
755 1299 807 1339 ad
845 1313 942 1339 suas
980 1299 1186 1353 legiones,
1229 1299 1274 1339 in
1312 1313 1395 1352 quo
1434 1313 1550 1352 spem

206 1359 433 1399 maximam
465 1358 605 1413 video,
642 1360 801 1411 tamen,
833 1357 867 1397 si
901 1360 964 1398 est
995 1357 1153 1398 bellum
1192 1357 1313 1398 civile
1344 1358 1551 1412 futurum,

207 1417 319 1471 quod
351 1419 461 1457 certe
494 1417 586 1471 erit,
617 1416 653 1456 si
687 1414 838 1456 Sextus
876 1416 920 1456 in
952 1416 1079 1456 armis
1110 1416 1395 1470 permanebit,
1427 1430 1550 1469 quem
1569 1433 1584 1457 2

206 1490 528 1529 permansurum
572 1489 661 1514 esse
699 1477 812 1515 certo
854 1475 959 1529 scio,
1005 1474 1106 1528 quid
1142 1474 1265 1514 nobis
1314 1474 1549 1515 facIendum

208 1534 283 1588 sit,
320 1534 482 1588 ignoro.
543 1532 692 1586 Neque
730 1533 841 1573 enim
879 1533 963 1573 iam
999 1532 1163 1586 licebit,
1207 1532 1320 1586 quod
1359 1531 1549 1574 Caesaris

206 1593 317 1633 bello
345 1593 478 1645 licuit,
498 1606 634 1645 neque
658 1591 740 1632 huc
766 1606 900 1644 neque
927 1591 1036 1632 illuc.
1101 1590 1413 1644 Quemcumque
1441 1591 1551 1631 enim

205 1651 308 1692 haec
340 1665 439 1704 pars
465 1651 727 1704 perditorum
759 1650 961 1690 laetatum
989 1648 1179 1690 Caesaris
1210 1652 1348 1690 morte
1379 1649 1550 1703 putabit

207 1708 434 1765 (laetitIam
467 1712 607 1750 autem
639 1709 905 1762 apertissime
937 1708 1113 1748 tulimus
1147 1706 1329 1761 omnes),
1360 1707 1473 1748 hunc
1505 1708 1550 1748 in

206 1768 395 1809 hostium
432 1782 606 1808 numero
644 1767 836 1821 habebit,
876 1781 981 1820 quae
1018 1781 1084 1807 res
1124 1766 1176 1807 ad
1214 1766 1379 1807 caedem
1420 1766 1550 1806 maxi-

206 1842 320 1867 mam
352 1829 524 1880 spectat.
579 1825 742 1880 Restat,
773 1828 821 1865 ut
852 1826 898 1865 in
923 1828 1061 1866 castra
1094 1825 1211 1866 Sexti
1243 1827 1327 1878 aut,
1361 1824 1396 1865 si
1427 1824 1549 1878 forte,

206 1884 331 1925 Bruti
368 1899 446 1925 nos
487 1885 763 1925 conferamus.
826 1883 909 1924 Res
950 1883 1095 1924 odiosa
1134 1886 1175 1924 et
1217 1883 1352 1923 aliena
1389 1883 1549 1923 nostris

207 1944 418 1984 aetatibus
457 1946 498 1984 et
540 1944 699 1983 incerto
740 1942 855 1983 exitu
894 1942 1012 1995 belli,
1050 1944 1092 1982 et
1129 1942 1269 1982 nescio
1310 1955 1392 1995 quo
1425 1944 1548 1995 pacto

206 2002 289 2042 tibi
321 2016 398 2056 ego
430 2016 614 2055 possum,
646 2001 752 2041 mihi
785 2004 833 2041 tu
866 2000 1019 2041 dicere:

313 2072 323 2087 ‘
344 2071 506 2114 Τέκνον
538 2072 656 2126 ἐμόν,
689 2072 742 2113 οὔ
774 2087 841 2111 τοι
874 2070 1048 2111 δέδοται
1079 2071 1292 2124 πολεμήια
1324 2071 1443 2123 ἔργα,

319 2130 429 2172 ἀλλὰ
457 2129 556 2184 σύγ’
594 2131 819 2184 ἱμερόεντα
850 2128 1051 2183 μετέρχεο
1084 2131 1189 2183 ἔργα
1221 2126 1403 2181 λόγοιο.’

159 2222 180 2252 3
208 2211 288 2253 Sed
319 2212 421 2253 haec
458 2213 546 2253 fors
579 2211 750 2263 viderit,
782 2225 829 2251 ea
868 2224 973 2264 quae
1011 2210 1170 2250 talibus
1208 2209 1253 2249 in
1289 2209 1416 2250 rebus
1453 2208 1549 2262 plus

209 2284 334 2323 quam
365 2271 475 2311 ratio
507 2273 658 2324 potest.
720 2269 812 2310 Nos
844 2271 985 2309 autem
1016 2268 1059 2308 id
1090 2268 1323 2321 videamus,
1363 2267 1474 2321 quod
1505 2267 1551 2307 in

1567 812 1602 837 10

1569 1116 1604 1142 15

1569 1723 1603 1749 25

1568 2015 1602 2040 30
