1665 2553
140 487 161 517 3

144 896 163 926 5

149 2179 166 2208 1

191 89 276 129 146
623 88 671 122 M.
698 87 838 122 TULLI
863 87 1111 123 CICERONIS

188 183 408 237 provincia
437 197 516 224 nos
549 183 754 238 gerimus,
792 183 907 236 quod
938 183 990 223 ad
1027 183 1331 225 abstinentiam
1363 184 1529 239 attinet,

189 245 238 282 ut
262 241 406 282 nullus
439 242 676 282 terruncius
718 242 958 282 insumatur
994 241 1039 282 in
1071 256 1337 296 quemquam.
1398 241 1449 283 Id
1477 243 1528 284 fit

190 300 318 341 etiam
338 303 379 341 et
405 300 645 355 legatorum
671 302 713 341 et
738 299 1009 340 tribunorum
1036 302 1077 340 et
1101 300 1412 354 praefectorum
1438 301 1529 341 dili-

190 359 350 413 gentia3
390 373 490 399 nam
531 373 675 400 omnes
715 358 891 398 mirifice
930 358 1331 412 συμφιλοόοξοῦσιν
1368 359 1528 414 gloriae

188 432 314 458 meae.
370 417 504 471 Lepta
535 420 681 458 noster
711 416 915 457 mirificus
948 419 1022 458 est.
1080 415 1160 458 Sed
1190 432 1302 458 nunc
1333 432 1527 472 propero.
1565 434 1581 460 5

187 475 451 516 Perscribam
484 476 535 516 ad
565 478 607 516 te
640 475 785 528 paucis
813 475 959 515 diebus
988 475 1139 516 omnia.
1201 474 1425 517 Cicerones
1455 491 1528 517 no—

189 537 300 575 stros
327 533 554 575 Deiotarus
583 534 709 587 filius,
742 533 815 587 qui
839 548 913 574 rex
936 533 987 574 ab
1015 537 1163 575 senatu
1190 535 1426 588 appellatus
1452 538 1528 589 est,

190 607 331 634 secum
357 593 401 633 in
423 606 612 647 regnum.
653 591 767 632 Dum
797 592 842 632 in
868 592 1039 633 aestivis
1064 607 1143 633 nos
1176 607 1374 649 essemus,
1405 593 1529 634 illum

189 652 332 705 pueris
363 651 505 692 locum
537 665 627 691 esse
659 651 942 691 bellissimum
974 650 1181 692 duximus,

281 708 443 750 Sestius
476 710 528 750 ad
559 724 624 750 me
657 709 844 762 scripsit,
885 723 991 762 quae
1031 712 1172 750 tecum
1212 712 1323 750 esset
1355 710 1404 752 de
1435 724 1528 751 mea
1547 727 1582 752 10

190 768 423 809 domestica
455 771 497 808 et
527 768 712 808 maxima
744 782 843 808 cura
873 767 1059 822 locutus,
1098 771 1140 808 et
1172 768 1276 822 quid
1305 768 1387 809 tibi
1419 772 1528 810 esset

190 827 338 867 visum.
400 826 566 867 Amabo
609 829 668 880 te,
709 826 905 867 incumbe
948 826 994 867 in
1034 841 1125 867 eam
1164 841 1254 867 rem
1295 829 1336 867 et
1375 826 1426 867 ad
1463 842 1530 868 me

191 885 345 941 scribe,
387 885 488 939 quid
525 888 566 926 et
603 885 758 938 possit,
799 887 840 925 et
876 887 925 925 tu
962 899 1142 926 censeas.
1202 884 1320 926 Idem
1359 885 1529 939 scripsit

189 943 468 984 Hortensium
516 944 564 984 de
607 943 874 998 proroganda
920 946 1069 984 nostra
1111 944 1329 997 provincia
1373 944 1529 985 dixisse

188 1003 329 1043 nescio
369 1003 480 1056 quid.
549 1002 658 1042 Mihi
694 1002 739 1042 in
778 1000 967 1043 Cumano
1007 1002 1330 1057 diligentissime
1376 1017 1436 1057 se,
1481 1005 1582 1044 ut15

190 1061 319 1101 annui
364 1075 569 1115 essemus,
615 1060 885 1101 defensurum
922 1062 1146 1114 receperat.
1214 1059 1260 1102 Si
1304 1061 1530 1115 quicquam

189 1134 257 1160 me
289 1134 421 1173 amas,
450 1119 564 1160 1111110
592 1118 733 1159 10011111
764 1118 894 1159 muni.
956 1117 1051 1159 Dici
1082 1133 1170 1159 non
1200 1121 1360 1173 potest,
1402 1134 1529 1173 quam

191 1177 350 1218 invitus
384 1193 407 1217 a
432 1177 552 1217 vobis
585 1177 738 1230 absim3
771 1180 812 1217 et
845 1177 972 1217 simul
999 1177 1107 1218 113110
1132 1177 1313 1231 gloriam
1337 1177 1528 1218 iustitiae

192 1239 234 1277 et
260 1235 541 1276 abstinentiae
566 1235 655 1276 fore
685 1235 976 1276 inlustriorem
1005 1249 1139 1289 spero,
1173 1235 1209 1275 si
1235 1236 1319 1276 cito
1347 1236 1528 1276 decesse-

191 1295 342 1347 rimus,
380 1294 425 1334 id
462 1293 576 1347 quod
614 1292 837 1334 Scaevolae
874 1294 1072 1348 contigit,
1112 1294 1185 1347 qui
1224 1293 1338 1334 solos
1375 1308 1528 1335 novem
1548 1310 1582 1335 ρο

195 1367 360 1393 menses
392 1352 520 1392 Asiae
551 1352 746 1405 praefuit.

281 1410 447 1464 Appius
478 1413 640 1463 noster,
679 1424 773 1451 cum
805 1424 871 1450 me
903 1409 1127 1451 adventare
1158 1410 1338 1463 videret,
1370 1411 1531 1464 profec-

193 1472 264 1509 tus
295 1472 358 1509 est
390 1469 569 1509 Tarsum
599 1483 733 1522 usque
764 1467 979 1509 Laodicea·
1030 1468 1096 1509 Ibi
1127 1469 1268 1509 forum
1301 1469 1402 1524 agit,
1435 1483 1530 1510 cum

194 1541 272 1582 ego
306 1528 386 1568 sim
417 1528 462 1568 in
492 1527 718 1581 provincia.
770 1526 905 1575 Quam
937 1527 1025 1567 eius
1056 1526 1257 1568 iniuriam
1282 1542 1369 1568 non
1399 1528 1529 1568 insec-

193 1589 272 1627 tor.
336 1585 447 1627 Satis
480 1587 592 1626 enim
622 1586 757 1626 habeo
783 1586 946 1640 negotii
976 1585 1022 1626 in
1047 1586 1244 1626 sanandis
1270 1585 1530 1640 vulneribus,
1549 1600 1583 1627 -25

196 1659 302 1698 quae
334 1647 433 1685 sunt
470 1644 672 1698 imposita
711 1644 969 1699 provinciae3
1015 1644 1128 1698 quod
1172 1644 1223 1684 do
1269 1658 1439 1698 operam
1481 1646 1530 1684 ut

194 1703 346 1744 faciam
379 1718 505 1757 quam
535 1703 711 1743 minima
743 1717 839 1743 cum
869 1702 984 1743 illius
1011 1702 1277 1743 contumelia.
1338 1700 1421 1742 Sed
1449 1701 1530 1743 1100

194 1762 329 1802 Bruto
361 1764 508 1802 nostro
541 1762 668 1802 velim
700 1761 824 1814 dicas,
855 1760 978 1801 illum
1008 1761 1158 1801 fecisse
1187 1774 1275 1801 non
1303 1760 1424 1814 belle,
1457 1761 1530 1814 qui

195 1821 379 1861 adventu
408 1834 520 1874 meo,
554 1834 681 1874 quam
711 1820 960 1874 longissime
991 1820 1190 1875 potuerit,
1222 1819 1470 1859 discesserit.

786 1934 944 1977 XVIII.
1549 1952 1584 1977 30

193 2016 268 2051 Ser.
289 2017 330 2050 in
355 2016 483 2051 castris
508 2016 557 2050 acl
584 2015 751 2060 Cybistra
772 2014 1023 2059 Cappadociae
1044 2015 1111 2049 XI
1124 2014 1172 2049 K.
1197 2014 1268 2049 Oct.
1291 2026 1323 2049 α.
1348 2017 1418 2050 703
1439 2017 1530 2059 (51).

619 2096 787 2131 CICERO
814 2095 986 2130 ATTICO
1014 2095 1110 2130 SAL.

284 2167 418 2216 Quam
448 2169 598 2209 vellem
624 2167 785 2209 Romae
817 2182 941 2221 esses,
974 2167 1010 2208 si
1041 2167 1149 2208 forte
1180 2182 1267 2209 non
1298 2169 1359 2208 es!
1409 2166 1532 2208 Nihil

197 2226 308 2266 enim
341 2227 443 2267 certi
474 2227 734 2267 habebamus
765 2227 850 2267 nisi
888 2225 1096 2279 accepisse
1127 2240 1206 2266 nos
1238 2229 1333 2266 tuas
1363 2225 1529 2266 litteras

195 2298 229 2324 a.
263 2284 297 2323 d.
330 2296 431 2324 XIIII
463 2285 555 2325 Kal.
585 2284 728 2326 sextil.
760 2285 890 2338 datas,
922 2285 966 2325 in
998 2284 1151 2338 quibus
1185 2284 1391 2338 scriptum
1422 2286 1530 2325 esset
1550 2299 1584 2326 35
