1665 2553
308 78 651 114 EPISTULARUM
676 80 740 114 AD
768 80 984 115 ATTICUM
1009 80 1077 115 ΧΠ
1101 85 1252 116 42—44.
1375 81 1457 123 387

119 174 163 216 id
193 175 378 229 cupiam,
419 189 548 229 quom
579 175 660 217 tibi
693 175 869 217 audeam
899 177 1106 232 confiteri,
1144 192 1270 231 quem
1299 177 1343 218 id
1373 192 1460 218 non

119 233 180 274 ita
216 233 336 275 valde
374 234 555 288 probare
587 234 779 276 arbitrer.
843 234 925 276 Sed
960 236 1158 277 ferendus
1190 236 1273 276 tibi
1303 236 1349 276 in
1379 236 1460 277 hoc

119 306 236 333 meus
269 307 396 333 error.
452 292 694 334 Ferendus?
738 294 868 335 immo
902 309 1000 335 vero
1033 294 1162 336 etiam
1188 294 1458 335 adiuvandus.

119 350 182 391 De
221 349 388 392 Othone
431 351 594 406 diffido,
637 352 818 393 fortasse
856 353 955 407 quia
992 354 1126 408 cupio.
1196 352 1277 395 Sed
1313 356 1457 394 tamen
1482 364 1501 394 3
1529 362 1567 396 (2)

83 426 100 452 5
120 409 256 450 maior
287 410 415 451 etiam
445 424 512 451 res
545 412 609 451 est
641 425 767 464 quam
799 411 1022 453 facultates
1053 414 1237 467 nostrae,
1275 426 1460 466 praeser-

0 462 1 518 1
118 468 197 509 tim
228 468 466 510 adversario
500 471 541 509 et
572 469 723 523 cupido
757 472 798 511 et
828 470 1038 524 locuplete
1070 473 1112 512 et
1135 470 1297 511 herede.
1359 470 1459 512 Pro-

117 527 280 568 ximum
312 530 389 582 est,
419 529 468 568 ut
498 527 625 568 velim
659 526 841 570 Clodiae.
894 528 987 585 Sed,
1020 529 1056 570 si
1087 530 1170 571 ista
1195 529 1336 570 minus
1365 543 1459 570 con-

117 586 187 626 fici
218 588 411 652 possunt,
443 586 558 627 effice
592 587 770 641 quidvis
831 587 927 642 Ego
960 602 1026 629 me
1057 588 1216 629 maiore
1241 588 1460 643 religione,

120 659 246 698 quam
272 645 496 698 quisquam
522 645 606 686 fuit
632 645 759 686 ullius
786 622 899 701 νο11ῗ
910 647 1166 688 obstrictum
1186 649 1302 701 puto.
1336 646 1460 687 Vide-

66 720 100 744 10
119 703 186 744 bis
225 703 352 744 etiam
385 703 693 759 Trebonianos,
732 705 813 745 etsi
852 705 1007 746 absunt
1040 705 1210 746 domini.
1273 704 1371 759 Sed,
1411 708 1459 746 ut

120 761 171 802 ad
207 764 250 802 te
287 761 379 802 heri
421 763 588 818 scripsi,
632 739 917 804 considerabis
955 764 1083 805 etiam
1119 764 1169 805 de
1208 739 1459 817 Tuscul'ano,

118 834 171 861 ne
208 822 346 862 aestas
388 820 550 875 effluat,
595 821 710 876 quod
741 825 851 863 certe
883 837 970 864 non
1001 825 1065 864 est
1098 822 1459 864 committendum.

714 938 864 981 XLIV.

385 1017 460 1053 Ser.
481 1018 641 1053 Asturae
665 1019 739 1053 III
758 1020 814 1055 Id.
837 1019 932 1054 Mai.
954 1032 986 1054 a.
1010 1023 1082 1056 709
1109 1022 1199 1064 (45).

67 1106 99 1131 15
523 1100 714 1135 CICERO
739 1101 931 1136 ATTICO
956 1102 1065 1137 SAL.

207 1170 266 1212 Et
297 1170 487 1212 Hirtium
525 1172 686 1226 aliquid
723 1173 775 1213 ad
811 1175 853 1214 te
892 1179 1133 1228 συμπαθῶς
1171 1174 1220 1215 de
1257 1190 1323 1216 me
1362 1175 1459 1216 scri·
1487 1187 1503 1217 1

120 1229 255 1284 psisse
286 1230 406 1271 facile
438 1231 579 1284 patior
610 1230 746 1297 (fecit
756 1232 866 1272 enim
891 1231 1092 1288 humane)
1126 1235 1167 1274 et
1193 1236 1235 1274 te
1261 1234 1349 1275 eius
1377 1234 1459 1287 epi-

121 1288 278 1329 stulam
321 1288 372 1329 ad
414 1304 480 1330 me
522 1304 608 1330 non
651 1290 817 1331 misisse
855 1291 990 1332 multo
1035 1291 1219 1347 facilius,
1264 1295 1310 1333 tu
1350 1293 1460 1333 enim

120 1341 249 1387 etiam
278 1346 516 1389 humanius
570 1347 692 1389 Illius
723 1348 891 1402 librum,
924 1364 1048 1403 quem
1081 1350 1133 1391 ad
1164 1365 1230 1391 me
1261 1351 1379 1392 misit
1411 1351 1460 1392 de

66 1423 101 1447 20
122 1404 294 1455 Catone,
326 1409 551 1459 propterea
582 1407 680 1448 volo
712 1407 922 1462 divulgari
949 1423 972 1448 a
997 1409 1097 1463 tuis,
1127 1411 1175 1450 ut
1201 1424 1251 1450 ex
1276 1410 1459 1451 istorum

120 1440 430 1517 vituperatione
463 1465 518 1505 sit
550 1465 664 1506 illius
696 1466 831 1507 maior
831 1443 1061 1508 e'laudatio

210 1522 329 1570 Quod
371 1537 445 1576 per
485 1522 714 1564 Mustelam
755 1525 864 1578 agis,
907 1525 1037 1566 habes
1081 1525 1297 1567 hominem
1340 1527 1459 1568 valde
1486 1539 1504 1568 <3

120 1580 318 1621 idoneum
350 1581 514 1635 meique
547 1596 646 1622 sane
678 1583 917 1623 studiosum
947 1584 1031 1624 iam
1062 1584 1157 1624 inde
1190 1600 1212 1624 a
1237 1584 1458 1626 Pontiano.

120 1638 278 1680 Perfice
309 1640 441 1694 igitur
473 1640 641 1693 aliquid.
705 1640 813 1689 Quid
845 1644 986 1682 autem
1018 1642 1145 1697 aliud,
1181 1643 1264 1683 nisi
1295 1646 1343 1684 ut
1376 1644 1459 1684 adi-

69 1715 102 1741 25
121 1700 191 1738 tus
235 1698 292 1738 sit
335 1698 543 1752 emptori?
589 1699 700 1752 quod
744 1714 818 1753 per
856 1700 1045 1753 quemvis
1085 1700 1280 1742 heredem
1317 1704 1459 1755 potest

122 1756 241 1797 effici.
300 1755 380 1797 Sed
405 1756 631 1798 Mustelam
662 1757 704 1798 id
735 1758 1033 1813 perfecturum,
1065 1759 1101 1799 si
1133 1760 1309 1813 rogaris,
1341 1762 1457 1813 puto.

122 1814 230 1855 Mihi
260 1829 358 1855 vero
392 1818 432 1856 et
464 1815 615 1871 locum,
647 1830 771 1870 quem
799 1819 912 1871 opto,
945 1817 996 1857 ad
1026 1817 1081 1871 id,
1113 1818 1226 1871 quod
1250 1819 1458 1872 volumus,

124 1873 285 1913 dederis
319 1876 361 1914 et
391 1876 607 1927 praeterea
638 1874 868 1929 ἐγγήραμα.
919 1874 1031 1916 Nam
1056 1876 1130 1916 illa
1157 1875 1235 1917 Sili
1261 1880 1302 1917 et
1328 1876 1457 1917 Drusi

122 1946 209 1972 non
249 1932 351 1972 satis
393 1933 723 1974 οἰκοδεσποτικὰ
759 1933 864 1973 1111111
900 1934 1106 1975 videntur.
1169 1934 1277 1982 Quid
1318 1935 1459 1976 enim?

70 2007 104 2031 30
125 1989 264 2030 sedere
296 1992 411 2031 totos
445 1991 532 2031 dies
565 1991 609 2031 in
635 1991 766 2032 villa?
816 1991 905 2032 Ista
930 1993 1062 2046 igitur
1088 1993 1245 2047 malim,
1276 1994 1459 2046 primum

124 2046 317 2101 Othonis,
344 2048 490 2090 deinde
517 2047 698 2091 Clodiae
750 2049 794 2090 Si
819 2050 928 2090 nihil
953 2051 1039 2105 fiet,
1070 2053 1141 2097 aut
1167 2050 1307 2092 Druso
1333 2052 1457 2093 ludus

123 2108 188 2147 est
220 2107 506 2160 suggerendus
540 2110 613 2148 aut
642 2108 847 2149 utendum
878 2108 1127 2149 Tusculano.

212 2163 333 2212 Quod
357 2165 470 2205 domi
495 2168 536 2206 te
559 2166 784 2221 inclusisti,
809 2167 973 2207 ratione
998 2167 1154 2221 fecisti,
1181 2168 1265 2222 sed,
1291 2183 1458 2234 quaeso,
1485 2182 1504 2211 3

124 2222 281 2263 confice
307 2225 348 2263 et
373 2226 414 2264 te
440 2238 617 2264 vacuum
641 2224 765 2265 redde
791 2225 925 2265 nobis.
976 2225 1070 2279 Ego
1097 2201 1206 2281 111110,
1237 2230 1285 2267 ut
1311 2227 1459 2280 scripsi

72 2298 104 2322 35
125 2283 260 2336 antea,
284 2282 489 2335 postridie
513 2281 612 2323 Idus
638 2282 814 2338 Lanuvi,
833 2283 979 2324 deinde
1005 2284 1244 2337 postridie
1233 2300 1279 2325 111
1303 2285 1458 2327 Tuscu-

1179 2353 1247 2386 25*
