1665 2553
224 88 309 130 506
661 87 710 122 Μ.
737 86 877 121 TULLI
902 85 1153 121 CICERONIS

223 184 341 237 navi,
385 182 457 224 sed
494 181 654 236 aliquid
691 181 776 222 tale
813 181 960 235 putavi
996 181 1097 222 fore.
1160 179 1285 222 Nunc
1316 184 1437 222 tuum
1469 195 1563 222 con-

226 242 369 283 silium
401 241 587 295 exquiro.
637 239 873 281 Romamne
904 240 1026 281 venio
1060 254 1114 280 an
1138 239 1207 280 hio
1232 254 1380 280 maneo
1408 254 1461 280 an
1486 239 1564 280 Ar-

225 301 373 354 pinum
418 298 680 355 (ἀσφάλειαν
719 298 848 339 habet
884 298 920 339 is
956 296 1093 353 locus)
1133 298 1322 352 fugiam?
1370 297 1563 353 Romam,

226 374 277 399 ne
309 358 608 411 desideremur‚
647 357 683 398 si
714 357 817 411 quid
850 359 988 397 actum
1022 357 1244 397 videbitur.
1295 356 1400 397 ·Hoo
1431 357 1564 411 igitur

226 418 398 471 explica.
459 415 705 470 Numquam
736 416 781 456 in
811 416 969 456 maiore
1001 415 1162 471 ἀπορίᾳ
1193 415 1264 456 fui.
1603 431 1617 457 5

861 530 933 573 IX.

408 613 482 649 Ser.
502 613 544 647 in
569 613 769 647 Puteolano
790 613 887 656 prid.
910 612 1007 646 Non.
1029 612 1121 647 Nov.
1144 624 1176 646 a.
1199 614 1270 647 710
1296 614 1385 655 (44).

629 694 819 729 CICERO
843 693 1035 728 ATTICO
1061 694 1169 729 SAL.

314 767 446 807 Binae
489 781 573 807 uno
613 766 677 806 die
721 766 826 806 mihi
865 766 1032 807 litterae
1071 766 1122 806 ab
1162 764 1412 820 Octaviano,
1454 779 1565 806 nunc

228 826 408 880 quidem,
439 828 488 866 ut
519 825 698 866 Romam
730 824 875 865 statim
910 825 1093 878 veniam3
1125 824 1232 865 velle
1259 839 1302 864 se
1327 838 1415 864 rem
1442 837 1565 878 agere
1585 840 1618 864 10

227 900 301 938 per
346 886 548 925 senatum.
612 882 691 924 Cui
735 897 812 938 ego
856 897 941 923 non
986 897 1109 936 posse
1152 885 1344 923 senatum
1382 884 1477 923 ante
1514 882 1564 923 K

226 943 409 997 Ianuar.,
460 942 572 996 quod
617 941 786 996 quidem
831 941 891 982 ita
935 941 1068 982 oredo.
1142 940 1219 982 Ille
1264 943 1405 981 autem
1449 941 1565 981 addit

228 1002 420 1043 ‘consilio
465 1000 565 1041 tuo'.
636 1000 743 1048 Quid
788 1000 950 1041 multa?
1001 1000 1071 1040 ille
1114 1002 1257 1054 urget?
1301 1013 1379 1054 ego
1424 1002 1566 1040 autem

229 1062 480 1114 σκήπτομαι.
542 1058 640 1100 Non
679 1058 842 1099 confido
882 1059 1029 1112 aetati,
1074 1059 1243 1113 ignom,
1287 1073 1370 1112 quo
1411 1058 1563 1099 animo.

228 1118 303 1159 Nil
346 1118 434 1159 sine
472 1117 608 1158 Pansa-
651 1120 725 1158 tuo
763 1117 872 1158 volo.
943 1117 1120 1170 Vereor,
1163 1131 1214 1157 ne
1254 1117 1392 1170 valeat
1431 1115 1565 1157 Anto-
1585 1131 1618 1157 15

226 1178 341 1231 nius,
379 1191 456 1217 nec
492 1191 515 1216 a
556 1176 662 1216 mari
695 1176 905 1216 discedere
936 1175 1060 1230 libet,
1100 1178 1141 1216 et
1172 1177 1333 1229 metuo⁷
1370 1189 1422 1215 ne
1459 1189 1566 1228 quae

229 1235 424 1290 ἀριστεία
460 1249 526 1275 me
565 1234 745 1274 absente.
807 1233 990 1274 Varroni
1030 1233 1198 1286 quidem
1236 1233 1428 1286 displicet
1471 1247 1566 1273 con-

228 1294 371 1335 silium
402 1292 533 1347 pueri,
571 1292 677 1332 mihi
707 1306 803 1332 non.
867 1291 911 1333 Si
942 1292 1084 1332 firmas
1117 1291 1257 1344 copias
1290 1291 1430 1345 habet,
1461 1291 1565 1332 Bru—

228 1355 321 1393 tum
361 1351 517 1392 habere
560 1352 721 1405 potest,
765 1353 806 1391 et
846 1365 934 1390 rem
976 1350 1085 1404 gerit
1130 1350 1279 1403 palam.
1343 1348 1565 1390 Centuriat

229 1409 415 1465 Capuae,
456 1410 703 1450 dinumerat.
766 1408 855 1449 Iam
902 1409 1069 1461 iamque
1106 1408 1226 1448 video
1266 1408 1436 1449 bellum.
1498 1407 1566 1448 Ad
1584 1424 1618 1448 20

227 1469 329 1509 haee
360 1468 553 1509 rescribe.
607 1467 893 1508 Tabellarium
925 1482 1067 1507 meum
1098 1466 1272 1507 Kalend.
1304 1465 1441 1507 Roma
1472 1480 1567 1520 pro-

227 1528 384 1569 fectum
417 1528 506 1568 sine
536 1525 621 1567 tuis
655 1526 809 1566 litteris
842 1526 983 1566 miror.

876 1642 925 1682 X.

439 1723 512 1758 Ser.
533 1724 574 1757 in
600 1723 819 1758 Sinuessano
845 1722 904 1755 VI
923 1721 979 1755 Id.
998 1721 1091 1755 IVov.
1112 1733 1145 1755 α.
1168 1724 1238 1756 710
1265 1723 1353 1764 (44).

632 1802 821 1839 CICERO
845 1802 1037 1837 ATTICO
1063 1802 1170 1838 SAL.
1586 1807 1619 1833 25

184 1889 201 1919 1
318 1888 383 1917 VII
421 1875 479 1918 Id.
512 1876 606 1917 veni
648 1875 698 1916 ad
735 1890 801 1916 me
841 1875 886 1915 in
925 1873 1237 1914 Sinuessanum.
1299 1872 1461 1913 Eodem
1500 1872 1566 1913 die

229 1935 358 1990 vulgo
390 1934 675 1988 loquebantur
706 1933 943 1974 Antonium
975 1947 1222 1973 mansurum
1254 1946 1344 1972 esse
1379 1929 1564 1972 Casilini.

228 1993 380 2047 Itaque
411 1993 574 2033 mutavi
606 1992 849 2046 consilium3
882 1993 1114 2031 statueram
1145 1991 1257 2030 enim
1288 1992 1401 2030 reeta
1426 1989 1566 2042 Appia

228 2051 419 2092 Romam.
482 2050 621 2091 Facile
652 2064 718 2091 me
749 2050 821 2090 ille
853 2051 963 2090 esset
995 2049 1231 2090 adsecutus.
1287 2047 1422 2088 Aiunt
1454 2047 1563 2088 enin]

231 2125 324 2150 eum
375 2108 597 2151 Caesarina
656 2109 719 2149 uti
773 2108 996 2149 celeritate.
1067 2107 1189 2147 Verti
1242 2106 1375 2160 igitur
1423 2120 1490 2146 me
1542 2119 1566 2145 a
1585 2121 1618 2146 30

229 2168 466 2208 Menturnis
501 2167 712 2221 Arpinum
743 2181 898 2207 versus.
961 2164 1291 2218 Constitueram,
1325 2166 1373 2205 ut
1405 2176 1435 2205 V
1465 2162 1565 2204 Idus

182 2236 202 2266 2
231 2229 303 2266 aut
334 2226 494 2280 Aquini
524 2239 737 2266 manerem
768 2227 841 2265 aut
872 2224 915 2264 in
941 2223 1117 2264 Arcano.
1166 2222 1302 2276 Nune,
1333 2223 1392 2263 mi
1412 2221 1566 2275 Attice,

230 2286 321 2324 tota
358 2287 498 2325 mente
528 2284 722 2325 incumbe
755 2283 800 2323 in
830 2282 938 2323 hanc
969 2296 1129 2332 euram3
1172 2295 1326 2335 magna
1357 2280 1468 2321 enim
1499 2294 1565 2320 res
