1665 2553
194 2109 213 2139 2

233 74 321 115 320
439 46 442 47 ⁷
677 73 724 106 M.
752 72 891 107 TULLI
916 70 1165 106 CICERONIS

232 182 301 211 1111
324 169 437 223 Idus,
470 171 518 209 ut
543 168 605 209 ibi
633 182 781 221 essem,
807 168 918 223 dum,
945 182 1050 221 quae
1077 168 1130 208 ad
1153 166 1441 222 navigandum
1467 181 1573 220 opus

232 231 384 283 essent,
414 229 676 282 pararentur.
741 225 848 267 Cum
881 226 933 266 ad
964 226 1109 266 villam
1141 226 1364 281 venissem,
1394 225 1574 266 relatum

234 290 297 328 est
337 287 388 327 ad
427 300 493 327 me
531 285 798 326 centuriones
839 285 970 325 trium
1009 284 1269 340 cohortium,
1312 298 1417 338 quae
1453 283 1576 325 Pom-

232 345 339 400 peiis
373 347 484 399 sunt,
514 359 580 385 me
615 344 722 384 velle
755 343 961 397 postridie
988 343 1222 384 convenire.
1271 342 1387 383 Haec
1411 356 1575 383 mecum

233 403 419 445 Ninnius
451 406 608 456 noster,
640 402 748 442 velle
780 417 852 443 eos
885 401 991 442 mihi
1025 417 1067 443 se
1102 404 1143 442 et
1170 401 1373 455 oppidum
1397 400 1573 441 tradere.
1612 420 1627 444 5

234 462 293 503 At
320 476 396 517 ego
424 462 510 502 abii
538 461 743 515 postridie
770 460 920 501 avilla
946 463 1043 501 ante
1067 460 1217 515 lucem,
1236 463 1284 500 ut
1309 474 1376 500 me
1403 459 1573 500 omnino

234 521 299 562 illi
330 535 382 562 ne
414 520 616 561 viderent.
669 518 778 567 Quid
812 519 922 559 enim
949 521 1037 559 erat
1062 519 1108 560 in
1133 519 1270 559 tribus
1298 518 1573 559 cohortibus?

236 579 349 634 quid,
387 579 423 619 si
460 578 632 633 plures?
675 592 758 631 quo
798 578 1031 631 apparatu?
1088 576 1285 632 Cogitavi
1323 576 1467 618 eadem
1502 576 1576 617 illa

236 638 451 692 Caeliana,
495 652 600 691 quae
631 636 717 691 legi
749 636 795 677 in
826 636 1009 690 epistula
1040 638 1130 690 tua,
1170 651 1296 689 quam
1328 635 1484 689 accepi,
1523 635 1576 675 si—

235 697 324 737 mul
363 700 403 737 et
441 696 486 737 in
523 694 761 736 Cumanum
798 695 895 736 veni
935 695 1080 735 eodem
1119 694 1202 749 die,
1246 697 1286 735 et
1325 694 1453 734 simul
1483 693 1576 733 fieri
1595 713 1629 737 10

236 758 416 809 poterat,
457 757 505 794 ut
537 756 852 807 temptaremur.
916 752 1094 794 Omnem
1125 753 1259 807 igitur
1292 752 1575 806 suspicionem

237 814 401 854 sustuli.
466 812 565 867 Sed,
609 813 708 853 dum
751 812 891 866 redeo,
935 812 1192 853 Hortensius
1233 813 1406 853 venerat
1446 813 1487 851 et
1524 810 1577 851 ad

236 872 478 913 Terentiam
524 872 756 912 salutatum
798 871 1044 912 deverterat.
1108 870 1308 912 Sermone
1347 871 1436 910 erat
1472 883 1574 910 usus

235 931 468 972 honorifico
502 944 601 984 erga
632 945 708 971 me.
771 928 862 970 Iam
888 944 996 984 eum,
1027 932 1074 970 ut
1109 932 1226 983 puto,
1258 928 1426 983 videb03
1457 927 1576 968 misit

236 990 349 1031 enim
385 1003 564 1044 puerum
605 1003 647 1029 se
689 988 740 1029 ad
777 1003 843 1029 me
881 989 1033 1029 venire.
1096 987 1188 1029 Hoc
1223 987 1394 1041 quidem
1424 986 1574 1027 melius
1595 1004 1628 1030 15

237 1063 364 1102 quam
395 1048 555 1102 collega
587 1050 732 1088 noster
758 1047 986 1102 Antonius,
1018 1047 1137 1088 cuius
1164 1047 1275 1087 inter
1300 1046 1471 1086 lictores
1496 1045 1576 1086 lec-

236 1108 321 1148 tica
352 1107 481 1147 mima
512 1109 719 1159 portatur.

325 1165 407 1219 Tu,
451 1165 651 1218 quoniam
694 1166 900 1218 quartana
949 1178 1063 1204 cares
1102 1166 1143 1204 et
1181 1177 1339 1203 novum
1378 1162 1576 1203 morbum

237 1223 475 1277 removisti,
511 1223 611 1263 seda
643 1223 771 1262 etiam
803 1222 1071 1276 gravedinem
1111 1225 1235 1274 teque
1274 1223 1472 1274 vegetum
1502 1234 1575 1261 no-

236 1282 302 1322 bis
335 1282 379 1322 in
412 1280 586 1321 Graecia
620 1281 721 1321 siste
754 1282 796 1320 et
828 1280 1068 1320 litterarum
1100 1279 1260 1333 aliquid
1291 1279 1463 1320 interea.
1596 1298 1629 1322 20

838 1396 974 1437 XVII.

450 1477 524 1513 Ser.
546 1478 585 1512 in
614 1477 775 1512 Cumano
802 1477 929 1510 XVII
951 1477 998 1510 K.
1018 1478 1102 1511 Ilm.
1125 1489 1157 1511 α.
1181 1478 1252 1511 ’705
1279 1478 1368 1519 (49).

641 1559 831 1593 CICERO
856 1558 1048 1594 ATTICO
1074 1559 1181 1593 SAL.

319 1631 385 1672 Pr.
417 1630 516 1672 Idus
554 1630 809 1672 Hortensius
852 1631 903 1671 ad
936 1646 1001 1671 me
1040 1631 1156 1672 venit
1196 1630 1352 1683 scripta
1383 1628 1575 1682 epistula.

240 1690 405 1731 Vellem
441 1691 619 1743 *scetem
657 1690 764 1745 eius,
802 1704 928 1743 quam
967 1690 1013 1730 in
1050 1704 1115 1729 1119
1147 1687 1437 1729 incredibilem
1469 1686 1628 1730 ἔκη’-25

239 1751 379 1790 velay!
430 1749 520 1796 Qua
553 1748 723 1802 quidem
755 1748 896 1802 cogito
928 1748 1004 1788 uti.
1056 1747 1217 1788 Deinde
1251 1745 1455 1799 Serapion
1481 1759 1572 1786 cum

240 1807 422 1861 epistula
454 1810 538 1847 tua.
596 1806 731 1855 Quam
762 1807 1012 1860 priusquam
1048 1806 1316 1859 aperuissem,
1347 1803 1434 1843 dixi
1466 1803 1503 1843 ei
1534 1806 1576 1844 te

239 1866 290 1906 ad
321 1880 387 1906 me
418 1865 467 1906 de
500 1879 546 1906 eo
581 1865 799 1919 scripsisse
833 1868 966 1919 antea,
998 1867 1046 1904 ut
1078 1865 1246 1904 feceras.
1301 1862 1462 1902 Deinde
1493 1862 1576 1915 epi-

241 1924 352 1964 stula
383 1924 492 1964 lecta
524 1923 857 1964 cumulatissime
885 1926 1032 1963 cetera.
1083 1923 1141 1963 Et
1166 1921 1334 1962 hercule
1359 1920 1576 1961 hominem

239 1982 392 2036 probo3
418 1997 516 2022 nam
542 1985 583 2022 et
610 1982 781 2022 doctum
807 1984 848 2022 et
873 1982 1055 2035 probum
1082 1980 1298 2033 existimo3
1326 1979 1428 2032 quin
1448 1978 1575 2019 etiam
1596 1996 1629 2020 30

238 2040 337 2080 navi
369 2041 458 2081 eius
490 2055 557 2081 me
590 2043 630 2081 et
662 2041 754 2094 ipso
788 2042 1034 2080 convectore
1066 2053 1243 2080 usurum
1273 2041 1391 2091 puto.

330 2097 488 2139 Crebro
514 2099 683 2139 refricat
709 2098 919 2152 lippitudo
944 2112 1032 2138 non
1056 2098 1130 2138 illa
1157 2096 1326 2150 quidem
1344 2095 1576 2150 perodiosa,

242 2157 312 2197 sed
348 2160 490 2197 tamen
523 2172 629 2211 quae
661 2157 862 2210 impediat
895 2156 1166 2210 scriptionem
1197 2169 1344 2195 meam.
1406 2153 1578 2194 Valetu-

242 2214 381 2254 dinem
417 2218 535 2256 tuam
566 2216 650 2256 iam
682 2215 973 2256 confirmatam
1006 2229 1094 2255 esse
1127 2217 1168 2255 et
1201 2229 1224 2254 a
1254 2216 1394 2254 vetere
1426 2211 1575 2252 morbo
1645 2262 1647 2268 ἲ

242 2274 283 2312 et
315 2287 338 2312 a
369 2274 489 2314 novis
522 2273 874 2327 temptationibus
908 2273 1082 2328 gaudeo.
1597 2285 1626 2311 35
