1665 2553
150 2121 170 2151 10

185 87 273 128 252
609 86 658 121 Μ.
686 85 828 121 TULLI
853 85 1102 120 CICERONIS

187 196 334 224 essem.
394 181 507 223 Nam
539 196 636 223 cave
668 184 792 236 putes
823 181 904 222 hoc
934 183 1126 235 tempore
1157 180 1253 234 plus
1285 195 1353 221 me
1385 194 1527 234 quem-

188 256 315 295 quam
346 240 536 295 cruciari,
567 240 680 294 quod
712 254 820 295 eum,
852 254 976 294 quem
1008 242 1105 280 ante
1136 254 1202 280 me
1230 239 1374 294 diligo,
1404 238 1526 279 video

186 300 233 340 in
251 299 476 340 consulatu
496 299 662 352 quidvis
682 299 825 352 potius
846 313 936 339 esse
958 313 1084 352 quam
1104 298 1328 339 consulem.
1366 296 1527 346 Quodsi

187 358 372 400 voluerit
391 358 471 398 tibi
492 358 783 411 obtemperare
804 359 845 397 et
870 357 995 397 nobis
1021 357 1071 397 de
1093 355 1267 397 Caesare
1294 356 1459 397 credere
1485 358 1527 396 et

188 417 457 458 consulatum
477 416 688 469 reliquum
707 415 868 456 Romae
894 429 1107 470 peragere,
1131 415 1331 468 incipiam
1357 428 1527 468 sperare
1565 430 1581 456 5

189 476 317 516 etiam
349 474 525 516 consilio
560 477 732 515 senatus
771 476 941 515 auctore
979 476 1040 529 te,
1079 473 1153 514 illo
1192 474 1375 514 relatore
1405 472 1528 513 Pom-

188 534 331 588 peium
363 536 404 574 et
443 532 664 574 Caesarem
705 532 905 587 coniungi
941 547 1077 586 posse,
1138 531 1259 581 Quod
1297 532 1333 572 si
1369 531 1529 572 factum

190 593 284 647 erit,
314 606 380 632 me
412 592 516 632 satis
548 592 702 632 vixisse
734 591 905 645 putabo.

278 650 453 691 Factum
486 649 678 691 Caesaris
711 650 759 690 de
787 648 974 691 Corfinio
1006 651 1147 690 totum
1177 651 1219 690 te
1250 649 1530 702 probaturum

191 710 290 751 scio.
351 708 442 757 Quo
483 709 609 749 modo
651 709 696 749 in
733 708 822 749 eius
861 708 975 749 modi
1015 722 1060 748 re
1092 707 1352 748 commodius
1385 706 1583 749 caderem

189 783 277 809 non
307 768 461 822 potuit,
493 782 619 821 quam
651 770 700 808 ut
731 767 922 808 res'sine
955 766 1160 821 sanguine
1191 766 1403 807 confieret.

279 826 403 867 Balbi
436 826 517 866 mei
549 826 698 879 tuique
731 825 913 866 adventu
940 825 1193 865 delectatum
1219 827 1260 865 te
1285 824 1406 865 valde
1432 837 1531 878 gau-

191 885 279 926 deo.
342 883 383 925 Is
425 899 711 938 quaecumque
752 884 833 924 tibi
875 884 924 924 de
959 882 1135 924 Caesare
1175 883 1300 938 dixit,
1341 896 1531 937 quaeque

194 943 347 984 Caesar
388 943 579 996 scripsit,
623 943 728 997 scio,
777 957 822 983 re
863 942 944 983 tibi
985 942 1203 997 probabit,
1245 954 1531 996 quaecumque

190 1003 363 1044 fortuna
395 1002 485 1042 eius
516 1002 658 1057 fuerit,
689 1001 923 1042 verissume
955 1001 1185 1055 scripsisse.
1551 1014 1585 1041 15

806 1117 919 1158 XVI.

417 1198 492 1234 Ser.
519 1196 683 1231 Formiis
706 1198 734 1230 Ι
737 1197 772 1230 V
793 1198 890 1231 Non.
918 1197 1033 1232 DIart.
1060 1208 1093 1231 α.
1122 1199 1193 1231 705
1219 1199 1309 1240 (49).

673 1278 840 1312 CICERO
868 1278 1053 1313 ATTICO.

283 1350 436 1392 Omnia
472 1351 577 1391 mihi
615 1351 785 1404 provisa
817 1352 916 1390 sunt
953 1352 1120 1403 praeter
1152 1349 1363 1390 occultum
1393 1351 1436 1389 et
1466 1350 1529 1389 tu-

194 1413 287 1452 tum
318 1410 399 1450 iter
431 1410 483 1450 ad
513 1424 627 1450 mare
661 1424 870 1462 superum.
933 1408 1025 1449 Hoc
1057 1408 1168 1448 enim
1206 1408 1313 1448 mari
1350 1408 1415 1448 uti
1445 1421 1531 1448 non
1550 1424 1586 1449 20

193 1483 417 1523 possumus
449 1468 530 1509 hoc
567 1471 756 1521 tempore
794 1467 904 1508 anni.
965 1466 1070 1507 Illuc
1108 1469 1266 1521 autem,
1303 1480 1387 1519 quo
1420 1479 1532 1519 spec-

194 1530 258 1568 tat
290 1527 468 1579 animus,
500 1529 542 1567 et
574 1541 657 1580 quo
689 1541 756 1566 res
784 1528 920 1580 vocat,
952 1540 1034 1579 qua
1058 1525 1253 1565 veniam?
1292 1523 1533 1566 Cedendum

195 1586 307 1627 enim
347 1588 410 1626 est
451 1585 660 1640 celeriter,
704 1599 757 1625 ne
800 1584 910 1625 forte
952 1598 1035 1637 qua
1073 1598 1118 1624 re
1161 1583 1365 1636 impediar
1405 1585 1532 1636 atque

195 1645 355 1699 alliger.
417 1643 507 1685 Nec
547 1658 645 1684 vero
686 1643 757 1683 ille
797 1657 863 1683 me
904 1642 1037 1696 ducit,
1077 1641 1151 1695 qui
1181 1641 1362 1694 videtur3
1407 1655 1531 1694 quem

195 1717 273 1758 ego
313 1702 529 1743 hominem
569 1701 939 1743 ἀπολιτικώτατον
980 1701 1169 1741 omnium
1208 1700 1293 1740 iam
1333 1701 1429 1739 ante
1467 1712 1587 1741 co-25

196 1776 386 1816 gnoram,
416 1775 528 1801 nunc
559 1775 657 1801 vero
691 1760 818 1801 etiam
845 1759 1287 1814 ἀστρατηγικώτατον.
1337 1756 1436 1798 Non
1467 1772 1533 1797 me

195 1820 329 1874 igitur
370 1820 406 1859 is
449 1819 582 1873 ducit,
624 1818 696 1859 sed
737 1833 874 1859 sermo
914 1818 1155 1871 hominum,
1197 1816 1269 1870 qui
1310 1816 1361 1856 ad
1400 1830 1466 1856 me
1506 1830 1533 1856 a

194 1878 429 1919 Philotimo
464 1877 674 1918 scribitur.
735 1875 777 1917 Is
819 1876 930 1916 enim
966 1890 1033 1916 me
1071 1875 1122 1916 ab
1165 1874 1441 1928 optimatibus
1473 1874 1533 1914 ait

196 1936 421 1977 conscindi.
471 1935 634 1984 Quibus
662 1935 953 1988 optimatibus,
985 1934 1026 1974 di
1056 1933 1175 1974 boni!
1208 1933 1281 1986 qui
1311 1946 1422 1973 nunc
1448 1946 1531 1985 quo

195 1995 321 2035 modo
362 1996 603 2048 occurrunt,
642 2008 724 2047 quo
762 1993 887 2034 modo
926 1995 1067 2033 autem
1104 2006 1147 2032 se
1183 1991 1402 2032 venditant
1436 1989 1532 2031 Cae-
1552 2007 1589 2032 30

198 2053 300 2094 sari!
361 2052 594 2106 Municipia
624 2066 724 2093 vero
757 2052 897 2106 deum3
928 2065 1004 2091 nec
1035 2049 1248 2103 simulant,
1280 2052 1327 2090 ut
1358 2063 1452 2090 cum
1484 2048 1533 2088 de

198 2111 272 2152 illo
306 2114 479 2165 aegroto
511 2113 612 2151 vota
643 2110 862 2150 faciebant.
926 2108 1006 2150 Sed
1037 2108 1172 2162 plane,
1204 2107 1403 2161 quicquid
1432 2106 1533 2147 mali

196 2168 266 2209 hic
297 2169 547 2210 Pisistratus
578 2183 666 2209 non
696 2168 859 2220 fecerit,
890 2170 979 2208 tam
1010 2169 1180 2221 gratum
1211 2166 1308 2219 erit,
1341 2180 1466 2219 quam
1497 2166 1533 2205 si

199 2227 329 2267 alium
374 2227 509 2268 facere
561 2226 838 2280 prohibuerit.
908 2225 1147 2278 Propitium
1192 2225 1298 2265 hunc
1350 2225 1534 2277 sperant,

197 2284 321 2325 illum
367 2285 524 2326 iratum
574 2287 738 2339 putant.
800 2283 911 2332 Quas
957 2283 1048 2324 fieri
1093 2297 1235 2324 censes
1276 2281 1535 2336 ἀπαντήσεις
1553 2295 1592 2323 3⁵
