1689 2572
229 110 347 144 XXVI
652 109 930 144 ADNOTATIO
958 108 1144 144 CRITICA

230 215 274 249 ep
301 204 385 239 vm
399 208 453 240 23.
464 208 559 247 Sex,
573 204 660 238 Iust.
674 203 707 237 X
721 207 774 238 3.1
788 214 853 246 ex.,
868 203 1019 236 XXXIX
1035 207 1107 246 3.1,
1121 203 1316 237 LucanVI
1331 206 1408 245 130,
1422 207 1463 237 ut
1475 202 1561 237 fam.

228 251 313 285 XIV
328 256 358 286 2.
372 256 454 285 2eX.
476 250 648 295 (Boeokel
663 261 717 295 ep.
733 253 801 295 19),
821 252 862 284 irc
876 251 1005 294 quibus
1014 262 1103 294 pars
1115 251 1275 285 Romani
1287 250 1430 294 imperii
1441 250 1565 292 fierent

230 298 306 332 Tae
332 298 451 332 Germ.
468 302 521 332 29.
537 302 568 331 4.
590 319 635 322 —
655 301 698 331 30
718 298 791 332 Ilio
813 297 889 331 cod.
905 297 932 330 F
953 297 1156 342 (Lehmann
1175 297 1251 331 Att.
1266 309 1301 341 p.
1319 298 1386 339 15),
1412 296 1565 341 Madvig

229 345 321 379 Adv.
342 346 358 378 1
382 358 416 390 p.
441 349 523 387 145,
556 344 746 387 Wesenb„
779 344 884 387 Boot,
916 344 1076 388 Tyrress,
1109 345 1172 379 illo
1202 344 1318 388 vulg,
1350 343 1486 377 Baiter.
1519 364 1564 368 -

230 396 273 426 31
301 394 396 436 qaod
421 391 548 425 malim
575 402 686 434 quam
712 392 808 436 quid.
847 391 905 424 Ad
930 403 964 434 p.
982 395 1035 424 10.
1052 394 1105 424 24.
1138 392 1149 435 ΙΙ
1186 391 1231 426 P.
1253 391 1316 425 80.
1338 394 1358 423 3
1385 391 1492 424 audi
1516 390 1565 424 ad

231 439 276 472 de
303 438 545 482 Wesenbergi
571 438 784 472 coniectura
808 437 968 481 Tyri-eil,
1007 440 1137 471 neuter
1160 450 1194 482 p.
1218 442 1294 471 122.
1318 441 1373 479 11,
1404 441 1483 471 442.
1509 441 1562 470 11.

231 484 283 519 Cf.
307 486 354 519 301
378 498 413 530 p.
436 490 489 519 53.
514 489 566 518 14.
605 506 651 510 —
689 488 732 518 20
764 485 877 519 errori
908 484 1059 529 Madvig
1089 485 1179 518 Adv.
1200 485 1250 518 ΙΠ
1274 497 1308 529 p.
1333 487 1416 527 169,
1448 483 1563 528 prob.,

230 543 304 566 non
331 532 475 576 accepit
499 532 602 574 Boot,
628 533 782 566 maerori
802 531 905 565 codd.
922 533 959 565 et
979 531 1060 565 edd.
1075 533 1161 575 post
1179 543 1222 565 m.
1244 552 1289 556 —
1316 535 1360 564 24
1380 535 1565 574 putaram

231 578 402 613 WVesenb.
424 579 525 613 tacit.
546 578 703 612 fortasse
728 578 876 612 invitus.
904 600 949 603 —
975 582 1018 612 28
1042 579 1299 613 Thessalonica
1325 577 1416 611 coni.
1439 576 1564 620 Orelli,

232 637 298 660 scr.
320 625 511 667 WVesenb.,
542 625 644 659 Boot.
690 625 749 658 Ad
773 638 807 669 p.
831 629 883 658 77.
907 629 959 659 15.
993 646 1038 650 ——
1076 629 1118 658 32
1151 625 1360 660 decessisset
1390 623 1563 658 Wesenb.

232 683 278 706 ne
310 675 409 706 reete
443 672 613 715 quidem,
646 683 719 706 non
744 672 852 705 modo
878 672 1082 715 improbab.
1128 671 1186 705 Ad
1211 684 1246 716 p.
1269 675 1346 705 363.
1368 675 1399 705 5.
1438 691 1483 695 —
1521 674 1564 704 33

231 719 351 753 Maiis
391 719 473 753 add.
501 721 586 763 post
617 719 673 753 Iol.
695 718 884 761 Wesenb.,
924 719 1022 761 quod
1048 718 1085 752 M
1117 718 1231 752 habet
1261 719 1352 752 Idus
1377 718 1515 751 Maias.
1555 717 1567 761 Η

278 766 323 800 P.
340 766 403 800 810
420 770 462 800 10
489 766 706 800 avelleretur
724 765 791 808 ΜΞ,
823 765 932 809 vulg,
959 766 1160 800 evelleretur
1179 765 1245 807 Ml,
1266 765 1402 807 Baiter,
1422 763 1564 808 Γ1511101]

230 823 286 857 ep.
309 816 364 855 65,
391 812 490 856 quod
512 823 587 846 non
613 823 730 846 essem
756 823 866 846 3113113
890 814 1048 854 mutare,
1073 812 1147 846 nisi
1173 812 1265 845 alibi
1290 821 1435 854 quoque
1456 821 1565 855 saepe

230 870 379 893 11000330
418 861 531 902 03301,
570 859 671 892 velut
706 871 740 903 p.
769 863 846 893 208.
869 863 911 893 29
943 860 1080 894 emend.
1101 859 1242 893 habent
1274 858 1396 899 codd,
1434 861 1511 891 219.
1533 861 1565 900 4,

230 910 309 940 438.
332 912 350 938 2
385 907 530 950 (rebare
563 906 726 950 Caesare)
758 918 775 940 e
806 916 871 949 pro
905 918 936 940 a.
990 905 1040 939 Cf.
1064 906 1108 939 de
1141 917 1213 939 3011.
1235 917 1269 949 p.
1287 908 1362 938 156.
1386 908 1448 947 28,
1487 903 1555 938 Mil

231 957 308 986 310.
326 957 386 995 243
413 953 551 987 aseeml.
569 954 606 986 et
624 953 756 987 eseeml.
771 965 805 996 p.
824 956 899 985 104.
917 956 936 985 3
952 954 1019 986 ete.
1040 973 1086 977 —-
1105 956 1148 985 22
1169 953 1221 986 ita
1243 951 1360 993 codd,
1381 951 1565 994 Wesenb.,

230 1001 301 1033 ista
322 1000 487 1043 SchuetZ,
514 1000 651 1041 Baiter,
677 999 781 1041 Boot,
807 998 960 1042 Tyri-eil.
1005 999 1047 1032 V.
1063 999 1252 1032 Lehmann
1273 998 1437 1038 Quaestt.
1453 1010 1487 1042 p.
1505 1001 1565 1041 793

232 1047 279 1079 ad
304 1046 422 1080 Deiot.
438 1058 473 1090 p.
490 1050 567 1079 350.
585 1050 614 1079 1.
635 1067 681 1070 —
701 1050 745 1079 24
764 1047 922 1088 infirma
941 1050 1025 1080 sunt
1043 1045 1140 1089 vulg.
1157 1045 1251 1087 edd,
1276 1045 1370 1078 Boot
1390 1044 1565 1088 Pluyger-

232 1093 345 1128 31001
365 1092 502 1126 Cobeto
524 1092 734 1126 auctoribus
756 1092 916 1126 seclusit.
943 1091 985 1125 V.
1008 1092 1197 1125 Lehmann
1215 1092 1238 1125 1.
1253 1091 1276 1125 1.
1292 1113 1336 1116 -
1351 1095 1395 1125 34
1418 1092 1565 1125 Thessa-

233 1141 363 1174 lonica
389 1139 574 1177 Wesenb..
599 1139 702 1172 Boot.
742 1139 800 1172 Ad
825 1151 859 1182 p.
878 1142 1000 1172 77.15.
1034 1140 1045 1182 Η
1076 1139 1120 1173 P.
1137 1138 1236 1172 824
1262 1139 1311 1172 acl
1331 1150 1363 1171 a.
1379 1138 1412 1172 (l.
1427 1138 1565 1180 Baiter,

230 1186 334 1228 Boot,
350 1186 493 1229 Tyri-el]
508 1196 562 1229 ep.
576 1190 618 1219 67
633 1185 797 1230 probab,
812 1197 885 1219 non
899 1187 984 1219 cert.
997 1200 1004 1227 3
1025 1196 1249 1228 quamquam
1264 1186 1363 1218 errat
1375 1184 1566 1218 Woelfflin

235 1233 397 1266 ‘Archiv’
426 1232 476 1265 IV
506 1245 540 1276 p.
563 1236 616 1266 62.
658 1231 709 1267 Cf.
731 1236 785 1267 58.
807 1236 860 1267 14.
900 1253 944 1257 —
984 1236 1026 1266 29
1057 1243 1131 1266 riori
1156 1237 1221 1266 (cut
1245 1231 1398 1275 Madvig
1423 1231 1513 1265 Adv.
1534 1231 1567 1265 H

231 1291 265 1323 p.
283 1283 360 1321 235,
381 1279 565 1321 Wesenb.,
592 1291 621 1312 V.
638 1283 679 1312 31
702 1280 803 1313 vivus
821 1279 939 1324 [riori]
958 1278 1177 1314 amitterem?
1208 1278 1351 1322 Tyrrell
1370 1278 1475 1312 fa1so.
1510 1277 1565 1312 Ci-

233 1337 314 1360 cero
340 1326 409 1360 1100
434 1326 525 1359 mihi
551 1326 696 1359 videtur
722 1326 858 1360 dicere:
886 1328 928 1359 ut
953 1326 1044 1359 mihi
1069 1326 1171 1369 optio
1198 1325 1349 1359 daretur
1375 1326 1439 1358 3111
1459 1325 1566 1359 amit-

232 1373 337 1406 tendi
362 1373 454 1406 113οο
475 1374 540 1406 3111
558 1372 750 1415 moriendi,
770 1373 792 1407 i.
810 1383 838 1406 e.
855 1374 963 1413 certe,
979 1373 1066 1406 dum
1081 1373 1250 1414 viverem,
1271 1383 1344 1406 non
1358 1371 1565 1414 amittendi,

234 1430 321 1453 sane
348 1420 438 1453 33113
463 1419 605 1463 putide,
638 1419 703 1453 sed
728 1419 766 1453 in
793 1420 973 1453 eiusmodi
998 1420 1106 1453 rebus
1133 1430 1198 1453 3110
1226 1430 1335 1453 more.
1388 1418 1566 1453 Similiter

233 1471 299 1500 aut
328 1466 491 1510 positum
522 1467 578 1499 est
602 1478 636 1510 p.
658 1469 712 1499 81.
735 1470 778 1500 10
833 1468 844 1511 {l
887 1467 932 1501 P.
954 1466 1017 1501 83.
1040 1470 1063 1500 5
1090 1467 1355 1500 Thessalonica
1379 1465 1564 1508 WVesenb„

233 1513 336 1546 Boot.
387 1513 446 1546 Ad
470 1525 504 1557 p.
528 1517 580 1547 77.
605 1516 656 1546 15.
685 1534 729 1538 —
757 1517 798 1546 12
824 1514 1000 1548 tenebant
1025 1512 1091 1554 M2,
1116 1513 1254 1555 Baiter,
1281 1512 1424 1556 Tyri-el]
1450 1523 1505 1556 ep.
1522 1515 1564 1546 68

236 1559 280 1603 (13
307 1572 337 1593 V.
360 1564 379 1593 9
405 1564 451 1594 ut
477 1564 558 1594 tuae
584 1559 662 1593 sine
689 1559 801 1593 dubio
827 1561 961 1604 errore)
986 1559 1093 1593 male.
1132 1559 1173 1593 V.
1191 1559 1239 1593 301
1258 1559 1349 1592 Mur.
1365 1571 1398 1603 p.
1415 1563 1491 1592 323.
1509 1562 1564 1602 35,

235 1606 307 1640 Pis.
333 1610 408 1640 165.
432 1610 486 1649 28,
512 1606 588 1639 Mil.
606 1610 682 1640 286.
700 1610 755 1649 29,
781 1606 867 1640 fam.
884 1610 961 1640 203.
978 1611 1032 1649 29,
1058 1605 1120 1640 hic
1147 1610 1199 1640 11.
1216 1610 1271 1648 27,
1300 1609 1376 1640 123.
1390 1609 1432 1639 26
1453 1606 1521 1639 etc.
1555 1605 1566 1651 ΙΙ

283 1653 329 1687 P.
351 1651 415 1687 84.
437 1658 456 1686 2
483 1654 515 1687 ei
541 1653 610 1686 del.
631 1653 725 1687 Boot
753 1654 850 1687 ‘eum
864 1654 933 1687 R’.
954 1674 999 1678 —
1021 1657 1063 1687 10
1078 1664 1130 1696 sq.
1158 1653 1299 1687 Scilicet
1317 1673 1362 1677 ——
1380 1652 1563 1696 significa-

235 1711 327 1734 ram
348 1699 500 1744 Madvig
519 1699 609 1733 Adv.
625 1700 673 1733 III
692 1712 726 1744 p.
744 1704 810 1734 169
823 1712 887 1743 sq,
908 1700 1010 1734 Licet
1022 1721 1066 1724 —
1080 1700 1329 1744 significarem
1351 1697 1467 1740 codd„
1482 1709 1565 1732 cum

236 1756 342 1780 cruce
368 1747 478 1789 Boot,
511 1746 613 1781 Licet
643 1768 687 1771 —
717 1747 971 1791 siyriifiearim
997 1746 1195 1788 Victorius,
1221 1745 1318 1790 ⁷wulg.
1341 1745 1421 1778 edd.
1450 1766 1495 1770 —
1522 1749 1562 1779 11

235 1794 296 1827 secl
322 1804 427 1837 opera
453 1797 516 1827 tua
541 1794 630 1827 mihi·
655 1805 720 1827 scr.
742 1805 833 1827 mus.
854 1793 970 1827 Rhen.
993 1796 1083 1827 1898
1108 1805 1142 1837 p.
1166 1796 1231 1826 123
1248 1804 1312 1835 sq,
1338 1792 1370 1826 si
1395 1792 1566 1826 donatam

234 1844 275 1874 ut
301 1840 403 1873 codd.
426 1842 463 1873 et
489 1851 571 1873 cum
598 1851 702 1874 cruce
729 1841 828 1882 edd,
860 1841 900 1874 id
929 1841 1133 1874 omittamus
1163 1839 1314 1883 Madvig
1344 1838 1367 1872 1.
1387 1838 1429 1881 1.,
1461 1838 1563 1882 prob.

234 1886 337 1920 Boot.
377 1908 422 1911 —-
458 1891 499 1920 12
538 1891 569 1921 te
605 1898 647 1921 re
677 1887 758 1921 istic
787 1889 892 1929 vett,
930 1886 1101 1920 Wesenb.
1140 1907 1186 1911 —
1224 1890 1266 1919 15
1302 1885 1566 1919 Thessalonica

235 1931 425 1975 VVesenb„
457 1934 559 1967 Boot.
609 1933 668 1966 Ad
692 1945 726 1977 p.
751 1937 802 1967 77.
827 1937 878 1967 15.
911 1955 956 1958 —
991 1937 1033 1967 27
1049 1945 1100 1976 sq.
1122 1943 1241 1976 meque
1272 1932 1339 1975 (310
1370 1931 1489 1975 codd.)
1521 1952 1565 1956 —

235 1990 307 2012 'noaz
335 1979 420 2013 Otto
446 1992 537 2014 mus.
558 1980 673 2014 Rhen.
697 1983 785 2014 1886
811 1992 845 2024 p.
868 1983 946 2022 366,
972 1991 1095 2024 meque
1119 2000 1164 2004 ——
1189 1990 1247 2013 me
1272 1989 1342 2013 esse
1367 1980 1431 2012 3111
1455 1989 1566 2022 raeque

235 2037 288 2059 me
319 2028 484 2069 temporis
516 2027 616 2069 edd,
648 2027 742 2060 Boot
773 2026 850 2060 sine
881 2027 1098 2070 pronomine
1130 2025 1191 2070 (301
1216 2037 1250 2069 p.
1274 2029 1326 2059 11.
1350 2026 1417 2067 11).
1467 2026 1567 2059 Nori

237 2082 305 2105 om.
326 2072 364 2105 in
391 2073 494 2106 codd.
514 2085 549 2117 p.
573 2076 650 2107 105.
667 2078 722 2116 32,
750 2076 898 2115 13815,
926 2077 1001 2107 163.
1019 2077 1049 2115 6,
1077 2076 1153 2106 224.
1170 2075 1225 2114 26,
1246 2075 1395 2114 22314,
1416 2075 1564 2115 26014,

237 2121 314 2152 265.
337 2122 368 2160 3,
395 2123 471 2153 296.
495 2124 538 2152 24
566 2120 668 2154 alter.
691 2131 758 2154 om.
779 2120 846 2162 M1,
873 2123 949 2154 293.
973 2124 1027 2162 32,
1054 2123 1130 2153 303.
1153 2122 1208 2161 35,
1235 2122 1312 2152 319.
1334 2122 1389 2161 22,
1417 2122 1493 2152 325.
1510 2122 1565 2161 23,

237 2168 314 2198 397.
337 2168 396 2207 33,
430 2170 508 2199 417.
531 2170 592 2208 33,
623 2170 701 2200 430.
726 2170 785 2209 16,
817 2170 896 2200 488.
918 2170 979 2209 26,
1013 2169 1091 2200 489.
1115 2169 1145 2208 6,
1179 2164 1293 2199 addit.
1314 2177 1348 2209 p.
1372 2169 1425 2199 71.
1448 2169 1466 2199 2
1492 2176 1567 2199 ozon

236 2212 390 2255 iwyrecl.,
424 2215 500 2245 266.
524 2216 542 2245 9
569 2224 642 2247 ozon
667 2225 726 2256 ew,
760 2217 837 2247 289.
860 2217 903 2247 30
928 2224 1002 2247 riori
1026 2217 1162 2254 nostro,
1196 2215 1273 2246 291.
1295 2216 1316 2245 4
1348 2223 1422 2246 ‘noaz
1446 2213 1564 2254 liuius,

237 2261 314 2291 296.
336 2262 357 2290 4
388 2268 461 2292 ‘non
487 2263 611 2301 potest.
661 2259 711 2294 Cf.
741 2260 788 2293 301
818 2272 852 2304 p.
882 2264 957 2293 124.
981 2263 1041 2302 31,
1081 2262 1157 2293 193.
1179 2262 1239 2301 36,
1278 2262 1355 2292 499.
1377 2262 1439 2301 20,
1477 2258 1563 2292 fam.

235 2316 269 2347 p.
287 2308 316 2337 3.
334 2308 387 2338 32.
415 2325 459 2329 -—
486 2309 528 2338 32
555 2310 631 2340 aut
654 2307 834 2342 voluntati
847 2306 1039 2340 Wes.sine
1065 2305 1143 2339 ulla
1170 2316 1290 2339 031133.
1341 2307 1352 2349 ΙΙ
1408 2305 1453 2340 P.
1469 2305 1564 2340 85.2
