1665 2553
187 77 270 119 102
611 77 659 112 Μ.
688 77 830 112 TULLI
855 77 1104 113 CICERONIS

184 173 332 216 deinde
370 173 422 214 ad
461 175 656 214 senatum
689 173 1020 228 concurrissent,
1058 174 1245 228 impulsu
1278 173 1400 216 Clodi
1437 190 1530 217 mea

185 247 312 287 opera
342 231 545 274 frumenti
576 231 765 286 inopiam
807 246 898 273 esse
929 232 1175 289 clamarent,
1216 247 1311 274 cum
1350 249 1425 288 per
1458 248 1529 276 eos

184 291 272 332 dies
306 294 477 333 senatus
510 290 559 331 de
592 305 759 332 annona
788 290 1030 345 haberetur,
1063 294 1104 333 et
1131 292 1183 332 ad
1210 291 1298 333 eius
1330 307 1530 346 procura-

184 350 346 391 tionem
378 363 570 391 sermone
600 363 688 390 non
720 349 859 390 solum
884 349 1033 404 plebis,
1065 364 1212 392 verum
1239 350 1367 392 etiam
1399 351 1529 392 bono-

183 423 279 450 rum
315 407 542 462 Pompeius
583 410 823 462 vocaretur,
863 408 989 462 idque
1029 408 1119 462 ipse
1159 412 1348 465 cuperet,
1387 410 1529 451 multi-
1567 426 1583 452 5

183 467 373 521 tudoque
399 483 422 508 a
447 481 514 508 me
538 466 803 521 nominatim,
835 469 883 508 ut
908 467 951 508 id
976 467 1250 522 decernerem,
1278 469 1528 523 postularet,

183 525 264 567 feci
297 528 338 567 et
376 528 568 567 accurate
607 525 861 566 sententiam
900 526 997 567 dixi.
1062 525 1168 568 Cum
1206 527 1403 568 abessent
1435 541 1529 569 con-

186 585 359 639 sulares,
392 584 503 638 quod
523 586 618 629 tuto
652 598 696 625 se
720 587 925 639 negarent
950 599 1075 639 posse
1102 585 1356 626 sententiam
1381 585 1528 640 dicere,

183 646 352 698 praeter
393 642 636 684 Messallam
678 644 720 684 et
753 642 997 699 Afranium,
1043 644 1203 685 factum
1251 646 1314 685 est
1356 647 1528 686 senatus

185 701 427 744 consultum
458 701 504 742 in
533 715 670 742 meam
703 702 967 756 sententiam,
999 704 1047 743 ut
1074 717 1169 743 cum
1199 701 1401 756 Pompeio
1435 717 1527 758 age·
1547 719 1581 744 10

184 763 319 815 retur,
359 763 406 801 ut
445 774 537 801 eam
574 775 664 801 rem
702 760 950 815 susciperet,
987 761 1140 815 lexque
1180 761 1372 803 ferretur.
1435 761 1526 810 Quo

186 822 357 860 senatus
397 818 592 860 consulto
630 819 808 860 recitato
850 834 946 860 cum
975 820 1155 873 populus
1193 834 1312 861 more
1348 820 1429 862 hoc
1468 820 1528 862 in-

186 878 300 919 sulso
335 880 376 918 et
406 892 517 919 novo
550 877 748 932 plausum
774 892 867 919 meo
893 878 1064 920 nomine
1089 878 1304 920 recitando
1332 878 1527 934 dedisset,

182 936 315 978 habui
347 936 599 977 contionem.
652 935 806 978 Omnes
838 938 1116 992 magistratus
1142 940 1384 991 praesentes
1412 951 1528 991 prae-

184 998 248 1036 ter
289 1010 421 1035 unum
460 998 700 1048 praetorem
741 998 783 1036 et
824 996 928 1037 duos
975 996 1172 1038 tribunos
1212 996 1268 1050 pl.
1311 996 1526 1038 dederunt.
1547 1012 1580 1038 15

184 1053 395 1095 Postridie
436 1056 606 1094 senatus
647 1054 845 1107 frequens
889 1056 929 1095 et
968 1069 1113 1095 omnes
1146 1055 1388 1096 consulares
1418 1054 1528 1096 nihil

183 1112 386 1166 Pompeio
418 1111 655 1165 postulanti
685 1115 906 1166 negarunt.
968 1112 1047 1154 Ille
1083 1114 1247 1167 legatos
1287 1113 1528 1167 quindecim

184 1185 279 1211 cum
310 1170 563 1224 postularet,
595 1184 661 1211 me
692 1171 925 1225 principem
955 1171 1194 1224 nominavit
1225 1174 1267 1212 et
1299 1173 1356 1213 ad
1385 1171 1527 1213 omnia

183 1243 251 1270 me
282 1229 463 1270 alterum
496 1243 540 1269 se
571 1229 661 1269 fore
693 1228 811 1270 dixit.
861 1229 1018 1284 Legem
1049 1230 1243 1271 consules
1270 1230 1526 1284 conscripse-

183 1290 301 1341 runt,
340 1301 423 1341 qua
453 1286 655 1340 Pompeio
687 1302 762 1341 per
794 1288 1131 1342 quinquennium
1165 1288 1301 1329 omnis
1333 1291 1524 1342 potestas
1545 1305 1580 1329 20

183 1346 244 1386 rei
276 1345 576 1387 frumentariae
607 1348 700 1387 toto
735 1346 836 1387 orbe
873 1349 1081 1388 terrarum
1120 1347 1308 1401 daretur,
1351 1347 1527 1389 alteram

183 1404 378 1459 Messius,
411 1404 483 1458 qui
516 1404 653 1445 omnis
680 1405 881 1458 pecuniae
902 1406 973 1446 dat
993 1407 1250 1459 potestatem
1270 1408 1312 1446 et
1333 1405 1525 1461 adiungit

184 1463 361 1504 classem
393 1466 435 1503 et
468 1463 698 1504 exercitum
727 1466 769 1504 et
799 1464 936 1505 maius
964 1464 1189 1517 imperium
1213 1464 1260 1505 in
1284 1464 1526 1520 provinciis,

185 1536 311 1575 quam
349 1521 405 1562 sit
446 1536 608 1577 eorum,
651 1522 724 1576 qui
765 1537 835 1564 eas
878 1522 1109 1564 obtineant.
1170 1521 1250 1564 Illa
1280 1525 1427 1564 nostra
1457 1523 1525 1564 lex

183 1580 418 1621 consularis
438 1595 550 1621 nunc
569 1580 761 1621 modesta
775 1581 952 1636 videtur,
970 1581 1075 1622 haec
1087 1580 1217 1622 Messi
1236 1596 1324 1622 non
1342 1581 1523 1622 ferenda.
1544 1596 1578 1622 25

182 1638 409 1692 Pompeius
442 1639 561 1680 illam
592 1639 700 1680 velle
739 1653 782 1680 se
813 1640 932 1695 dicit,
970 1640 1200 1681 familiares
1236 1640 1354 1681 hanc.
1418 1638 1524 1681 Con-

184 1697 344 1739 sulares
366 1698 469 1739 duce
488 1697 674 1739 Favonio
696 1698 900 1753 fremunt3
931 1713 1009 1740 nos
1029 1701 1217 1740 tacemus
1239 1701 1280 1739 et
1301 1712 1347 1739 eo
1374 1697 1524 1753 magis,

183 1756 297 1810 quod
327 1756 377 1797 de
407 1756 533 1798 domo
565 1758 712 1797 nostra
742 1756 851 1798 nihil
882 1757 1018 1799 adhuc
1048 1757 1269 1812 pontifices
1302 1756 1524 1810 responde-

181 1817 293 1855 runt.
345 1813 425 1863 Qui
457 1815 493 1856 si
525 1815 778 1856 sustulerint
803 1815 1064 1870 religionem,
1096 1831 1236 1857 aream
1267 1815 1524 1869 praeclaram

181 1872 451 1928 habebimus,
493 1873 758 1926 superficiem
798 1874 990 1916 consules
1032 1889 1082 1915 ex
1120 1876 1290 1915 senatus
1328 1873 1522 1915 consulto
1544 1890 1577 1914 30

183 1931 488 1987 aestimabunt3
521 1932 587 1973 sin
613 1932 747 1987 aliter,
772 1933 1101 1987 †demolientur,
1126 1947 1201 1974 suo
1220 1931 1392 1973 nomine
1415 1932 1519 1973 loca-

183 1989 303 2044 bunt,
335 2005 424 2031 rem
455 1993 593 2032 totam
626 1990 923 2033 aestimabunt.

270 2047 338 2089 Ita
370 2052 468 2090 sunt
501 2063 567 2090 res
599 2052 783 2103 nostrae,

184 2128 265 2170 ‘Ut
301 2129 351 2170 1‘n
390 2130 624 2171 secundis
665 2131 854 2184 fluxae,
892 2133 946 2171 ut
983 2130 1034 2171 in
1070 2129 1304 2172 advorsis
1337 2131 1523 2172 bonae'.

183 2220 234 2262 In
264 2236 309 2262 re
339 2223 539 2264 familiari
564 2223 684 2265 valde
711 2238 868 2277 sumus,
900 2226 948 2264 ut
980 2224 1071 2278 scis,
1102 2224 1352 2278 perturbati.
1402 2223 1524 2264 Prae·
1543 2239 1577 2266 35

183 2282 299 2320 terea
332 2284 430 2322 sunt
463 2282 666 2335 quaedam
697 2282 935 2336 domestica,
968 2296 1074 2336 quae
1110 2282 1265 2324 litteris
1297 2297 1384 2324 non
1415 2296 1522 2323 com-
