1665 2553
304 77 647 114 EPISTULARUM
671 78 736 113 AD
762 77 978 114 ATTICUM
1001 78 1086 113 XHI
1114 83 1216 114 1—3.
1349 79 1434 121 395

714 231 804 274 IIb.

307 314 382 350 Ser.
403 314 444 348 in
474 314 680 348 Tusculano
705 313 770 348 IV
792 313 840 348 K.
861 314 947 349 Iun.
969 326 1001 349 a.
1024 316 1096 349 709
1122 316 1213 359 (45).

497 394 688 430 CICERO
713 395 905 430 ATTICO
930 395 1039 430 SAL.

178 466 282 510 Cras
328 467 462 522 igitur
507 467 647 508 auctio
687 467 903 508 Peducaei.
975 466 1081 509 Cum
1118 468 1278 522 poteris
1317 482 1429 523 ergo,
1451 478 1494 512 (Π
1513 480 1541 509 3)

54 543 69 569 5
89 526 187 568 Etsi
219 527 421 580 impediet
453 526 634 567 fortasse
666 525 881 567 Faberius.
934 525 1014 567 Sed
1045 529 1187 567 tamen
1219 541 1314 568 cum
1338 527 1434 568 lice-

90 586 166 626 bit.
217 584 452 639 Dionysius
483 587 630 626 noster
662 585 849 639 graviter
881 585 1071 639 queritur
1103 588 1144 627 et
1175 588 1318 627 tamen
1343 586 1434 627 iure

89 660 113 685 a
145 644 362 698 discipulis
396 644 543 685 abesse
574 657 615 685 se
646 647 734 684 tam
767 643 849 684 diu.
905 643 1056 684 Multis
1088 644 1229 685 verbis
1262 645 1433 699 scripsit

89 703 140 744 ad
171 717 250 757 me,
283 702 404 744 credo
437 703 540 743 item
573 702 623 743 ad
655 705 707 743 te.
764 701 872 743 Mihi
905 702 1074 756 quidem
1106 703 1273 744 videtur
1305 703 1433 744 etiam

88 761 248 802 diutius
293 761 500 802 afuturus.
570 761 632 802 Ac
674 760 850 815 nollem,
895 761 1015 802 valde
1060 761 1172 803 enirn
1215 761 1431 803 hominem

35 837 68 861 10
88 820 289 862 desidero.

175 878 215 920 A
251 882 293 920 te
333 878 499 920 litteras
539 878 854 933 exspectabam,
891 878 1079 919 nondum
1113 878 1290 934 scilicet3
1332 893 1432 920 nam
1452 890 1511 922 (111
1531 889 1559 921 1)

85 938 162 979 has
194 951 316 978 mane
347 937 637 978 rescribebam.

722 1052 798 1095 III.

307 1133 381 1169 Ser.
402 1135 443 1169 in
472 1135 678 1169 Tusculano
703 1135 778 1168 III
798 1135 846 1168 K.
868 1135 952 1169 Iun.
975 1146 1007 1168 α.
1032 1137 1103 1170 709
1130 1137 1221 1179 (45).

32 1223 66 1249 15
491 1215 681 1251 CICERO
706 1215 898 1251 ATTICO
923 1215 1032 1251 SAL.

175 1288 270 1343 Ego
311 1303 410 1330 vero
449 1288 533 1329 ista
571 1288 744 1329 nomina
782 1288 840 1329 sic
880 1288 1035 1342 probo,
1078 1291 1126 1329 ut
1165 1288 1274 1329 nihil
1315 1288 1428 1330 aliud
1456 1302 1473 1332 1

87 1361 153 1388 1116
185 1349 366 1402 moveat,
396 1347 480 1388 nisi
512 1347 625 1401 quod
656 1350 704 1387 tu
736 1347 890 1387 videris
923 1346 1129 1388 dubitare.
1178 1347 1291 1388 Illud
1316 1348 1428 1388 enim

88 1420 175 1446 non
207 1406 365 1459 accipio
398 1406 442 1446 in
474 1405 631 1446 bonam
662 1408 839 1460 partem,
869 1407 976 1458 quod
1005 1406 1056 1446 ad
1081 1420 1148 1446 me
1174 1407 1321 1461 refers3
1355 1407 1429 1460 qui

89 1465 124 1505 si
165 1464 256 1517 ipse
299 1464 520 1518 negotium
556 1478 697 1505 meum
734 1478 940 1519 gererem,
981 1464 1090 1505 nihil
1127 1479 1315 1519 gererem
1345 1465 1430 1506 nisi

34 1540 68 1564 ρο
88 1523 265 1564 consilio
311 1525 397 1563 tuo.
471 1521 554 1563 Sed
596 1525 739 1563 tamen
782 1522 983 1577 intellego
1027 1524 1164 1578 magis
1205 1526 1247 1564 te
1286 1524 1331 1564 id
1370 1525 1430 1565 fa-

88 1596 180 1623 cere
213 1580 446 1635 diligentia,
479 1595 562 1634 qua
594 1595 757 1634 semper
789 1581 933 1634 uteris,
966 1596 1093 1634 quam
1121 1582 1234 1635 quod
1259 1582 1428 1623 dubites

88 1641 137 1681 de
188 1639 433 1681 nominibus
485 1639 592 1680 istis.
666 1639 839 1680 Etenim
889 1637 1078 1680 Caelium
1129 1654 1216 1681 non
1262 1641 1430 1697 probas,

87 1699 211 1752 plura
240 1712 329 1739 non
359 1698 435 1739 vis.
486 1697 726 1752 Utrumque
756 1698 894 1738 laudo.
947 1697 1027 1738 His
1059 1698 1193 1753 igitur
1223 1699 1428 1740 utendum

87 1757 298 1811 †espraes
331 1756 556 1810 aliquando
592 1757 727 1797 factus
760 1759 870 1797 esset
898 1756 943 1796 in
967 1756 1034 1797 his
1062 1757 1231 1810 quidem
1256 1757 1426 1798 tabulis.

35 1815 127 1858 25A
170 1830 236 1856 me
273 1815 407 1870 igitur
445 1815 596 1856 omnia.
664 1814 785 1863 Quod
828 1814 916 1855 dies
960 1815 1130 1869 longior
1168 1819 1252 1869 est,
1290 1819 1428 1857 tenea-

88 1888 182 1914 mus
221 1874 368 1927 modo,
409 1874 522 1928 quod
558 1873 770 1927 volumus,
807 1876 912 1926 puto
951 1873 1041 1914 fore
1079 1874 1206 1915 istam
1243 1874 1371 1915 etiam
1403 1890 1429 1915 a

87 1946 294 1986 praecone
327 1932 449 1986 diem,
481 1934 593 1973 certe
625 1932 677 1972 ab
708 1932 943 1972 heredibus.

176 1989 240 2031 De
272 1989 422 2044 Crispo
456 1994 497 2031 et
529 1990 713 2031 Mustela
742 1990 919 2045 videbis,
945 1993 986 2031 et
1017 1990 1143 2031 velim
1171 1991 1289 2046 scire,
1321 2006 1427 2046 quae

90 2048 146 2089 sit
183 2064 280 2102 pars
312 2049 502 2090 duorum.
563 2048 627 2090 De
658 2049 782 2090 Bruti
814 2049 997 2090 adventu
1028 2063 1142 2090 eram
1173 2050 1310 2090 factus
1342 2064 1425 2091 cer-
1452 2062 1473 2092 2

37 2124 71 2149 30
89 2107 186 2148 tior.
247 2106 464 2148 Attulerat
503 2108 614 2148 enim
646 2107 697 2148 ab
731 2122 778 2148 eo
809 2106 1007 2162 Aegypta
1038 2107 1216 2148 libertus
1247 2108 1426 2150 litteras.

88 2165 189 2206 Misi
221 2165 272 2206 ad
302 2169 344 2206 te
376 2166 614 2220 epistulam,
648 2166 746 2219 quia
779 2165 994 2207 commode
1028 2166 1185 2220 scripta
1217 2169 1317 2208 erat.
