1665 2553
300 103 638 138 EPISTULARUM
662 104 726 138 AD
753 103 968 138 ATTICUM
993 104 1077 138 XIV
1105 108 1252 139 10—12.
1361 103 1446 144 443

727 258 820 299 XII.

377 338 451 374 Ser.
479 339 640 374 Puteolis
665 339 706 372 X
730 339 778 373 K.
807 339 901 373 Mai.
928 350 961 373 a.
990 342 1061 373 710
1087 341 1176 381 (44).

527 420 695 455 CICERO
723 420 895 455 ATTICO
924 420 1020 455 SAL.

195 491 228 533 O
261 493 318 533 mi
350 493 510 547 Attice,
547 507 712 548 vereor,
750 507 803 533 ne
834 493 959 534 nobis
996 491 1096 533 Idus
1129 492 1307 533 Martiae
1338 491 1447 531 nihil
1475 502 1491 531 1

70 569 86 594 5
106 551 295 592 dederint
326 555 493 605 praeter
529 551 738 592 laetitiam
778 554 819 592 et
852 552 937 592 odii
975 566 1154 605 poenam
1192 565 1238 591 ac
1276 550 1445 591 doloris.

107 610 219 658 Quae
251 610 356 650 mihi
388 611 505 650 istim
538 610 801 651 adferuntur!
835 624 940 664 quae
972 609 1041 650 hic
1072 609 1210 651 video!

315 691 396 732 ς’ὶΩι
427 691 620 746 πράξεως
651 695 784 746 καλῆς
815 691 905 746 μέν,
938 691 1118 740 ἀτελοῦς
1150 690 1226 732 δέ’

195 785 298 840 Scis,
330 801 456 839 quam
489 785 663 840 diligam
695 785 859 826 Siculos
892 788 932 826 et
972 800 1097 839 quam
1128 785 1245 825 illam
1278 784 1445 825 cliente-

105 844 191 885 lam
221 843 445 884 honestam
484 844 673 885 iudicem.
732 844 868 885 Multa
905 844 990 884 illis
1024 843 1178 884 Caesar
1215 857 1350 897 neque
1380 857 1445 883 me

54 920 86 944 10
105 903 252 957 invito,
285 903 365 943 etsi
390 901 600 943 Latinitas
634 905 722 943 erat
747 917 834 943 non
859 903 1038 943 ferenda.
1100 901 1260 943 Verum
1291 904 1444 942 tamen.

105 961 215 1002 Ecce
265 964 406 1002 autem
449 961 663 1002 Antonius
715 964 884 1015 accepta
928 961 1077 1015 grandi
1126 960 1304 1014 pecunia
1352 960 1445 1000 fixit

105 1020 242 1074 legem
275 1035 298 1060 a
330 1020 534 1060 dictatore
561 1020 744 1060 comitiis
774 1020 917 1073 latam,
951 1035 1033 1073 qua
1065 1018 1195 1060 Siculi
1227 1019 1337 1059 cives
1364 1018 1447 1058 Ro-
1512 1038 1521 1041 ,

105 1078 238 1132 manig
258 1079 376 1119 cuius
396 1078 457 1119 rei
476 1078 572 1119 vivo
600 1079 673 1119 illo
694 1079 854 1119 mentio
880 1078 1007 1118 nulla.
1059 1077 1199 1126 Quid?
1254 1076 1446 1117 Deiotari

105 1137 244 1177 nostri
287 1151 412 1177 causa
454 1151 541 1178 non
573 1137 754 1177 similis‘.>
803 1136 970 1192 Dignus
1015 1136 1086 1176 ille
1124 1135 1293 1190 quidem
1331 1135 1447 1175 omni

54 1212 87 1237 15
106 1209 250 1250 regno,
276 1196 348 1236 sed
373 1210 459 1236 non
485 1210 558 1249 per
583 1195 786 1236 Fulviam.
844 1195 1041 1236 Sescenta
1067 1194 1232 1235 similia.
1287 1193 1447 1234 Verum

107 1254 209 1294 illuc
234 1254 368 1294 redeo.
431 1254 534 1294 Tam
562 1254 716 1294 claram
742 1257 913 1307 tamque
937 1256 1136 1294 testatam
1156 1268 1245 1293 rem
1276 1255 1446 1306 tamque

107 1313 265 1353 iustam
290 1312 563 1353 Buthrotiam
594 1327 681 1353 non
710 1313 947 1353 tenebimus
976 1312 1117 1365 aliqua
1150 1326 1199 1352 ex
1224 1311 1373 1365 parte?
1406 1313 1447 1350 et

108 1385 156 1412 eo
190 1370 360 1424 quidem
391 1371 540 1425 magis,
573 1385 655 1424 quo
688 1371 769 1411 iste
801 1371 950 1424 plura?

195 1428 430 1470 Nobiscum
467 1429 536 1469 hic
573 1429 880 1482 perhonorifice
918 1431 959 1469 et
995 1428 1203 1482 peramice
1235 1426 1447 1468 Octavius.
1474 1438 1492 1467 -2

57 1505 89 1528 20
110 1486 243 1535 Quem
276 1487 445 1540 quidem
465 1488 530 1527 sui
557 1486 777 1528 Caesarem
810 1488 1065 1541 salutabant⁷
1096 1486 1319 1539 Philippus
1350 1500 1447 1538 11011,

108 1546 252 1599 itaque
283 1559 334 1585 ne
371 1559 450 1585 nos
483 1545 668 1600 quidem3
708 1560 831 1599 quem
868 1559 977 1600 nego
1009 1559 1134 1598 posse
1172 1558 1253 1585 esse
1288 1544 1448 1584 bonum

109 1604 252 1645 civem.
314 1602 381 1644 Ita
430 1603 555 1643 multi
605 1604 896 1657 circumstant3
948 1604 1020 1657 qui
1070 1603 1239 1656 quidem
1288 1602 1447 1642 nostris

108 1665 289 1703 mortem
329 1662 600 1714 minitantur,
643 1665 801 1716 negant
850 1661 953 1701 haec
992 1661 1093 1701 ferri
1136 1675 1270 1714 posse.
1340 1659 1449 1708 Quid

110 1735 272 1774 censes,
317 1735 411 1760 cum
443 1719 623 1760 Romam
660 1735 764 1772 puer
802 1720 982 1772 venerit,
1023 1719 1097 1759 ubi
1127 1718 1267 1759 nostri
1298 1718 1449 1758 libera-

58 1796 90 1820 25
110 1782 224 1820 tores
257 1779 340 1819 tuti
367 1793 456 1818 esse
481 1792 566 1818 non
592 1778 799 1831 possunt?
838 1778 916 1829 Qui
937 1777 1105 1830 quidem
1132 1791 1295 1830 semper
1326 1778 1449 1816 erunt

111 1837 226 1893 clari,
256 1837 512 1878 conscientia
543 1851 640 1877 vero
674 1837 773 1876 facti
806 1837 872 1876 sui
904 1836 1029 1876 etiam
1058 1835 1184 1875 beati.
1247 1833 1328 1874 Sed
1358 1848 1449 1888 nos,

109 1895 192 1935 nisi
235 1910 300 1935 me
341 1895 470 1948 fallit,
513 1894 753 1935 iacebimus.
826 1893 975 1947 Itaque
1020 1894 1132 1934 exire
1178 1907 1297 1946 aveo⁷
1343 1892 1448 1932 eubi

109 1967 197 1994 nec
227 1953 612 2006 Pelopidarum,
643 1952 835 2006 †inquit.
898 1952 1023 1992 Haud
1056 1966 1150 1992 amo
1176 1951 1244 1992 vel
1273 1951 1351 1991 hos
1384 1951 1448 1991 de-

112 2012 319 2065 signatos,
362 2011 435 2065 qui
479 2011 606 2051 etiam
645 2011 876 2051 declamare
913 2025 979 2051 me
1018 2012 1265 2065 coegerunt,
1306 2012 1354 2049 ut
1396 2023 1449 2049 ne

59 2087 92 2112 30
113 2070 223 2123 apud
254 2084 383 2123 aquas
417 2069 585 2123 quidem
612 2070 871 2122 acquiescere
901 2068 1057 2109 liceret.
1119 2067 1199 2108 Sed
1223 2067 1304 2108 hoc
1334 2081 1449 2108 meae

111 2128 265 2168 nimiae
290 2127 519 2168 facilitatis.
570 2126 681 2167 Nam
700 2127 743 2167 id
768 2130 857 2167 erat
884 2127 1097 2180 quondam
1124 2126 1245 2179 quasi
1269 2140 1449 2179 necesse,

111 2200 234 2240 nunc,
266 2200 436 2239 quoquo
468 2185 593 2226 modo
628 2200 670 2225 se
701 2200 767 2226 res
798 2185 938 2238 habet,
969 2199 1056 2225 non
1088 2187 1151 2225 est
1182 2184 1296 2224 item.

201 2243 335 2292 Quam
380 2243 535 2284 dudum
578 2243 687 2284 nihil
716 2243 869 2296 habeo,
914 2243 1026 2296 quod
1070 2242 1121 2283 ad
1163 2245 1205 2282 te
1249 2241 1449 2283 scribam!
1476 2253 1496 2283 3

114 2300 262 2343 Scribo
306 2304 464 2355 tamen,
507 2316 594 2342 non
633 2304 681 2342 ut
719 2301 919 2341 delectem
956 2301 1024 2341 his
1073 2301 1249 2354 litteris,
1287 2300 1359 2341 sed
1402 2303 1450 2340 ut
