1665 2553
309 82 648 117 EPISTULARUM
674 82 738 116 AD
764 82 979 117 ATTICUM
1003 82 1090 117 VIII
1116 87 1217 118 3-5.
1349 83 1434 125 229

93 180 194 222 bam
218 179 374 221 iudicio
403 194 529 233 quam
554 193 662 234 meo,
685 194 738 220 ne
764 179 829 219 tui
856 179 1025 233 quidem
1050 179 1299 234 testimonii,
1322 180 1436 233 quod

95 239 133 280 ei
166 253 289 292 saepe
321 238 432 292 apud
461 252 529 279 me
562 238 747 292 dederas,
786 238 947 279 veritus
981 238 1211 292 superbum
1244 253 1287 279 se
1317 253 1435 292 prae-

93 297 189 338 buit
213 298 258 338 in
283 297 468 351 fortuna,
501 311 627 350 quam
658 296 825 350 putavit
849 299 1042 337 nostram
1067 297 1175 352 fore,
1207 297 1324 337 cuius
1350 296 1435 337 for-

94 359 222 398 tunae
247 370 338 411 nos,
364 358 570 410 quantum
596 355 781 396 humano
808 355 985 396 consilio
1013 356 1121 396 effici
1146 356 1317 410 poterit,
1346 370 1435 396 mo-

60 433 76 458 5
98 418 191 456 tum
234 414 399 456 ratione
439 414 619 468 quadam
656 414 999 468 gubernabimus.
1063 413 1142 455 Cui
1179 414 1252 468 qui
1287 417 1435 455 noster

95 473 252 528 honos,
291 473 404 527 quod
442 473 710 527 obsequium,
749 487 855 526 quae
893 473 1021 514 etiam
1059 474 1109 513 ad
1147 476 1308 514 ceteros
1340 487 1435 513 con—

98 533 249 586 tempti
269 532 488 573 cuiusdam
507 531 692 572 hominis
713 532 1020 573 commendatio
1042 532 1204 572 defuit?
1224 534 1272 572 ut
1292 546 1434 572 meum

93 591 296 632 iudicium
322 590 573 644 reprehendi
600 606 623 631 a
643 589 801 638 Quinto
827 591 957 631 fratre
983 590 1196 644 vulgoque
1223 590 1274 631 ab
1302 591 1434 630 omni-

92 649 173 691 bus
205 650 375 690 mallem
402 664 530 703 quam
561 649 683 689 illum
706 663 793 689 non
825 650 1016 690 efferrem
1040 649 1238 690 laudibus
1271 647 1435 690 Cicero-

40 727 74 751 10
93 723 253 762 nesque
282 710 455 749 nostros
488 722 581 749 meo
614 708 757 762 potius
789 708 934 749 labore
966 708 1187 748 subdoceri
1214 722 1341 761 quam
1366 723 1433 749 me

95 767 226 808 alium
275 767 327 807 iis
371 766 626 821 magistrum
669 780 885 820 quaerere3
942 766 993 807 ad
1037 781 1162 820 quem
1206 780 1283 821 ego
1329 781 1433 820 quas

92 826 271 879 litteras,
315 825 381 866 dei
424 825 709 879 immortales,
750 825 967 880 miseram,
1009 828 1215 879 quantum
1257 824 1433 865 honoris

95 885 394 939 significantes,
421 886 626 938 quantum
653 884 825 924 amoris!
867 883 1171 924 Dicaearchum
1195 883 1433 925 mehercule

95 946 168 984 aut
199 943 507 984 Aristoxenum
539 943 696 984 diceres
730 942 896 998 arcessi,
935 957 1022 983 non
1054 957 1185 983 unum
1217 942 1433 983 hominem

39 1019 73 1045 15
95 1002 285 1043 omnium
327 1001 674 1055 loquacissimum
719 1004 762 1042 et
797 1001 971 1042 minime
1010 1004 1157 1055 aptum
1196 1001 1248 1041 ad
1287 1001 1432 1041 docen>

95 1061 204 1101 dum.
262 1058 358 1106 Sed.
374 1062 438 1101 est
469 1060 674 1101 memoria
704 1059 825 1100 bona.
884 1059 951 1101 Me
984 1060 1093 1100 dicet
1125 1074 1216 1100 esse
1247 1059 1429 1100 meliore.

94 1118 256 1168 Quibus
288 1118 445 1159 litteris
477 1118 537 1159 ita
565 1118 785 1171 respondit
813 1121 862 1159 ut
889 1132 966 1173 ego
992 1116 1165 1173 nemini,
1196 1118 1314 1158 cuius
1341 1132 1433 1158 cau-

94 1192 184 1218 sam
214 1192 302 1218 non
332 1177 571 1231 reciperem.
623 1176 797 1230 Semper
823 1177 951 1218 enim:
994 1175 1055 1217 ‘Si
1079 1179 1242 1232 potero,
1273 1177 1309 1217 si
1336 1179 1432 1217 ante

94 1238 289 1289 suscepta
321 1250 446 1276 causa
472 1250 560 1276 non
584 1235 816 1289 impediar'.
866 1234 1112 1289 Numquam
1138 1249 1209 1276 reo
1236 1235 1433 1289 cuiquam

39 1312 75 1337 20
92 1298 182 1336 tam
212 1294 377 1349 humili,
408 1297 497 1335 tam
523 1294 706 1348 sordido,
737 1297 826 1335 tam
852 1294 1034 1348 nocenti,
1065 1297 1153 1334 tam
1180 1294 1315 1335 alieno
1343 1296 1431 1334 tam

94 1353 281 1407 praecise
318 1353 481 1408 negavi,
513 1368 640 1406 quam
670 1352 740 1393 hic
770 1352 877 1393 mihi
908 1353 1031 1406 plane
1062 1354 1151 1393 sine
1175 1353 1262 1393 ulla
1289 1367 1433 1406 excep-

93 1412 210 1452 tione
241 1411 456 1465 praecidit.
509 1410 633 1452 Nihil
663 1411 843 1465 cognovi
874 1411 1103 1466 ingratius3
1134 1411 1179 1452 in
1211 1426 1293 1465 quo
1326 1411 1430 1451 vitio

93 1469 206 1511 nihjl
235 1469 338 1510 mali
368 1484 455 1510 non
486 1470 606 1510 inest.
670 1468 752 1510 Sed
784 1470 833 1511 de
863 1469 945 1510 hoc
975 1469 1101 1510 nimis
1131 1470 1277 1510 multa.

181 1528 277 1582 Ego
308 1542 458 1569 navem
489 1528 645 1582 paravi.
706 1528 818 1569 Tuas
851 1528 1016 1569 litteras
1048 1532 1191 1569 tamen
1222 1531 1432 1583 exspecto,

40 1604 74 1630 25
94 1589 142 1628 ut
175 1587 327 1642 sciam,
368 1587 471 1640 quid
500 1587 783 1640 respondeant
815 1586 1119 1628 consultationi
1149 1602 1276 1628 meae.
1341 1586 1432 1627 Sul-

93 1660 220 1687 mone
259 1643 302 1686 C.
329 1644 478 1685 Atium
509 1644 759 1700 Paelignum
801 1645 1015 1698 aperuisse
1052 1644 1240 1685 Antonio
1273 1648 1433 1699 portas,

94 1718 190 1745 cum
223 1706 361 1745 essent
393 1703 589 1744 cohortes
624 1703 822 1757 quinque,
857 1703 902 1751 Q.
929 1702 1174 1743 Lucretium
1206 1704 1302 1744 inde
1334 1703 1432 1744 effu-

95 1763 206 1817 gisse
243 1763 365 1817 †scis
405 1761 596 1803 Gnaeum
633 1763 694 1802 ire
725 1761 1001 1802 Brundisium
1039 1762 1262 1803 desertum.
1326 1760 1433 1802 Con-

94 1822 204 1862 fecta
234 1835 300 1862 res
333 1823 407 1861 est.

42 1954 77 1978 30
733 1935 783 1977 V.

167 2016 240 2052 Ser.
262 2018 302 2052 in
328 2017 527 2052 Formiano
561 2017 647 2059 VH,
673 2021 713 2051 ut
738 2016 890 2059 videtur,
916 2016 964 2050 K.
987 2016 1101 2051 Mart.
1123 2027 1155 2050 α.
1180 2018 1250 2051 705
1277 2018 1366 2059 (49).

497 2099 686 2134 CICERO
711 2098 902 2133 ATTICO
929 2098 1035 2132 SAL.

186 2167 293 2211 Cum
331 2173 426 2211 ante
462 2171 600 2212 lucem
636 2182 718 2211 VIII
755 2169 848 2211 Kal.
880 2170 1046 2210 litteras
1088 2170 1140 2210 ad
1177 2172 1218 2210 te
1256 2170 1302 2210 cle
1332 2169 1432 2210 Dio—

94 2228 218 2282 nysio
258 2228 484 2284 dedissem,
520 2229 684 2283 vesperi
722 2229 773 2269 ad
812 2243 890 2269 nos
924 2229 1065 2268 eodem
1100 2228 1165 2269 die
1196 2228 1311 2268 vem't
1342 2228 1433 2282 ipse

42 2303 76 2329 35
96 2285 328 2340 Dionysius
361 2287 611 2328 auctoritate
644 2291 718 2328 tua
749 2289 977 2342 permotus,
1008 2289 1055 2327 ut
1089 2286 1296 2342 suspicor3
1331 2287 1433 2340 quid

1459 1070 1479 1100 [Θ
