1665 2553
293 70 632 105 EPISTULARUM
657 70 722 104 AD
748 70 963 105 ATTICUM
988 71 1054 105 ΧΠ
1082 75 1135 115 18,
1165 75 1247 106 18a.
1359 71 1443 112 365

108 166 272 208 confido
318 169 358 207 et
402 166 590 221 Egnatio
637 166 807 207 scilicet.
874 165 938 207 De
978 165 1189 220 Appuleio
1235 167 1336 221 quid
1380 170 1443 208 est

99 225 220 280 'quod
251 225 431 280 labores,
463 240 557 266 cum
590 225 646 266 sit
679 224 893 266 excusatio
925 225 1090 266 facilis?

195 283 291 324 Tibi
330 284 381 325 ad
418 299 485 325 me
522 284 682 339 venire,
725 287 773 324 ut
812 283 1016 339 ostendis,
1059 283 1153 325 vide
1184 298 1237 325 ne
1268 298 1355 324 non
1388 284 1443 324 sit
1468 295 1490 324 4

106 343 237 384 facile.
288 342 370 384 Est
397 342 508 383 enim
533 342 709 397 longum
735 343 828 398 iter,
860 342 1224 397 discedentemque
1249 345 1306 398 te,
1331 343 1443 396 quod

71 417 86 443 5
107 401 297 443 celeriter
328 401 411 442 tibi
443 402 523 442 erit
554 401 735 442 fortasse
767 401 1015 452 faciendum,
1047 416 1134 442 non
1166 401 1256 442 sine
1288 415 1443 455 magno

107 460 250 502 dolore
295 460 518 501 dimittam.
583 458 664 500 Sed
708 460 868 515 omnia,
911 463 959 500 ut
996 460 1125 501 voles.
1187 460 1282 514 Ego
1322 460 1444 513 enim,

107 519 307 573 quicquid
344 519 509 573 feceris,
547 518 591 559 id
628 533 723 559 cum
760 521 872 560 recte
910 521 1002 559 tum
1035 519 1163 560 etiam
1194 534 1287 561 mea
1320 533 1446 559 causa

106 578 265 619 factum
296 577 468 631 putabo.

684 693 873 736 XVHIa.

53 782 86 806 10
361 774 434 810 Ser.
455 775 614 809 Asturae
639 775 713 809 III
731 776 788 810 Id.
811 775 925 810 Mart.
948 786 980 809 a.
1005 777 1074 809 709
1102 776 1190 818 (45).

510 857 700 891 CICERO
724 856 917 891 ATTICO
942 856 1050 891 SAL.

196 928 313 984 Heri,
350 943 444 970 cum
478 943 527 970 ex
560 929 740 970 aliorum
771 929 927 970 litteris
960 929 1255 983 cognovissem
1287 929 1336 970 de
1361 928 1446 969 An-

109 1050 228 1088 erant
259 1047 394 1100 pridie
425 1047 606 1087 fortasse
639 1047 821 1100 scriptae
854 1061 980 1100 quam
1007 1046 1137 1087 datae.
1188 1045 1338 1100 Neque
1362 1046 1447 1087 ista

55 1121 88 1148 15
109 1106 278 1160 quidem
311 1120 428 1160 curo3
474 1105 546 1146 sed
577 1108 719 1146 tamen
751 1105 901 1159 opinor
933 1108 1107 1158 propter
1139 1105 1312 1159 praedes
1347 1120 1445 1146 suos

109 1164 400 1206 accucurrisse.

198 1222 318 1271 Quod
356 1223 505 1264 scribis
538 1222 778 1263 Terentiam
811 1222 860 1263 de
893 1222 1241 1276 obsignatoribus
1274 1222 1357 1263 mei
1388 1225 1446 1262 te-

109 1282 310 1324 stamenti
346 1282 483 1337 loqui,
525 1281 710 1335 primum
751 1281 831 1322 tibi
864 1281 1069 1334 persuade
1100 1295 1168 1322 me
1199 1281 1329 1322 istaec
1359 1295 1445 1321 non

110 1355 254 1382 curare
302 1354 438 1394 neque
488 1354 578 1381 esse
622 1340 848 1394 quicquam
892 1343 965 1380 aut
1008 1354 1162 1393 parvae
1205 1354 1328 1381 curae
1372 1342 1445 1380 aut

58 1415 91 1440 20
109 1414 242 1440 novae
272 1399 365 1440 loci.
417 1397 497 1440 Sed
528 1401 670 1439 tamen
704 1399 805 1452 quid
837 1398 1001 1439 simile?
1052 1397 1131 1439 Illa
1163 1413 1234 1439 eos
1265 1413 1352 1439 non
1378 1398 1445 1438 ad-

110 1457 270 1512 hibuit,
323 1471 428 1510 quos
478 1457 737 1497 existima-vit
787 1457 1072 1511 quaesituros,
1120 1457 1204 1497 nisi
1254 1457 1446 1509 scissent,

111 1516 212 1571 quid
252 1519 371 1556 esset.
439 1514 553 1555 Num
596 1515 640 1555 id
683 1515 809 1555 etiam
849 1515 954 1555 mihi
991 1516 1166 1569 periculi
1202 1516 1314 1556 fuit?
1365 1515 1447 1556 Sed

110 1578 253 1616 tamen
284 1574 411 1615 faciat
442 1573 515 1614 illa
548 1573 660 1626 quod
686 1587 774 1627 ego.
830 1572 952 1614 Dabo
979 1588 1118 1614 meum
1143 1576 1445 1614 testamentum

111 1633 346 1688 legendum,
378 1632 445 1673 cui
475 1632 676 1686 voluerit,
707 1632 926 1686 intelleget
950 1646 1037 1672 non
1062 1632 1252 1685 potuisse
1276 1632 1446 1673 honori-

61 1708 93 1733 25
112 1692 305 1733 ficentius
344 1707 367 1732 a
403 1705 469 1731 me
504 1690 596 1731 fieri
635 1690 684 1731 de
713 1692 884 1743 nepote,
923 1705 1049 1743 quam
1079 1690 1259 1731 fecerim.
1322 1689 1445 1745 Nam,

114 1750 225 1805 quod
255 1765 343 1791 non
368 1749 566 1790 advocavi
592 1748 643 1789 ad
669 1748 988 1803 obsignandum,
1019 1749 1203 1802 primum
1228 1748 1333 1789 mihi
1360 1764 1446 1790 non

113 1810 229 1850 venit
266 1809 311 1849 in
347 1811 550 1862 mentem,
589 1807 736 1848 deinde
767 1822 814 1847 ea
845 1822 889 1847 re
919 1821 1006 1847 non
1037 1808 1170 1862 venit,
1208 1808 1306 1861 quia
1337 1807 1447 1848 nihil

115 1867 300 1908 attinuit.
363 1866 471 1907 Tute
504 1867 602 1921 scis,
641 1866 676 1906 si
706 1865 830 1906 modo
862 1865 1104 1920 meministi,
1143 1880 1210 1906 me
1241 1866 1320 1906 tibi
1352 1869 1445 1907 tum

115 1925 280 1980 dixisse,
310 1928 358 1966 ut
389 1925 438 1966 de
470 1925 555 1965 tuis
587 1924 752 1978 aliquos
785 1924 1018 1965 adduceres.
1069 1923 1177 1972 Quid
1203 1924 1314 1965 enim
1341 1939 1445 1978 opus

63 1999 96 2025 30
116 1986 205 2025 erat
229 1983 406 2024 multis‘.>
449 1982 660 2036 Equidem
687 1983 939 2023 domesticos
965 1983 1180 2023 iusseram.
1231 1982 1340 2023 Tum
1365 1983 1446 2024 tibi

115 2042 292 2096 placuit,
328 2045 376 2082 ut
413 2042 626 2082 mitterem
658 2041 710 2082 ad
742 2039 903 2081 Silium.
966 2040 1068 2081 Inde
1101 2044 1163 2082 est
1193 2044 1360 2095 natum,
1397 2044 1445 2082 ut

117 2100 169 2141 ad
192 2099 442 2150 Publilium3
463 2100 535 2140 sed
558 2114 724 2140 necesse
748 2102 946 2140 neutrum
972 2099 1062 2140 fuit.
1105 2098 1197 2140 Hoc
1221 2102 1270 2140 tu
1295 2102 1449 2141 tracta-

116 2159 195 2213 bis,
227 2161 274 2198 ut
305 2157 387 2198 tibi
417 2157 639 2199 videbitur.

1473 941 1490 972 1

108 988 200 1029 toni
234 988 435 1042 adventu,
477 987 708 1028 admiratus
742 1002 835 1028 sum
866 987 975 1028 nihil
1007 1002 1097 1028 esse
1128 988 1172 1028 in
1204 988 1301 1029 tuis.
1365 986 1447 1029 Sed
1505 997 1513 1000 ”
