1665 2553
194 988 212 1017 10

241 61 326 102 446
665 62 712 97 Μ.
736 62 876 96 TULLI
902 61 1152 97 CICERONIS

241 171 357 197 mum
382 171 449 198 me
475 157 661 211 praebui.
718 157 891 198 Etenim
917 157 1000 211 ille7
1034 158 1234 210 quoniam
1261 158 1389 199 semel
1413 158 1581 199 induxit

241 216 429 255 animum
462 215 543 256 sibi
575 216 716 269 licere,
751 216 862 269 quod
893 216 1038 269 vellet7
1075 216 1243 257 fecisset
1274 216 1409 258 nihilo
1441 217 1580 258 minus

240 289 306 314 me
350 274 496 314 invito.
568 273 717 327 Itaque
758 289 945 315 mearum
991 288 1158 328 quoque
1201 275 1441 316 litterarum
1482 276 1581 316 misi

241 332 322 372 tibi
354 332 603 386 exemplum.

889 450 937 490 A.
1618 468 1633 493 5

335 529 409 563 Ser.
437 529 573 563 Romae
599 531 691 563 inter
717 541 749 563 α.
776 530 809 563 d.
832 530 872 563 X
895 534 927 564 et
960 531 1039 564 VH
1060 531 1108 565 K.
1131 531 1226 564 Mai.
1248 543 1280 565 α.
1304 534 1374 565 710
1402 533 1490 574 (44).

493 599 737 633 ANTONIUS
765 599 860 633 COS.
889 599 922 633 S.
949 599 990 634 D.
1018 600 1065 634 M.
1095 600 1326 635 CICERONI.

330 681 693 736 Occupationibus
727 685 790 723 est
815 683 974 724 factum
1006 684 1109 724 meis
1143 687 1184 725 et
1216 685 1358 725 subita
1382 687 1456 725 tua
1487 699 1580 738 pro-

241 741 438 796 fectione,
480 755 532 782 ne
569 744 707 782 tecum
746 756 886 782 coram
923 742 972 782 de
1002 742 1081 783 hac
1124 757 1168 783 re
1207 757 1383 798 agerem.
1447 742 1580 791 Quam

242 800 294 840 ob
328 815 496 840 causam
523 814 681 854 vereor,
712 814 764 840 ne
798 800 989 840 absentia
1021 816 1112 841 mea
1138 802 1271 842 levior
1304 802 1358 842 sit
1384 802 1495 856 apud
1526 805 1579 843 te.
1601 819 1633 843 ιο

242 858 401 907 Quodsi
450 858 618 899 bonitas
666 861 739 898 tua
794 859 1057 912 responderit
1104 860 1258 900 iudicio
1306 875 1418 914 meo,
1469 860 1580 914 quod

241 932 405 971 semper
436 917 567 957 habui
600 917 648 957 de
680 920 733 970 te,
765 917 969 971 gaudebo.

327 975 367 1016 A
400 974 575 1016 Caesare
606 976 727 1029 petii,
765 978 813 1016 ut
845 974 938 1017 Sex.
972 975 1166 1017 Clodium
1204 977 1464 1031 restitueret3
1505 976 1580 1017 im-

240 1034 413 1087 petravi.
476 1034 582 1074 Erat
613 1034 719 1074 mihi
745 1034 789 1074 in
822 1034 961 1075 animo
996 1035 1122 1075 etiam
1147 1038 1239 1075 tum
1272 1035 1331 1076 sic
1362 1035 1426 1076 uti
1458 1035 1579 1076 bene-

241 1093 335 1133 ficio
376 1093 483 1147 eius,
522 1093 557 1133 si
594 1095 642 1133 tu
680 1093 966 1133 concessisses.
1035 1093 1125 1141 Quo
1162 1094 1298 1147 magis
1336 1093 1500 1147 laboro,
1533 1097 1581 1135 ut
1599 1112 1632 1136 15
1664 1094 1665 1102 ³

240 1154 313 1191 tua
351 1152 570 1191 voluntate
610 1151 652 1191 id
689 1166 763 1204 per
803 1166 868 1192 me
905 1152 1040 1192 facere
1079 1166 1190 1192 nunc
1229 1152 1353 1193 liceat.
1422 1151 1579 1200 Quodsi

240 1210 452 1249 duriorem
483 1212 525 1249 te
558 1209 647 1250 eius
680 1210 856 1250 miserae
889 1213 930 1250 et
948 1210 1142 1251 adflictae
1165 1211 1359 1250 fortunae
1390 1211 1579 1264 praebeS,

240 1283 325 1308 non
369 1268 619 1308 contendam
664 1281 741 1322 ego
787 1268 985 1308 adversus
1031 1271 1089 1321 te⁷
1135 1283 1388 1322 quamquam
1435 1269 1578 1310 videor

241 1326 389 1367 debere
421 1327 532 1367 tueri
564 1326 912 1367 commentarium
949 1325 1149 1367 Caesaris
1213 1326 1294 1368 Sed
1331 1327 1577 1382 mehercule,

241 1385 275 1425 si
301 1385 542 1425 humaniter
574 1387 615 1425 et
647 1385 858 1438 sapienter
885 1387 926 1425 et
953 1385 1190 1426 amabiliter
1222 1386 1266 1425 in
1292 1400 1357 1426 me
1390 1387 1576 1440 cogitare
1598 1405 1630 1428 20

239 1444 315 1496 vis,
346 1443 512 1483 facilem
544 1443 732 1496 profecto
765 1445 806 1483 te
832 1443 1052 1497 praebebis
1085 1446 1126 1484 et
1152 1443 1267 1484 voles
1299 1443 1342 1484 P.
1371 1443 1578 1500 Clodium,

240 1502 284 1542 in
323 1502 483 1555 optima
521 1516 593 1555 spe
631 1516 810 1555 puerum
847 1502 1098 1556 repositum,
1143 1503 1383 1543 existimare
1419 1517 1506 1544 non
1536 1506 1577 1544 te

240 1561 495 1601 insectatum
521 1575 622 1614 esse,
642 1575 736 1600 cum
756 1560 957 1616 potueris,
977 1560 1132 1601 amicos
1153 1563 1361 1614 paternos.
1417 1561 1576 1615 Patere,

241 1620 432 1673 obsecro,
464 1622 505 1659 te
536 1634 613 1672 pro
645 1633 689 1659 re
726 1619 896 1672 publica
927 1619 1059 1659 videri
1097 1620 1279 1673 gessisse
1317 1619 1576 1661 simultatem

240 1692 334 1718 cum
366 1681 485 1731 patre
518 1678 618 1731 eius,
648 1692 735 1718 non
766 1678 873 1729 quod
901 1678 1201 1731 contempseris
1227 1678 1334 1718 hanc
1359 1678 1575 1720 familiam.
1596 1697 1628 1720 25

239 1736 472 1777 Honestius
505 1736 615 1776 enim
649 1738 691 1776 et
720 1736 924 1776 libentius
961 1736 1208 1790 deponimus
1241 1736 1484 1777 inimicitias
1516 1737 1576 1778 rei

238 1795 431 1848 publicae
480 1795 650 1835 nomine
705 1797 921 1848 susceptas
969 1809 1094 1848 quam
1137 1795 1433 1835 contumaciae.
1506 1795 1575 1836 Me

239 1853 386 1894 deinde
426 1854 515 1894 sine
564 1853 616 1894 ad
660 1852 769 1893 hanc
818 1853 1059 1906 opinionem
1103 1853 1186 1893 iam
1234 1867 1345 1894 nunc
1396 1853 1575 1908 dirigere

238 1927 416 1966 puerum
461 1914 502 1952 et
544 1914 689 1952 tenero
734 1911 874 1952 animo
919 1912 1008 1952 eius
1058 1912 1309 1965 persuadere
1351 1926 1439 1953 non
1485 1926 1575 1953 esse

239 1970 461 2011 tradendas
486 1971 668 2024 posteris
695 1970 949 2010 inimicitias.
1012 1969 1275 2024 Quamquam
1301 1972 1419 2010 tuam
1443 1970 1574 2011 fortu-
1593 1988 1627 2012 30

237 2043 354 2084 nam,
391 2027 555 2082 Cicero,
594 2029 646 2069 ab
680 2028 794 2069 omni
831 2027 1017 2082 periculo
1057 2028 1203 2069 abesse
1234 2031 1395 2069 certum
1427 2028 1574 2083 habeo,

238 2090 380 2127 tamen
412 2087 597 2127 arbitror
628 2086 752 2127 malle
784 2089 826 2127 te
858 2087 1045 2140 quietam
1082 2089 1341 2127 senectutem
1373 2089 1414 2127 et
1444 2087 1574 2128 hono—

239 2146 399 2186 rificam
435 2146 578 2199 potius
611 2159 733 2199 agere
772 2160 898 2198 quam
936 2145 1168 2185 sollicitam.
1229 2144 1447 2186 Postremo
1479 2160 1573 2186 meo

240 2204 329 2244 iure
373 2206 415 2244 te
452 2203 532 2245 hoc
575 2204 825 2244 beneficium
864 2217 980 2258 roge.
1047 2202 1169 2244 Nihil
1219 2204 1329 2244 enim
1372 2218 1458 2244 non
1500 2207 1574 2244 tua

240 2276 364 2302 causa
389 2262 479 2302 feci.
531 2261 689 2310 Quodsi
713 2277 799 2302 non
824 2262 1016 2316 impetro⁷
1035 2276 1110 2315 per
1135 2276 1201 2302 me
1224 2261 1370 2303 Clodio
1397 2262 1571 2303 daturus
1592 2277 1624 2304 35
