1665 2553
329 57 668 92 EPISTULARUM
694 59 758 92 AD
785 58 1000 94 ATTICUM
1026 59 1092 92 XII
1120 63 1267 94 14—17.
1385 60 1469 101 363

741 212 854 254 XVI.

387 293 461 328 Ser.
482 294 640 328 Asturae
673 294 731 328 VI
749 294 806 327 Id.
829 294 944 328 Mart.
966 306 998 328 α.
1022 296 1093 328 709
1120 296 1209 338 (45).

531 375 722 410 CICERO
747 375 938 410 ATTICO
964 375 1072 410 SAL.

217 447 274 488 Te
313 447 399 488 tuis
437 447 623 502 negotiis
662 448 820 488 relictis
859 448 958 489 nolo
997 448 1047 488 ad
1088 462 1155 488 me
1186 447 1349 502 venire,
1393 462 1470 502 ego

92 522 106 547 5
127 506 271 560 potius
304 506 508 561 accedam,
541 507 577 547 si
609 506 770 547 diutius
803 507 1042 560 impediere.
1105 506 1204 547 Etsi
1235 520 1288 547 ne
1321 506 1471 547 disces-

129 565 278 606 sissem
317 565 487 619 quidem
526 579 547 606 e
585 568 813 619 conspectu
845 569 940 619 tuo,
983 565 1066 606 11161
1107 580 1173 606 1116
1205 564 1330 619 plane
1361 565 1471 606 1111111

127 623 214 664 ulla
251 638 317 664 res
351 624 579 664 adiuvaret.
645 623 805 673 Quodsi
838 627 949 665 esset
976 624 1148 678 aliquod
1178 624 1387 677 levamen,
1428 624 1472 663 id

129 685 238 723 esset
279 683 323 723 in
360 685 401 723 te
440 697 543 737 uno,
589 685 646 736 et,
692 697 786 723 cum
827 683 1012 736 primum
1051 683 1103 723 ab
1137 682 1279 736 aliquo
1312 682 1472 736 poterit

129 755 237 796 esse,
274 756 298 782 a
334 744 377 782 te
410 741 499 782 erit.
562 740 687 781 Nunc
719 744 863 782 tamen
893 742 1034 795 ipsum
1067 741 1156 782 sine
1189 743 1231 782 te
1263 755 1354 782 esse
1385 755 1472 781 non

75 817 108 840 ιο
128 814 313 854 possum.
383 798 464 840 Sed
507 814 583 840 nec
626 802 724 840 tuae
768 800 882 840 domi
920 800 1200 854 probabatur,
1242 814 1319 840 nec
1355 814 1472 840 meae

128 862 321 913 poteram
358 873 451 914 1166,
490 859 526 899 61
564 859 739 912 propius
772 873 908 900 essem
935 859 1119 912 uspiam,
1157 861 1297 899 tecum
1328 860 1472 898 tamen

130 931 275 959 essem.
338 916 454 958 Idem
493 917 605 958 enim
642 920 685 957 te
726 917 967 972 impediret,
1006 932 1089 972 quo
1127 918 1268 958 minus
1306 931 1473 957 mecum

130 990 256 1030 esses,
300 976 413 1030 quod
455 990 569 1017 1111116
612 976 741 1016 etiam
783 976 971 1029 impedit.
1039 976 1147 1017 Mihi
1190 975 1299 1016 nihil
1337 975 1473 1016 adhuc
1504 999 1511 1002 -

132 1035 272 1088 aptius
306 1035 388 1075 fuit
419 1034 498 1075 hac
531 1034 777 1089 solitudine3
823 1050 950 1089 quam
981 1049 1128 1076 vereor
1159 1049 1212 1075 ne
1244 1034 1470 1088 Philippus

77 1110 110 1135 15
130 1093 265 1134 tollat.
333 1092 439 1133 Heri
484 1093 597 1134 enim
640 1093 805 1147 vesperi
848 1096 1031 1135 venerat.
1099 1093 1168 1134 Me
1211 1093 1385 1147 scriptio
1431 1094 1474 1132 et

129 1151 298 1193 litterae
329 1166 416 1193 non
446 1151 624 1207 leniunt,
656 1152 729 1193 sed
761 1151 1006 1194 obturbant.

735 1267 871 1310 XVII.

393 1348 466 1384 Ser.
488 1349 647 1383 Asturae
672 1349 736 1383 IV
757 1349 814 1383 Id.
836 1348 953 1384 Illart.
975 1361 1007 1383 α.
1032 1352 1101 1383 709
1128 1351 1217 1392 (45).

535 1430 726 1465 CICERO
751 1431 944 1466 ATTICO
970 1431 1077 1466 SAL.

80 1521 114 1545 20
222 1502 462 1544 Marcianus
496 1502 547 1543 ad
578 1517 645 1543 me
679 1503 848 1556 scripsit
880 1517 947 1543 me
974 1505 1219 1544 excusatum
1245 1518 1336 1545 esse
1364 1504 1474 1557 apud

134 1561 393 1616 Appuleium
432 1576 455 1601 a
491 1559 737 1614 Laterense,
779 1560 969 1615 Nasone,
1006 1560 1206 1616 Laenate,
1244 1561 1476 1617 Torquato,

136 1619 356 1662 Strabone.
424 1617 482 1660 Iis
525 1619 654 1660 velim
698 1633 792 1660 meo
829 1620 1000 1661 nomine
1039 1620 1269 1660 reddendas
1307 1620 1473 1662 litteras

136 1693 254 1720 611166
293 1680 463 1732 gratum
499 1677 606 1718 mihi
644 1692 714 1718 eos
752 1678 911 1719 fecisse.
975 1677 1095 1726 Quod
1132 1693 1208 1731 pro
1248 1677 1474 1720 Cornificio

135 1752 202 1778 me
240 1737 393 1778 abhinc.
431 1736 612 1790 amplius
655 1736 775 1776 annis
812 1748 908 1776 XXV
941 1736 1219 1790 spopondisse
1251 1736 1352 1777 dicit
1382 1736 1475 1778 Fla-

84 1812 117 1838 25
136 1797 248 1850 vius,
293 1795 373 1836 etsi
416 1809 512 1835 reus
549 1795 738 1848 locuples
777 1797 841 1836 est
880 1797 921 1835 et
958 1794 1195 1848 Appuleius
1232 1795 1475 1849 praediator

136 1854 346 1910 liberalis,
387 1856 532 1894 tamen
567 1853 694 1894 velim
732 1853 803 1894 des
844 1867 1032 1907 operam,
1068 1856 1117 1894 ut
1155 1853 1387 1908 investiges
1425 1868 1476 1895 ex

139 1927 474 1966 consponsorum
506 1911 677 1967 tabulis,
709 1912 818 1952 sitne
850 1912 912 1952 ita
945 1910 1070 1967 (mihi
1102 1912 1214 1952 enim
1245 1914 1342 1952 ante
1369 1912 1476 1953 aedi-

137 1971 304 2012 litatem
335 1985 473 2011 meam
499 1970 607 2010 nihil
634 1973 724 2011 erat
750 1985 844 2011 611111
871 1969 1109 2011 Cornificio.
1159 1969 1307 2011 Potest
1334 1973 1477 2011 tamen

139 2030 248 2083 fieri,
281 2029 352 2070 sed
379 2029 482 2070 66116
509 2032 670 2070 certum
696 2028 856 2084 velim),
889 2031 930 2069 et
957 2029 1141 2082 appelles
1167 2032 1478 2085 procuratores,

87 2106 120 2130 30
140 2088 177 2129 si
201 2087 283 2128 tibi
308 2087 484 2128 videtur.
529 2086 793 2141 Quamquam
815 2087 916 2140 quid
942 2087 993 2127 ad
1017 2087 1112 2127 me?
1138 2087 1297 2127 Verum
1323 2090 1475 2129 tamen.

139 2146 300 2187 Pansae
330 2146 635 2199 profectionem
668 2146 845 2199 scribes,
877 2159 971 2185 cum
999 2146 1113 2186 scies.
1175 2145 1366 2186 Atticam
1399 2146 1478 2187 sal-

139 2219 236 2245 vere
279 2203 377 2244 iube
421 2206 461 2244 et
500 2218 591 2244 eam
635 2218 751 2258 cura,
802 2204 993 2258 obsecro,
1044 2203 1278 2258 diligenter.
1345 2204 1478 2246 Piliae

143 2263 332 2304 salutem.
