1665 2553
129 70 132 71 ’
185 73 240 114 66
437 46 441 47 ⁷
609 72 659 109 M.
688 71 828 107 TULLI
854 71 1100 107 CICERONIS

186 168 432 210 obscurabo.
482 166 608 208 Nunc
640 167 808 221 quidem
838 182 949 208 novo
980 167 1162 222 quodam
1191 167 1340 208 morbo
1373 166 1521 209 civitas

184 227 378 282 moritur,
408 229 470 282 ut,
501 241 595 267 cum
623 240 765 267 omnes
794 240 853 281 ea,
882 240 988 279 quae
1014 229 1114 267 sunt
1139 228 1244 281 acta,
1267 225 1523 282 improbent,

185 288 428 340 querantur,
460 285 650 340 doleant,
680 285 861 326 varietas
892 284 1010 325 nulla
1039 284 1085 325 in
1114 298 1159 325 re
1191 284 1264 339 sit,
1296 286 1522 338 aperteque

183 343 416 397 loquantur
449 347 490 384 et
520 343 605 383 iam
637 342 745 383 clare
777 345 967 398 gemant,
996 345 1139 383 tamen
1168 343 1374 383 medicina
1402 342 1521 383 nulla

185 402 409 443 adferatur.
471 400 620 455 Neque
653 402 764 441 enim
795 401 936 442 resisti
954 401 1057 447 sine
1087 401 1372 442 internecione
1396 415 1521 455 posse
1557 418 1574 444 5

185 461 443 502 arbitramur
472 474 549 501 nec
578 459 780 514 videmus,
814 460 887 513 qui
918 459 1015 500 finis
1047 459 1217 500 cedendi
1240 462 1408 513 praeter
1438 459 1522 500 exi-

184 519 293 559 tium
333 519 502 559 futurus
545 518 611 559 sit.
681 517 860 558 Bibulus
901 517 1121 558 hominum
1160 518 1436 559 admiratione
1479 520 1522 558 et

184 577 478 618 benevolentia
509 577 554 617 in
585 576 698 617 caelo
727 579 807 631 381·
849 576 983 617 edicta
1013 577 1102 617 eius
1134 578 1176 616 et
1206 576 1423 618 contiones
1455 575 1522 616 de-

186 636 378 676 scribunt
410 639 451 676 et
482 627 640 690 legunt.
691 634 814 676 Novo
848 635 1030 688 quodam
1055 648 1206 689 genere
1236 634 1283 675 in
1313 649 1521 675 summam

185 694 366 748 gloriam
408 694 534 734 venit
602 692 810 747 Populare
852 707 964 734 nunc
1004 692 1115 733 nihil
1156 695 1245 733 tam
1287 695 1351 734 est
1394 707 1520 746 quam
1539 711 1574 735 ιο

138 783 145 792 .
187 752 330 793 odium
368 752 647 805 popularium.
715 751 829 792 Haec
870 765 952 805 quo
996 752 1082 792 sint
1122 753 1334 807 eruptura,
1373 751 1520 806 timeo3

187 811 270 865 sed,
302 811 339 851 si
371 810 572 864 dispicere
606 809 707 864 quid
738 824 926 865 coepero,
958 810 1139 850 scribam
1166 810 1216 850 ad
1246 812 1289 850 te
1321 809 1520 863 apertius,

185 869 267 924 Tu,
299 869 335 910 si
365 883 431 909 me
464 883 578 909 amas
610 872 796 924 tantum,
827 871 1032 922 quantum
1063 868 1253 922 profecto
1285 882 1418 922 amas,
1455 882 1522 908 ex-

185 928 352 981 peditus
384 927 513 968 facito
546 930 594 967 ut
622 927 693 982 sis,
724 927 760 968 si
784 927 1025 981 inclamaro,
1055 930 1104 967 ut
1130 940 1339 981 accurras3
1371 926 1443 967 sed
1467 926 1520 967 do

186 1001 354 1040 operam
388 989 430 1026 et
462 986 583 1040 dabo,
613 1000 666 1026 ne
696 986 751 1026 sit
775 999 953 1026 necesse.
1005 984 1125 1034 Quod
1151 985 1400 1038 scripseram
1424 984 1454 1038 †
1479 987 1521 1025 et
1539 1002 1574 1027 15

184 1043 314 1085 Furio
335 1044 605 1099 scripturum,
628 1044 738 1084 nihil
755 1058 924 1084 necesse
944 1046 1008 1084 est
1027 1047 1148 1084 tuum
1167 1057 1322 1084 nomen
1339 1045 1521 1097 mutare3

184 1117 250 1143 me
275 1102 426 1143 faciam
451 1101 643 1142 Laelium
663 1105 704 1142 et
730 1105 772 1142 te
790 1102 983 1142 Atticum
1002 1115 1138 1155 neque
1157 1104 1255 1142 utar
1274 1115 1366 1141 meo
1387 1101 1521 1141 chiro-

185 1161 347 1225 grapho
378 1174 514 1213 neque
548 1160 681 1214 signo,
715 1160 751 1200 si
781 1160 905 1200 modo
938 1162 1061 1200 erunt
1086 1159 1175 1200 eius
1204 1159 1318 1200 modi
1341 1159 1522 1214 litterae

187 1233 290 1272 quas
323 1219 369 1258 in
400 1194 611 1258 alienumo
614 1218 794 1258 incidere
824 1218 968 1258 nolim.
1030 1224 1033 1228 '

271 1275 482 1317 Diodotus
514 1279 708 1317 mortuus
740 1278 821 1330 est·
858 1276 1032 1330 reliquit
1067 1275 1193 1316 nobis
1229 1274 1302 1316 HS
1339 1275 1521 1316 fortasse
1540 1294 1574 1318 20

183 1350 213 1387 T
238 1335 435 1375 centiens,
499 1332 682 1375 Comitia
722 1334 901 1375 Bibulus
946 1349 1040 1375 cum
1071 1333 1342 1374 Archilochio
1384 1334 1519 1374 edicto

184 1393 230 1433 in
256 1396 352 1434 ante
378 1393 489 1433 diem
514 1404 577 1433 XV
596 1392 688 1433 Kal.
709 1392 936 1434 Novembr.
957 1392 1134 1433 distulit.
1171 1392 1211 1432 A
1230 1391 1360 1433 Vibio
1386 1392 1519 1433 libros

185 1452 333 1505 accepi.
382 1451 514 1492 Poeta
539 1451 708 1505 ineptus
742 1454 782 1492 et
813 1454 956 1492 tamen
987 1451 1066 1492 scit
1096 1450 1218 1506 nihil,
1249 1450 1322 1492 sed
1346 1453 1410 1491 est
1433 1464 1522 1492 non

183 1510 359 1551 inutilis.
420 1508 625 1551 Describo
659 1512 701 1550 et
731 1510 915 1551 remitto.

799 1661 910 1703 XXI.
1538 1677 1573 1703 25

184 1752 257 1788 Ser.
280 1753 416 1788 Romae
435 1758 518 1798 post
543 1754 648 1788 VIII
668 1754 715 1787 K.
737 1753 845 1796 Sext„
871 1757 954 1788 ante
979 1753 1060 1787 XV
1081 1753 1129 1787 K.
1151 1753 1243 1787 Nov.
1269 1763 1301 1786 a.
1330 1753 1402 1786 695
1429 1753 1518 1794 (59).

606 1834 773 1869 CICERO
799 1832 973 1869 ATTICO
1001 1833 1098 1868 SAL.

272 1916 335 1959 De
364 1932 409 1959 re
434 1918 604 1972 publica
629 1918 731 1971 quid
756 1931 834 1972 ego
859 1918 941 1958 tibi
967 1916 1210 1958 subtiliter?
1259 1915 1367 1957 Tota
1391 1915 1520 1969 periit

184 1978 309 2029 atque
328 1976 410 2017 hoc
430 1979 494 2017 est
519 1976 727 2031 miserior,
754 1990 880 2029 quam
905 1975 1129 2030 reliquisti,
1161 1974 1274 2029 quod
1298 1976 1389 2015 tum
1408 1974 1518 2015 vide-

182 2033 308 2074 batur
340 2035 429 2075 eius
461 2034 577 2076 modi
609 2034 842 2075 dominatio
869 2034 1084 2074 civitatem
1111 2032 1382 2086 oppressisse,
1414 2047 1519 2087 quae
1539 2050 1574 2074 30

183 2091 363 2133 iucunda
395 2095 506 2134 esset
536 2092 815 2146 multitudini,
846 2092 969 2132 bonis
996 2094 1135 2132 autem
1160 2091 1221 2131 ita
1250 2091 1442 2146 molesta,
1471 2093 1520 2131 ut

184 2152 326 2190 tamen
364 2151 451 2191 sine
489 2150 691 2206 pernicie,
730 2164 843 2191 nunc
878 2151 1049 2203 repente
1092 2151 1212 2191 tanto
1252 2149 1298 2190 in
1329 2149 1423 2190 odio
1456 2152 1520 2190 est

185 2208 399 2263 omnibus,
430 2211 496 2263 ut,
535 2223 715 2262 quorsus
753 2210 954 2262 eruptura
985 2207 1059 2262 811,
1088 2206 1346 2248 horreamus
1406 2205 1519 2248 Nam

183 2264 446 2307 iracundiam
461 2244 586 2321 atque
606 2266 975 2320 intemperantiam
995 2265 1167 2307 illorum
1188 2280 1331 2307 sumus
1345 2265 1519 2319 experti,
