1665 2553
193 116 281 157 294
618 116 666 150 M.
693 116 834 150 TULLI
861 115 1108 151 CICERONIS

190 212 324 253 malos
356 210 637 253 πολιτευτέον
668 212 750 252 fuit
783 213 856 252 aut
888 211 955 252 vel
991 211 1226 265 periculose
1263 226 1358 253 cum
1394 211 1529 253 bonis.

190 270 279 311 Aut
313 274 472 324 oportet
501 270 786 311 temeritatem
824 270 1034 311 bonorum
1060 285 1284 324 sequamur
1311 272 1383 311 aut
1409 269 1531 311 auda-

191 329 297 370 ciam
330 329 621 383 improborum
652 329 916 369 insectemur.
978 327 1218 382 Utrumque
1246 328 1530 382 periculosum

190 390 266 442 est,
300 390 343 429 at
373 387 466 443 hoc,
498 387 610 441 quod
643 387 820 442 agimus,
851 389 976 441 turpe
1006 401 1084 428 nec
1115 390 1259 428 tamen
1290 390 1443 429 tutum.

277 445 430 500 Istum,
473 446 545 500 qui
586 446 721 486 filium
757 445 1031 497 Brundisium
1075 445 1124 486 de
1164 460 1264 499 pace
1301 446 1418 486 misit
1451 444 1529 501 (de
1567 462 1583 488 5
1628 486 1629 490 ,

189 519 290 559 pace
322 505 432 546 idem
464 504 600 545 sentio
634 504 747 558 quod
778 507 837 558 tu,
870 504 1184 545 simulationem
1212 519 1302 545 esse
1329 507 1528 559 apertam,

189 564 330 617 parari
363 566 504 604 autem
536 563 735 604 acerrime
776 561 985 618 bellum),
1024 577 1090 604 me
1128 563 1317 617 legatum
1353 563 1407 604 iri
1443 577 1530 604 non

190 622 392 676 arbitror,
434 622 551 663 cuius
579 621 744 676 adhuc,
785 624 833 662 ut
866 621 1027 676 optavi,
1066 622 1225 663 mentio
1264 622 1375 662 facta
1411 621 1530 662 nulla

191 681 257 721 sit.
308 680 372 722 Eo
406 681 545 721 minus
576 680 712 721 habeo
745 694 913 721 necesse
946 680 1127 721 scribere
1160 683 1232 721 aut
1265 680 1393 721 etiam
1418 680 1528 735 cogi-

189 742 291 794 tare,
324 739 424 793 quid
456 739 535 780 sim
568 739 770 792 facturus,
804 739 839 780 si
871 739 1077 793 acciderit,
1110 741 1157 780 ut
1188 739 1361 794 legarer.
1551 756 1584 781 10

834 855 887 896 Il.

274 925 348 960 Ser.
375 927 416 960 m
440 925 589 960 Arcano
619 924 746 969 Quinti
771 925 817 967 fr.
834 929 944 968 postr.
968 924 1063 959 Non.
1091 924 1181 968 Apr.
1209 936 1241 959 α.
1271 926 1342 959 705
1370 926 1460 968 (49).

619 994 808 1029 CICERO
830 995 864 1029 A
871 994 1022 1029 TTIOO
1046 994 1155 1029 SAL.

276 1055 369 1109 Ego
403 1070 497 1096 cum
525 1055 776 1108 accepissem
808 1058 904 1095 tuas
936 1055 1102 1095 litteras
1129 1053 1266 1095 Nonis
1294 1054 1530 1109 Aprilibus,

191 1128 294 1167 quas
328 1112 529 1167 Cephalio
563 1114 778 1168 attulerat,
810 1127 1027 1167 essemque
1059 1113 1297 1154 Menturnis
1324 1113 1529 1167 postridie
1551 1130 1583 1156 15
1635 1128 1637 1139 ¹

189 1186 431 1226 mansurus,
472 1174 520 1212 ut
561 1171 657 1212 inde
695 1172 909 1225 protinus,
951 1171 1135 1212 sustinui
1176 1186 1242 1212 me
1282 1172 1327 1212 in
1361 1171 1529 1212 Arcano

189 1230 352 1285 fratris,
389 1233 453 1285 ut,
493 1230 593 1270 dum
625 1230 785 1283 aliquid
822 1230 976 1270 certius
1012 1230 1265 1284 adferretur,
1303 1230 1532 1270 occultiore

189 1289 234 1329 in
264 1289 356 1329 loco
390 1303 588 1341 essemuS,
621 1291 929 1343 agerenturque
955 1287 1090 1328 nihilo
1117 1288 1269 1342 minus,
1303 1302 1408 1341 quae
1442 1288 1532 1328 sine

188 1347 316 1388 nobis
349 1347 418 1401 agi
450 1350 639 1401 possunt.

281 1408 540 1458 Λαλαγεῦσα
571 1405 655 1445 iam
688 1405 824 1458 adest,
863 1407 904 1445 et
936 1405 1100 1445 animus
1134 1405 1268 1459 ardet,
1299 1419 1435 1458 neque
1467 1407 1531 1446 est
1553 1423 1586 1447 20

192 1464 429 1518 quicquam,
462 1478 545 1518 quo
580 1466 619 1504 et
653 1478 745 1517 qua.
809 1462 890 1504 Sed
921 1463 1024 1504 haec
1060 1466 1208 1503 nostra
1242 1463 1320 1503 erit
1359 1477 1458 1504 cura
1490 1466 1532 1505 et

190 1523 435 1576 peritorum.
497 1522 561 1563 Tu
593 1525 746 1576 tamen,
780 1522 892 1575 quod
924 1522 1097 1576 poteris,
1136 1525 1182 1562 ut
1215 1522 1350 1562 adhuc
1380 1521 1533 1577 fecisti,

190 1595 268 1622 nos
310 1581 498 1622 consiliis
539 1581 716 1622 iuvabis.
779 1579 864 1621 Res
906 1583 1005 1621 sunt
1042 1580 1370 1634 inexplicabiles.
1432 1579 1533 1621 For-

191 1642 318 1680 tunae
360 1642 459 1680 sunt
500 1639 800 1680 committenda
849 1639 999 1680 omnia.
1070 1638 1167 1680 Sine
1210 1653 1282 1692 spe
1331 1652 1533 1679 conamur

191 1698 287 1739 ulla.
344 1697 497 1738 Melius
529 1698 564 1738 si
598 1698 699 1752 quid
725 1698 934 1752 acciderit,
966 1698 1224 1738 mirabimur.
1275 1696 1531 1750 Dionysium
1553 1713 1585 1739 25

190 1757 348 1797 nollem
380 1757 432 1797 ad
463 1771 529 1797 me
560 1757 815 1811 profectum3
861 1756 909 1796 de
952 1771 1035 1810 quo
1075 1756 1126 1796 ad
1166 1770 1231 1796 me
1263 1755 1403 1796 Tullia
1439 1770 1531 1796 mea

193 1816 373 1869 scripsit.
437 1813 517 1856 Sed
549 1818 590 1855 et
622 1818 789 1868 tempus
829 1814 1012 1855 alienum
1049 1817 1131 1868 est,
1175 1816 1216 1855 et
1252 1813 1415 1855 homini
1446 1827 1533 1854 non

193 1874 324 1915 amico
355 1876 503 1914 nostra
534 1873 813 1928 incommoda,
844 1876 964 1914 tanta
995 1872 1261 1928 praesertim,
1293 1872 1531 1925 spectaculo

193 1947 283 1973 esse
319 1932 493 1987 nollem3
525 1932 593 1973 cui
631 1935 672 1972 te
710 1946 803 1972 meo
841 1931 1011 1972 nomine
1042 1931 1260 1972 inimicum
1294 1944 1384 1972 esse
1420 1930 1531 1972 nolo.

828 2058 903 2101 ΠΙ.
1554 2076 1587 2101 30

414 2128 487 2164 Ser.
516 2129 556 2163 in
582 2128 729 2163 Arcano
760 2128 843 2162 VII
861 2128 918 2162 Id.
945 2128 1036 2172 Apr.
1063 2139 1095 2162 α.
1125 2130 1196 2162 705
1223 2129 1312 2172 (49).

620 2197 788 2233 CICERO
815 2197 987 2232 ATTICO
1016 2197 1112 2232 SAL.

285 2256 409 2312 Cum,
451 2258 564 2311 quod
596 2258 838 2313 scriberem,
878 2258 1002 2312 plane
1032 2257 1141 2298 nihil
1177 2258 1393 2311 haberem,
1433 2257 1534 2298 haec

197 2318 339 2355 autem
370 2316 533 2370 reliqua
565 2320 718 2372 essent,
751 2330 857 2370 quae
889 2316 993 2357 scire
1026 2331 1236 2372 cuperem,
1267 2316 1536 2370 profectusne
