<?xml version="1.0" encoding="UTF-8"?>
<!DOCTYPE html PUBLIC "-//W3C//DTD XHTML 1.0 Transitional//EN"
    "http://www.w3.org/TR/xhtml1/DTD/xhtml1-transitional.dtd">
<html xmlns="http://www.w3.org/1999/xhtml" xml:lang="en" lang="en">
 <head>
  <title>
</title>
<meta http-equiv="Content-Type" content="text/html;charset=utf-8" />
  <meta name='ocr-system' content='tesseract 3.04.00' />
  <meta name='ocr-capabilities' content='ocr_page ocr_carea ocr_par ocr_line ocrx_word'/>
</head>
<body>
  <div class='ocr_page' id='page_1' title='image "./p2scriptaquaemanse03ciceuoft_0548.png"; bbox 0 0 1665 2553; ppageno 0'>
   <div class='ocr_carea' id='block_1_1' title="bbox 221 86 1133 129">
    <p class='ocr_par' dir='ltr' id='par_1_1' title="bbox 221 86 1133 129">
     <span class='ocr_line' id='line_1_1' title="bbox 221 86 1133 129; baseline -0.01 0"><span class='ocrx_word' id='word_1_1' title='bbox 221 89 304 129; x_wconf 81' lang='lat'>358</span> <span class='ocrx_word' id='word_1_2' title='bbox 646 89 694 122; x_wconf 88' lang='lat' dir='ltr'>M.</span> <span class='ocrx_word' id='word_1_3' title='bbox 717 87 857 122; x_wconf 89' lang='lat' dir='ltr'><strong><em>TULLI</em></strong></span> <span class='ocrx_word' id='word_1_4' title='bbox 883 86 1133 122; x_wconf 87' lang='lat' dir='ltr'>CICERONIS</span> 
     </span>
    </p>
   </div>
   <div class='ocr_carea' id='block_1_2' title="bbox 219 181 1559 413">
    <p class='ocr_par' dir='ltr' id='par_1_2' title="bbox 219 181 1559 413">
     <span class='ocr_line' id='line_1_2' title="bbox 219 181 1559 236; baseline -0.002 -11"><span class='ocrx_word' id='word_1_5' title='bbox 219 181 342 232; x_wconf 74' lang='grc' dir='ltr'>πιυὲς</span> <span class='ocrx_word' id='word_1_6' title='bbox 375 187 415 225; x_wconf 91' lang='lat' dir='ltr'>et</span> <span class='ocrx_word' id='word_1_7' title='bbox 446 184 666 224; x_wconf 87' lang='lat' dir='ltr'>urbanum.</span> <span class='ocrx_word' id='word_1_8' title='bbox 717 182 784 223; x_wconf 90' lang='lat' dir='ltr'>Ita</span> <span class='ocrx_word' id='word_1_9' title='bbox 815 197 942 236; x_wconf 90' lang='lat' dir='ltr'>porro</span> <span class='ocrx_word' id='word_1_10' title='bbox 975 184 1018 223; x_wconf 90' lang='lat' dir='ltr'>te</span> <span class='ocrx_word' id='word_1_11' title='bbox 1051 183 1140 223; x_wconf 88' lang='lat' dir='ltr'>sine</span> <span class='ocrx_word' id='word_1_12' title='bbox 1171 196 1271 223; x_wconf 87' lang='lat' dir='ltr'>cura</span> <span class='ocrx_word' id='word_1_13' title='bbox 1303 196 1394 223; x_wconf 88' lang='lat' dir='ltr'>esse</span> <span class='ocrx_word' id='word_1_14' title='bbox 1419 181 1559 236; x_wconf 86' lang='lat' dir='ltr'>iussit,</span> 
     </span>
     <span class='ocr_line' id='line_1_3' title="bbox 220 239 1559 296; baseline -0.001 -14"><span class='ocrx_word' id='word_1_15' title='bbox 220 245 267 282; x_wconf 87' lang='lat' dir='ltr'>ut</span> <span class='ocrx_word' id='word_1_16' title='bbox 306 242 411 283; x_wconf 90' lang='lat' dir='ltr'>mihi</span> <span class='ocrx_word' id='word_1_17' title='bbox 450 243 618 296; x_wconf 88' lang='lat' dir='ltr'>quidem</span> <span class='ocrx_word' id='word_1_18' title='bbox 655 241 966 282; x_wconf 87' lang='lat' dir='ltr'>dubitationem</span> <span class='ocrx_word' id='word_1_19' title='bbox 1007 255 1174 282; x_wconf 89' lang='lat' dir='ltr'>omnem</span> <span class='ocrx_word' id='word_1_20' title='bbox 1205 240 1384 282; x_wconf 86' lang='lat' dir='ltr'>tolleret.</span> <span class='ocrx_word' id='word_1_21' title='bbox 1446 239 1559 280; x_wconf 88' lang='lat' dir='ltr'>Atti-</span> 
     </span>
     <span class='ocr_line' id='line_1_4' title="bbox 221 299 1559 354; baseline -0.002 -12"><span class='ocrx_word' id='word_1_22' title='bbox 221 315 311 342; x_wconf 88' lang='lat' dir='ltr'>cam</span> <span class='ocrx_word' id='word_1_23' title='bbox 348 301 469 342; x_wconf 90' lang='lat' dir='ltr'>doleo</span> <span class='ocrx_word' id='word_1_24' title='bbox 508 305 592 342; x_wconf 74' lang='lat' dir='ltr'>tam</span> <span class='ocrx_word' id='word_1_25' title='bbox 631 300 719 354; x_wconf 67' lang='lat' dir='ltr'>diu,</span> <span class='ocrx_word' id='word_1_26' title='bbox 764 300 856 354; x_wconf 88' lang='lat' dir='ltr'>sed,</span> <span class='ocrx_word' id='word_1_27' title='bbox 897 300 1098 353; x_wconf 88' lang='lat' dir='ltr'>quoniam</span> <span class='ocrx_word' id='word_1_28' title='bbox 1134 300 1220 340; x_wconf 89' lang='lat' dir='ltr'>iam</span> <span class='ocrx_word' id='word_1_29' title='bbox 1258 299 1346 340; x_wconf 88' lang='lat' dir='ltr'>sine</span> <span class='ocrx_word' id='word_1_30' title='bbox 1382 299 1559 339; x_wconf 88' lang='lat' dir='ltr'>horrore</span> 
     </span>
     <span class='ocr_line' id='line_1_5' title="bbox 222 359 911 413; baseline -0.003 -13"><span class='ocrx_word' id='word_1_31' title='bbox 222 362 298 413; x_wconf 91' lang='lat' dir='ltr'>est,</span> <span class='ocrx_word' id='word_1_32' title='bbox 331 374 453 413; x_wconf 87' lang='lat' dir='ltr'>spero</span> <span class='ocrx_word' id='word_1_33' title='bbox 487 374 589 413; x_wconf 73' lang='lat' dir='ltr'>esse,</span> <span class='ocrx_word' id='word_1_34' title='bbox 621 362 669 399; x_wconf 89' lang='lat' dir='ltr'>ut</span> <span class='ocrx_word' id='word_1_35' title='bbox 700 359 911 399; x_wconf 74' lang='lat' dir='ltr'>volumus.</span> 
     </span>
    </p>
   </div>
   <div class='ocr_carea' id='block_1_3' title="bbox 411 474 1614 599">
    <p class='ocr_par' dir='ltr' id='par_1_3' title="bbox 411 474 1614 599">
     <span class='ocr_line' id='line_1_6' title="bbox 848 474 1614 516; baseline 0.001 -1"><span class='ocrx_word' id='word_1_36' title='bbox 848 474 939 516; x_wconf 89' lang='lat' dir='ltr'>VII.</span> <span class='ocrx_word' id='word_1_37' title='bbox 1597 490 1614 516; x_wconf 90' lang='lat'><strong>5</strong></span> 
     </span>
     <span class='ocr_line' id='line_1_7' title="bbox 411 555 1368 599; baseline -0.002 -9"><span class='ocrx_word' id='word_1_38' title='bbox 411 556 483 591; x_wconf 79' lang='lat' dir='ltr'>Ser.</span> <span class='ocrx_word' id='word_1_39' title='bbox 507 557 542 590; x_wconf 81' lang='lat' dir='ltr'>z&#39;n</span> <span class='ocrx_word' id='word_1_40' title='bbox 574 555 780 590; x_wconf 76' lang='lat' dir='ltr'>Tusculano</span> <span class='ocrx_word' id='word_1_41' title='bbox 805 567 848 589; x_wconf 83' lang='lat' dir='ltr'>m.</span> <span class='ocrx_word' id='word_1_42' title='bbox 870 557 991 589; x_wconf 75' lang='lat' dir='ltr'>intere.</span> <span class='ocrx_word' id='word_1_43' title='bbox 1008 559 1100 599; x_wconf 80' lang='lat' dir='ltr'>post.</span> <span class='ocrx_word' id='word_1_44' title='bbox 1122 567 1154 590; x_wconf 82' lang='grc' dir='ltr'>α.</span> <span class='ocrx_word' id='word_1_45' title='bbox 1178 558 1250 590; x_wconf 85' lang='grc'>708</span> <span class='ocrx_word' id='word_1_46' title='bbox 1277 556 1368 597; x_wconf 72' lang='lat'><em>(46).</em></span> 
     </span>
    </p>
   </div>
   <div class='ocr_carea' id='block_1_4' title="bbox 576 631 1166 672">
    <p class='ocr_par' dir='ltr' id='par_1_4' title="bbox 576 631 1166 672">
     <span class='ocr_line' id='line_1_8' title="bbox 576 631 1166 672; baseline 0 -1"><span class='ocrx_word' id='word_1_47' title='bbox 576 631 579 633; x_wconf 59' lang='grc'><strong>’</strong></span> <span class='ocrx_word' id='word_1_48' title='bbox 625 637 816 672; x_wconf 83' lang='lat' dir='ltr'><strong><em>CICERO</em></strong></span> <span class='ocrx_word' id='word_1_49' title='bbox 841 636 1033 671; x_wconf 84' lang='lat' dir='ltr'><strong><em>ATTICO</em></strong></span> <span class='ocrx_word' id='word_1_50' title='bbox 1058 636 1166 671; x_wconf 73' lang='lat' dir='ltr'><strong><em>SAL.</em></strong></span> 
     </span>
    </p>
   </div>
   <div class='ocr_carea' id='block_1_5' title="bbox 223 708 1617 1937">
    <p class='ocr_par' dir='ltr' id='par_1_5' title="bbox 223 708 1617 1759">
     <span class='ocr_line' id='line_1_9' title="bbox 312 708 1563 763; baseline -0.002 -13"><span class='ocrx_word' id='word_1_51' title='bbox 312 709 427 758; x_wconf 82' lang='lat' dir='ltr'>Quae</span> <span class='ocrx_word' id='word_1_52' title='bbox 464 709 693 763; x_wconf 76' lang='lat' dir='ltr'>desideras,</span> <span class='ocrx_word' id='word_1_53' title='bbox 731 709 872 750; x_wconf 89' lang='lat' dir='ltr'>omnia</span> <span class='ocrx_word' id='word_1_54' title='bbox 911 709 1062 762; x_wconf 81' lang='lat' dir='ltr'>scripsi</span> <span class='ocrx_word' id='word_1_55' title='bbox 1093 709 1139 748; x_wconf 85' lang='lat' dir='ltr'>in</span> <span class='ocrx_word' id='word_1_56' title='bbox 1170 708 1373 749; x_wconf 79' lang='lat' dir='ltr'>codicillis</span> <span class='ocrx_word' id='word_1_57' title='bbox 1406 722 1563 762; x_wconf 87' lang='lat' dir='ltr'>eosque</span> 
     </span>
     <span class='ocr_line' id='line_1_10' title="bbox 224 767 1563 823; baseline -0.002 -13"><span class='ocrx_word' id='word_1_58' title='bbox 224 769 349 810; x_wconf 87' lang='lat' dir='ltr'>Eroti</span> <span class='ocrx_word' id='word_1_59' title='bbox 385 768 495 823; x_wconf 75' lang='lat' dir='ltr'>dedi3</span> <span class='ocrx_word' id='word_1_60' title='bbox 532 768 735 822; x_wconf 80' lang='lat' dir='ltr'>breviter,</span> <span class='ocrx_word' id='word_1_61' title='bbox 779 768 850 808; x_wconf 87' lang='lat' dir='ltr'>sed</span> <span class='ocrx_word' id='word_1_62' title='bbox 891 768 1016 808; x_wconf 88' lang='lat' dir='ltr'>etiam</span> <span class='ocrx_word' id='word_1_63' title='bbox 1049 767 1190 822; x_wconf 87' lang='lat' dir='ltr'>plura,</span> <span class='ocrx_word' id='word_1_64' title='bbox 1227 782 1353 820; x_wconf 89' lang='lat' dir='ltr'>quam</span> <span class='ocrx_word' id='word_1_65' title='bbox 1385 767 1563 820; x_wconf 86' lang='lat' dir='ltr'>quaeris,</span> 
     </span>
     <span class='ocr_line' id='line_1_11' title="bbox 224 825 1616 881; baseline 0 -14"><span class='ocrx_word' id='word_1_66' title='bbox 224 829 269 868; x_wconf 89' lang='lat' dir='ltr'>in</span> <span class='ocrx_word' id='word_1_67' title='bbox 299 827 351 867; x_wconf 90' lang='lat' dir='ltr'>iis</span> <span class='ocrx_word' id='word_1_68' title='bbox 385 827 433 867; x_wconf 92' lang='lat' dir='ltr'>de</span> <span class='ocrx_word' id='word_1_69' title='bbox 466 825 684 881; x_wconf 71' lang='lat' dir='ltr'>Cicerone,</span> <span class='ocrx_word' id='word_1_70' title='bbox 730 827 848 867; x_wconf 87' lang='lat' dir='ltr'>cuius</span> <span class='ocrx_word' id='word_1_71' title='bbox 883 826 1053 880; x_wconf 88' lang='lat' dir='ltr'>quidem</span> <span class='ocrx_word' id='word_1_72' title='bbox 1085 826 1358 880; x_wconf 71' lang='lat' dir='ltr'>cogitationis</span> <span class='ocrx_word' id='word_1_73' title='bbox 1390 825 1562 866; x_wconf 88' lang='lat' dir='ltr'>initium</span> <span class='ocrx_word' id='word_1_74' title='bbox 1582 842 1616 867; x_wconf 89' lang='lat'>10</span> 
     </span>
     <span class='ocr_line' id='line_1_12' title="bbox 223 884 1562 938; baseline -0.002 -11"><span class='ocrx_word' id='word_1_75' title='bbox 223 890 271 927; x_wconf 87' lang='lat' dir='ltr'>tu</span> <span class='ocrx_word' id='word_1_76' title='bbox 302 885 407 926; x_wconf 81' lang='lat' dir='ltr'>mihi</span> <span class='ocrx_word' id='word_1_77' title='bbox 439 885 636 926; x_wconf 86' lang='lat' dir='ltr'>attulisti.</span> <span class='ocrx_word' id='word_1_78' title='bbox 692 884 880 926; x_wconf 88' lang='lat' dir='ltr'>Locutus</span> <span class='ocrx_word' id='word_1_79' title='bbox 913 899 1006 925; x_wconf 89' lang='lat' dir='ltr'>sum</span> <span class='ocrx_word' id='word_1_80' title='bbox 1040 899 1134 925; x_wconf 89' lang='lat' dir='ltr'>cum</span> <span class='ocrx_word' id='word_1_81' title='bbox 1167 898 1214 925; x_wconf 92' lang='lat' dir='ltr'>eo</span> <span class='ocrx_word' id='word_1_82' title='bbox 1246 884 1562 938; x_wconf 73' lang='lat' dir='ltr'>liberalissime,</span> 
     </span>
     <span class='ocr_line' id='line_1_13' title="bbox 226 943 1564 999; baseline -0.001 -14"><span class='ocrx_word' id='word_1_83' title='bbox 226 944 339 999; x_wconf 88' lang='lat' dir='ltr'>quod</span> <span class='ocrx_word' id='word_1_84' title='bbox 380 959 429 985; x_wconf 78' lang='lat' dir='ltr'>ex</span> <span class='ocrx_word' id='word_1_85' title='bbox 474 945 567 999; x_wconf 91' lang='lat' dir='ltr'>ipso</span> <span class='ocrx_word' id='word_1_86' title='bbox 612 944 762 998; x_wconf 86' lang='lat' dir='ltr'>velim,</span> <span class='ocrx_word' id='word_1_87' title='bbox 805 944 840 984; x_wconf 92' lang='lat' dir='ltr'>si</span> <span class='ocrx_word' id='word_1_88' title='bbox 883 943 1009 984; x_wconf 93' lang='lat' dir='ltr'>modo</span> <span class='ocrx_word' id='word_1_89' title='bbox 1047 943 1128 983; x_wconf 92' lang='lat' dir='ltr'>tibi</span> <span class='ocrx_word' id='word_1_90' title='bbox 1166 943 1246 984; x_wconf 88' lang='lat' dir='ltr'>erit</span> <span class='ocrx_word' id='word_1_91' title='bbox 1283 943 1564 998; x_wconf 88' lang='lat' dir='ltr'>commodum,</span> 
     </span>
     <span class='ocr_line' id='line_1_14' title="bbox 226 1001 1564 1056; baseline -0.001 -12"><span class='ocrx_word' id='word_1_92' title='bbox 226 1003 447 1044; x_wconf 87' lang='lat' dir='ltr'>sciscitere.</span> <span class='ocrx_word' id='word_1_93' title='bbox 499 1002 580 1043; x_wconf 91' lang='lat' dir='ltr'>Sed</span> <span class='ocrx_word' id='word_1_94' title='bbox 612 1002 713 1056; x_wconf 88' lang='lat' dir='ltr'>quid</span> <span class='ocrx_word' id='word_1_95' title='bbox 744 1002 921 1043; x_wconf 74' lang='lat' dir='ltr'>differo?</span> <span class='ocrx_word' id='word_1_96' title='bbox 968 1002 1162 1056; x_wconf 82' lang='lat' dir='ltr'>Exposui</span> <span class='ocrx_word' id='word_1_97' title='bbox 1192 1004 1235 1042; x_wconf 92' lang='lat' dir='ltr'>te</span> <span class='ocrx_word' id='word_1_98' title='bbox 1267 1003 1323 1043; x_wconf 81' lang='lat' dir='ltr'>ad</span> <span class='ocrx_word' id='word_1_99' title='bbox 1350 1016 1417 1042; x_wconf 91' lang='lat' dir='ltr'>me</span> <span class='ocrx_word' id='word_1_100' title='bbox 1448 1001 1564 1042; x_wconf 89' lang='lat' dir='ltr'>detu-</span> 
     </span>
     <span class='ocr_line' id='line_1_15' title="bbox 224 1059 1564 1117; baseline -0.001 -15"><span class='ocrx_word' id='word_1_101' title='bbox 224 1063 342 1117; x_wconf 90' lang='lat' dir='ltr'>lisse,</span> <span class='ocrx_word' id='word_1_102' title='bbox 381 1065 422 1102; x_wconf 90' lang='lat' dir='ltr'>et</span> <span class='ocrx_word' id='word_1_103' title='bbox 461 1062 562 1115; x_wconf 89' lang='lat' dir='ltr'>quid</span> <span class='ocrx_word' id='word_1_104' title='bbox 592 1061 721 1102; x_wconf 81' lang='lat' dir='ltr'>vellet</span> <span class='ocrx_word' id='word_1_105' title='bbox 752 1064 794 1101; x_wconf 91' lang='lat' dir='ltr'>et</span> <span class='ocrx_word' id='word_1_106' title='bbox 827 1060 927 1114; x_wconf 85' lang='lat' dir='ltr'>quid</span> <span class='ocrx_word' id='word_1_107' title='bbox 952 1061 1196 1114; x_wconf 87' lang='lat' dir='ltr'>requireret.</span> <span class='ocrx_word' id='word_1_108' title='bbox 1258 1059 1379 1101; x_wconf 89' lang='lat' dir='ltr'>Velle</span> <span class='ocrx_word' id='word_1_109' title='bbox 1410 1059 1564 1113; x_wconf 87' lang='lat' dir='ltr'>Hispa-</span> 
     </span>
     <span class='ocr_line' id='line_1_16' title="bbox 224 1118 1616 1174; baseline 0 -13"><span class='ocrx_word' id='word_1_110' title='bbox 224 1121 357 1174; x_wconf 88' lang='lat' dir='ltr'>niam,</span> <span class='ocrx_word' id='word_1_111' title='bbox 406 1120 619 1174; x_wconf 83' lang='lat' dir='ltr'>requirere</span> <span class='ocrx_word' id='word_1_112' title='bbox 667 1119 978 1160; x_wconf 77' lang='lat' dir='ltr'>liberalitatem.</span> <span class='ocrx_word' id='word_1_113' title='bbox 1052 1118 1116 1159; x_wconf 90' lang='lat' dir='ltr'>De</span> <span class='ocrx_word' id='word_1_114' title='bbox 1164 1119 1421 1160; x_wconf 86' lang='lat' dir='ltr'>liberalitate</span> <span class='ocrx_word' id='word_1_115' title='bbox 1464 1118 1563 1173; x_wconf 81' lang='lat' dir='ltr'>dixi,</span> <span class='ocrx_word' id='word_1_116' title='bbox 1583 1135 1616 1161; x_wconf 86' lang='lat'>15</span> 
     </span>
     <span class='ocr_line' id='line_1_17' title="bbox 227 1176 1562 1233; baseline -0.001 -14"><span class='ocrx_word' id='word_1_117' title='bbox 227 1182 432 1232; x_wconf 89' lang='lat' dir='ltr'>quantum</span> <span class='ocrx_word' id='word_1_118' title='bbox 473 1178 702 1233; x_wconf 79' lang='lat' dir='ltr'>Publilius,</span> <span class='ocrx_word' id='word_1_119' title='bbox 752 1180 958 1231; x_wconf 88' lang='lat' dir='ltr'>quantum</span> <span class='ocrx_word' id='word_1_120' title='bbox 1008 1177 1163 1218; x_wconf 86' lang='lat' dir='ltr'>flamen</span> <span class='ocrx_word' id='word_1_121' title='bbox 1205 1176 1412 1218; x_wconf 86' lang='lat' dir='ltr'>Lentulus</span> <span class='ocrx_word' id='word_1_122' title='bbox 1461 1177 1562 1217; x_wconf 86' lang='lat' dir='ltr'>filio.</span> 
     </span>
     <span class='ocr_line' id='line_1_18' title="bbox 225 1235 1564 1290; baseline -0.001 -12"><span class='ocrx_word' id='word_1_123' title='bbox 225 1237 288 1278; x_wconf 93' lang='lat' dir='ltr'>De</span> <span class='ocrx_word' id='word_1_124' title='bbox 319 1237 528 1290; x_wconf 82' lang='lat' dir='ltr'>Hispania</span> <span class='ocrx_word' id='word_1_125' title='bbox 559 1237 640 1277; x_wconf 92' lang='lat' dir='ltr'>duo</span> <span class='ocrx_word' id='word_1_126' title='bbox 674 1237 819 1290; x_wconf 87' lang='lat' dir='ltr'>attuli,</span> <span class='ocrx_word' id='word_1_127' title='bbox 856 1236 1042 1289; x_wconf 86' lang='lat' dir='ltr'>primum</span> <span class='ocrx_word' id='word_1_128' title='bbox 1071 1236 1183 1277; x_wconf 89' lang='lat' dir='ltr'>idem</span> <span class='ocrx_word' id='word_1_129' title='bbox 1215 1236 1328 1289; x_wconf 89' lang='lat' dir='ltr'>quod</span> <span class='ocrx_word' id='word_1_130' title='bbox 1359 1235 1459 1289; x_wconf 90' lang='lat' dir='ltr'>tibi,</span> <span class='ocrx_word' id='word_1_131' title='bbox 1496 1249 1564 1276; x_wconf 91' lang='lat' dir='ltr'>me</span> 
     </span>
     <span class='ocr_line' id='line_1_19' title="bbox 225 1293 1564 1349; baseline -0.001 -13"><span class='ocrx_word' id='word_1_132' title='bbox 225 1296 360 1336; x_wconf 87' lang='lat' dir='ltr'>vereri</span> <span class='ocrx_word' id='word_1_133' title='bbox 395 1295 760 1349; x_wconf 83' lang='lat' dir='ltr'>vituperationem.</span> <span class='ocrx_word' id='word_1_134' title='bbox 823 1293 923 1335; x_wconf 86' lang='lat' dir='ltr'>Non</span> <span class='ocrx_word' id='word_1_135' title='bbox 955 1294 1058 1335; x_wconf 87' lang='lat' dir='ltr'>satis</span> <span class='ocrx_word' id='word_1_136' title='bbox 1092 1308 1203 1348; x_wconf 85' lang='lat' dir='ltr'>esse,</span> <span class='ocrx_word' id='word_1_137' title='bbox 1245 1294 1280 1334; x_wconf 88' lang='lat' dir='ltr'>si</span> <span class='ocrx_word' id='word_1_138' title='bbox 1312 1294 1415 1335; x_wconf 90' lang='lat' dir='ltr'>haec</span> <span class='ocrx_word' id='word_1_139' title='bbox 1447 1308 1564 1334; x_wconf 85' lang='lat' dir='ltr'>arma</span> 
     </span>
     <span class='ocr_line' id='line_1_20' title="bbox 226 1352 1563 1408; baseline -0.001 -14"><span class='ocrx_word' id='word_1_140' title='bbox 226 1354 573 1408; x_wconf 81' lang='lat' dir='ltr'>reliquissemus?</span> <span class='ocrx_word' id='word_1_141' title='bbox 622 1354 748 1394; x_wconf 88' lang='lat' dir='ltr'>etiam</span> <span class='ocrx_word' id='word_1_142' title='bbox 781 1353 1020 1394; x_wconf 76' lang='lat' dir='ltr'>contraria?</span> <span class='ocrx_word' id='word_1_143' title='bbox 1064 1352 1226 1393; x_wconf 86' lang='lat' dir='ltr'>Deinde</span> <span class='ocrx_word' id='word_1_144' title='bbox 1251 1352 1341 1393; x_wconf 80' lang='lat' dir='ltr'>fore</span> <span class='ocrx_word' id='word_1_145' title='bbox 1366 1355 1415 1393; x_wconf 89' lang='lat' dir='ltr'>ut</span> <span class='ocrx_word' id='word_1_146' title='bbox 1441 1365 1563 1406; x_wconf 86' lang='lat' dir='ltr'>ange-</span> 
     </span>
     <span class='ocr_line' id='line_1_21' title="bbox 227 1411 1617 1468; baseline 0 -15"><span class='ocrx_word' id='word_1_147' title='bbox 227 1415 361 1468; x_wconf 90' lang='lat' dir='ltr'>retur,</span> <span class='ocrx_word' id='word_1_148' title='bbox 399 1427 493 1453; x_wconf 90' lang='lat' dir='ltr'>cum</span> <span class='ocrx_word' id='word_1_149' title='bbox 527 1427 550 1453; x_wconf 91' lang='lat' dir='ltr'>a</span> <span class='ocrx_word' id='word_1_150' title='bbox 587 1412 718 1452; x_wconf 85' lang='lat' dir='ltr'>fratre</span> <span class='ocrx_word' id='word_1_151' title='bbox 749 1411 1039 1452; x_wconf 88' lang='lat' dir='ltr'>familiaritate</span> <span class='ocrx_word' id='word_1_152' title='bbox 1072 1414 1112 1452; x_wconf 90' lang='lat' dir='ltr'>et</span> <span class='ocrx_word' id='word_1_153' title='bbox 1152 1411 1267 1452; x_wconf 86' lang='lat' dir='ltr'>omni</span> <span class='ocrx_word' id='word_1_154' title='bbox 1302 1411 1441 1466; x_wconf 83' lang='lat' dir='ltr'>gratia</span> <span class='ocrx_word' id='word_1_155' title='bbox 1472 1411 1562 1451; x_wconf 81' lang='lat' dir='ltr'>vin—</span> <span class='ocrx_word' id='word_1_156' title='bbox 1583 1429 1617 1453; x_wconf 80' lang='lat'>20</span> 
     </span>
     <span class='ocr_line' id='line_1_22' title="bbox 226 1470 1564 1523; baseline -0.002 -11"><span class='ocrx_word' id='word_1_157' title='bbox 226 1474 402 1512; x_wconf 88' lang='lat' dir='ltr'>ceretur.</span> <span class='ocrx_word' id='word_1_158' title='bbox 472 1470 542 1511; x_wconf 91' lang='lat' dir='ltr'>Me</span> <span class='ocrx_word' id='word_1_159' title='bbox 591 1485 685 1511; x_wconf 92' lang='lat' dir='ltr'>eum</span> <span class='ocrx_word' id='word_1_160' title='bbox 732 1471 852 1511; x_wconf 76' lang='lat' dir='ltr'>malle</span> <span class='ocrx_word' id='word_1_161' title='bbox 896 1470 1154 1511; x_wconf 86' lang='lat' dir='ltr'>liberalitate</span> <span class='ocrx_word' id='word_1_162' title='bbox 1194 1470 1259 1510; x_wconf 89' lang='lat' dir='ltr'>uti</span> <span class='ocrx_word' id='word_1_163' title='bbox 1298 1484 1391 1510; x_wconf 91' lang='lat' dir='ltr'>mea</span> <span class='ocrx_word' id='word_1_164' title='bbox 1438 1484 1564 1523; x_wconf 89' lang='lat' dir='ltr'>quam</span> 
     </span>
     <span class='ocr_line' id='line_1_23' title="bbox 228 1525 1564 1583; baseline -0.001 -13"><span class='ocrx_word' id='word_1_165' title='bbox 228 1545 304 1571; x_wconf 90' lang='lat' dir='ltr'>sua</span> <span class='ocrx_word' id='word_1_166' title='bbox 340 1530 548 1570; x_wconf 87' lang='lat' dir='ltr'>libertate.</span> <span class='ocrx_word' id='word_1_167' title='bbox 611 1527 692 1570; x_wconf 88' lang='lat' dir='ltr'>Sed</span> <span class='ocrx_word' id='word_1_168' title='bbox 729 1532 872 1570; x_wconf 89' lang='lat' dir='ltr'>tamen</span> <span class='ocrx_word' id='word_1_169' title='bbox 912 1528 1102 1583; x_wconf 81' lang='lat' dir='ltr'>permisi;</span> <span class='ocrx_word' id='word_1_170' title='bbox 1146 1525 1227 1569; x_wconf 87' lang='lat' dir='ltr'>tibi</span> <span class='ocrx_word' id='word_1_171' title='bbox 1260 1529 1370 1569; x_wconf 89' lang='lat' dir='ltr'>enim</span> <span class='ocrx_word' id='word_1_172' title='bbox 1401 1528 1564 1568; x_wconf 86' lang='lat' dir='ltr'>intelle-</span> 
     </span>
     <span class='ocr_line' id='line_1_24' title="bbox 226 1587 1563 1642; baseline -0.001 -13"><span class='ocrx_word' id='word_1_173' title='bbox 226 1603 369 1629; x_wconf 81' lang='lat' dir='ltr'>xeram</span> <span class='ocrx_word' id='word_1_174' title='bbox 406 1603 493 1629; x_wconf 89' lang='lat' dir='ltr'>non</span> <span class='ocrx_word' id='word_1_175' title='bbox 529 1588 655 1628; x_wconf 90' lang='lat' dir='ltr'>nimis</span> <span class='ocrx_word' id='word_1_176' title='bbox 694 1588 925 1641; x_wconf 86' lang='lat' dir='ltr'>displicere.</span> <span class='ocrx_word' id='word_1_177' title='bbox 987 1587 1083 1642; x_wconf 83' lang='lat' dir='ltr'>Ego</span> <span class='ocrx_word' id='word_1_178' title='bbox 1115 1587 1243 1628; x_wconf 90' lang='lat' dir='ltr'>etiam</span> <span class='ocrx_word' id='word_1_179' title='bbox 1276 1590 1403 1640; x_wconf 89' lang='lat' dir='ltr'>atque</span> <span class='ocrx_word' id='word_1_180' title='bbox 1435 1587 1563 1627; x_wconf 87' lang='lat' dir='ltr'>etiam</span> 
     </span>
     <span class='ocr_line' id='line_1_25' title="bbox 228 1645 1564 1702; baseline -0.002 -14"><span class='ocrx_word' id='word_1_181' title='bbox 228 1647 424 1702; x_wconf 82' lang='lat' dir='ltr'>cogitabo</span> <span class='ocrx_word' id='word_1_182' title='bbox 457 1650 595 1701; x_wconf 88' lang='lat' dir='ltr'>teque,</span> <span class='ocrx_word' id='word_1_183' title='bbox 627 1650 673 1687; x_wconf 89' lang='lat' dir='ltr'>ut</span> <span class='ocrx_word' id='word_1_184' title='bbox 704 1647 815 1687; x_wconf 89' lang='lat' dir='ltr'>idem</span> <span class='ocrx_word' id='word_1_185' title='bbox 847 1646 989 1700; x_wconf 86' lang='lat' dir='ltr'>facias,</span> <span class='ocrx_word' id='word_1_186' title='bbox 1019 1659 1136 1701; x_wconf 83' lang='lat' dir='ltr'>rogo.</span> <span class='ocrx_word' id='word_1_187' title='bbox 1196 1645 1352 1700; x_wconf 82' lang='lat' dir='ltr'>Magna</span> <span class='ocrx_word' id='word_1_188' title='bbox 1382 1659 1448 1685; x_wconf 88' lang='lat' dir='ltr'>res</span> <span class='ocrx_word' id='word_1_189' title='bbox 1481 1648 1564 1700; x_wconf 65' lang='lat' dir='ltr'>est,</span> 
     </span>
     <span class='ocr_line' id='line_1_26' title="bbox 228 1703 1617 1759; baseline 0 -13"><span class='ocrx_word' id='word_1_190' title='bbox 228 1706 407 1759; x_wconf 79' lang='lat' dir='ltr'>simplex</span> <span class='ocrx_word' id='word_1_191' title='bbox 446 1709 510 1746; x_wconf 83' lang='lat' dir='ltr'>est</span> <span class='ocrx_word' id='word_1_192' title='bbox 540 1719 720 1759; x_wconf 81' lang='lat' dir='ltr'>manere,</span> <span class='ocrx_word' id='word_1_193' title='bbox 761 1705 867 1745; x_wconf 87' lang='lat' dir='ltr'>illud</span> <span class='ocrx_word' id='word_1_194' title='bbox 899 1719 1062 1758; x_wconf 84' lang='lat' dir='ltr'>anceps.</span> <span class='ocrx_word' id='word_1_195' title='bbox 1123 1703 1284 1745; x_wconf 90' lang='lat' dir='ltr'>Verum</span> <span class='ocrx_word' id='word_1_196' title='bbox 1315 1703 1562 1744; x_wconf 86' lang='lat' dir='ltr'>videbimus.</span> <span class='ocrx_word' id='word_1_197' title='bbox 1583 1719 1617 1746; x_wconf 84' lang='lat'>25</span> 
     </span>
    </p>

    <p class='ocr_par' dir='ltr' id='par_1_6' title="bbox 227 1761 1564 1937">
     <span class='ocr_line' id='line_1_27' title="bbox 314 1761 1564 1818; baseline -0.002 -13"><span class='ocrx_word' id='word_1_198' title='bbox 314 1764 378 1805; x_wconf 92' lang='lat' dir='ltr'>De</span> <span class='ocrx_word' id='word_1_199' title='bbox 408 1764 544 1805; x_wconf 88' lang='lat' dir='ltr'>Balbo</span> <span class='ocrx_word' id='word_1_200' title='bbox 578 1767 619 1804; x_wconf 89' lang='lat' dir='ltr'>et</span> <span class='ocrx_word' id='word_1_201' title='bbox 650 1764 695 1804; x_wconf 88' lang='lat' dir='ltr'>in</span> <span class='ocrx_word' id='word_1_202' title='bbox 728 1763 934 1804; x_wconf 87' lang='lat' dir='ltr'>codicillis</span> <span class='ocrx_word' id='word_1_203' title='bbox 968 1763 1218 1817; x_wconf 88' lang='lat' dir='ltr'>scripseram</span> <span class='ocrx_word' id='word_1_204' title='bbox 1250 1765 1291 1803; x_wconf 91' lang='lat' dir='ltr'>et</span> <span class='ocrx_word' id='word_1_205' title='bbox 1321 1762 1382 1803; x_wconf 86' lang='lat' dir='ltr'>ita</span> <span class='ocrx_word' id='word_1_206' title='bbox 1408 1761 1564 1818; x_wconf 83' lang='lat' dir='ltr'>cogito,</span> 
     </span>
     <span class='ocr_line' id='line_1_28' title="bbox 228 1820 1563 1876; baseline -0.003 -12"><span class='ocrx_word' id='word_1_207' title='bbox 228 1823 353 1864; x_wconf 89' lang='lat' dir='ltr'>simul</span> <span class='ocrx_word' id='word_1_208' title='bbox 379 1837 427 1863; x_wconf 91' lang='lat' dir='ltr'>ac</span> <span class='ocrx_word' id='word_1_209' title='bbox 452 1822 634 1863; x_wconf 85' lang='lat' dir='ltr'>redierit.</span> <span class='ocrx_word' id='word_1_210' title='bbox 688 1820 761 1862; x_wconf 89' lang='lat' dir='ltr'>Sin</span> <span class='ocrx_word' id='word_1_211' title='bbox 788 1822 860 1862; x_wconf 90' lang='lat' dir='ltr'>ille</span> <span class='ocrx_word' id='word_1_212' title='bbox 885 1820 1061 1876; x_wconf 85' lang='lat' dir='ltr'>tardius,</span> <span class='ocrx_word' id='word_1_213' title='bbox 1093 1835 1170 1876; x_wconf 85' lang='lat' dir='ltr'>ego</span> <span class='ocrx_word' id='word_1_214' title='bbox 1196 1824 1339 1862; x_wconf 87' lang='lat' dir='ltr'>tamen</span> <span class='ocrx_word' id='word_1_215' title='bbox 1362 1820 1563 1876; x_wconf 86' lang='lat' dir='ltr'>triduum,</span> 
     </span>
     <span class='ocr_line' id='line_1_29' title="bbox 227 1880 1290 1937; baseline -0.002 -15"><span class='ocrx_word' id='word_1_216' title='bbox 227 1885 280 1937; x_wconf 89' lang='lat' dir='ltr'>et,</span> <span class='ocrx_word' id='word_1_217' title='bbox 312 1881 425 1935; x_wconf 86' lang='lat' dir='ltr'>quod</span> <span class='ocrx_word' id='word_1_218' title='bbox 455 1881 667 1935; x_wconf 88' lang='lat' dir='ltr'>praeterii,</span> <span class='ocrx_word' id='word_1_219' title='bbox 699 1880 924 1922; x_wconf 88' lang='lat' dir='ltr'>Dolabella</span> <span class='ocrx_word' id='word_1_220' title='bbox 956 1881 1084 1921; x_wconf 89' lang='lat' dir='ltr'>etiam</span> <span class='ocrx_word' id='word_1_221' title='bbox 1114 1894 1290 1920; x_wconf 90' lang='lat' dir='ltr'>mecum.</span> 
     </span>
    </p>
   </div>
   <div class='ocr_carea' id='block_1_6' title="bbox 415 1995 1617 2120">
    <p class='ocr_par' dir='ltr' id='par_1_7' title="bbox 415 1995 1617 2120">
     <span class='ocr_line' id='line_1_30' title="bbox 838 1995 953 2037; baseline 0 0"><span class='ocrx_word' id='word_1_222' title='bbox 838 1995 953 2037; x_wconf 92' lang='lat' dir='ltr'>VIII.</span> 
     </span>
     <span class='ocr_line' id='line_1_31' title="bbox 415 2077 1617 2120; baseline -0.002 -8"><span class='ocrx_word' id='word_1_223' title='bbox 415 2077 490 2114; x_wconf 81' lang='lat' dir='ltr'>Ser.</span> <span class='ocrx_word' id='word_1_224' title='bbox 510 2079 550 2112; x_wconf 74' lang='lat' dir='ltr'>in</span> <span class='ocrx_word' id='word_1_225' title='bbox 578 2078 784 2112; x_wconf 70' lang='lat' dir='ltr'>Tusculano</span> <span class='ocrx_word' id='word_1_226' title='bbox 809 2088 852 2110; x_wconf 84' lang='lat' dir='ltr'>m.</span> <span class='ocrx_word' id='word_1_227' title='bbox 875 2077 996 2111; x_wconf 71' lang='lat' dir='ltr'>intere.</span> <span class='ocrx_word' id='word_1_228' title='bbox 1013 2080 1105 2120; x_wconf 77' lang='lat' dir='ltr'>post.</span> <span class='ocrx_word' id='word_1_229' title='bbox 1125 2088 1159 2110; x_wconf 86' lang='lat' dir='ltr'>a.</span> <span class='ocrx_word' id='word_1_230' title='bbox 1182 2078 1255 2111; x_wconf 77' lang='lat'>708</span> <span class='ocrx_word' id='word_1_231' title='bbox 1282 2078 1372 2119; x_wconf 76' lang='lat'><em>(46).</em></span> <span class='ocrx_word' id='word_1_232' title='bbox 1582 2082 1617 2108; x_wconf 81' lang='lat'>30</span> 
     </span>
    </p>
   </div>
   <div class='ocr_carea' id='block_1_7' title="bbox 627 2157 1166 2194">
    <p class='ocr_par' dir='ltr' id='par_1_8' title="bbox 627 2157 1166 2194">
     <span class='ocr_line' id='line_1_32' title="bbox 627 2157 1166 2194; baseline -0.004 -1"><span class='ocrx_word' id='word_1_233' title='bbox 627 2158 818 2194; x_wconf 84' lang='lat' dir='ltr'>CICERO</span> <span class='ocrx_word' id='word_1_234' title='bbox 842 2157 1034 2193; x_wconf 84' lang='lat' dir='ltr'><strong><em>ATTICO</em></strong></span> <span class='ocrx_word' id='word_1_235' title='bbox 1059 2157 1166 2192; x_wconf 77' lang='lat' dir='ltr'><strong><em>SAL.</em></strong></span> 
     </span>
    </p>
   </div>
   <div class='ocr_carea' id='block_1_8' title="bbox 229 2227 1562 2342">
    <p class='ocr_par' dir='ltr' id='par_1_9' title="bbox 229 2227 1562 2342">
     <span class='ocr_line' id='line_1_33' title="bbox 313 2227 1561 2283; baseline -0.002 -12"><span class='ocrx_word' id='word_1_236' title='bbox 313 2229 377 2270; x_wconf 89' lang='lat' dir='ltr'>De</span> <span class='ocrx_word' id='word_1_237' title='bbox 403 2229 603 2271; x_wconf 82' lang='lat' dir='ltr'>Cicerone</span> <span class='ocrx_word' id='word_1_238' title='bbox 634 2230 782 2270; x_wconf 82' lang='lat' dir='ltr'>multis</span> <span class='ocrx_word' id='word_1_239' title='bbox 814 2244 880 2271; x_wconf 89' lang='lat' dir='ltr'>res</span> <span class='ocrx_word' id='word_1_240' title='bbox 907 2230 1054 2283; x_wconf 87' lang='lat' dir='ltr'>placet.</span> <span class='ocrx_word' id='word_1_241' title='bbox 1107 2227 1256 2270; x_wconf 86' lang='lat' dir='ltr'>Comes</span> <span class='ocrx_word' id='word_1_242' title='bbox 1285 2231 1349 2269; x_wconf 89' lang='lat' dir='ltr'>est</span> <span class='ocrx_word' id='word_1_243' title='bbox 1373 2228 1561 2270; x_wconf 88' lang='lat' dir='ltr'>idoneus.</span> 
     </span>
     <span class='ocr_line' id='line_1_34' title="bbox 229 2285 1562 2342; baseline 0 -15"><span class='ocrx_word' id='word_1_244' title='bbox 229 2285 308 2327; x_wconf 86' lang='lat' dir='ltr'>Sed</span> <span class='ocrx_word' id='word_1_245' title='bbox 351 2288 399 2328; x_wconf 91' lang='lat' dir='ltr'>de</span> <span class='ocrx_word' id='word_1_246' title='bbox 437 2289 574 2341; x_wconf 88' lang='lat' dir='ltr'>prima</span> <span class='ocrx_word' id='word_1_247' title='bbox 610 2289 812 2342; x_wconf 87' lang='lat' dir='ltr'>pensione</span> <span class='ocrx_word' id='word_1_248' title='bbox 851 2292 948 2328; x_wconf 89' lang='lat' dir='ltr'>ante</span> <span class='ocrx_word' id='word_1_249' title='bbox 988 2287 1216 2328; x_wconf 87' lang='lat' dir='ltr'>videamus.</span> <span class='ocrx_word' id='word_1_250' title='bbox 1278 2287 1412 2328; x_wconf 89' lang='lat' dir='ltr'>Adest</span> <span class='ocrx_word' id='word_1_251' title='bbox 1450 2287 1562 2328; x_wconf 88' lang='lat' dir='ltr'>enim</span> 
     </span>
    </p>
   </div>
  </div>
 </body>
</html>
