1665 2553
689 82 727 118 P.
749 86 944 117 288—295.
1306 82 1488 117 LXXXIII

152 175 290 218 Baiter,
312 175 465 220 Tyrrell.
492 196 536 201 —
565 179 584 210 6
612 180 671 218 et,
696 180 738 211 ut
757 180 847 221 puto
868 176 1044 219 ed.1ens.,
1066 175 1233 220 Schuetz,
1254 176 1368 221 Tyrr.,
1387 177 1489 221 prob.

151 222 254 256 Boot.
282 243 326 247 -
359 222 409 257 Ib.
431 223 611 257 iamiam
636 224 704 257 mei
728 223 754 258 I.
776 223 831 258 Fr.
854 222 1026 265 G1·onOV.,
1065 223 1224 267 Tyrrell,
1259 224 1362 268 prob.
1383 224 1486 266 Boot,

151 270 226 303 iam
240 268 364 304 Orelli.
379 290 423 294 —
445 273 465 303 8
479 274 511 305 et
532 269 616 304 add.
632 270 735 312 Boot,
749 270 885 312 Baiter,
907 269 1058 314 Tyr-rell.
1081 291 1124 295 —
1145 270 1195 305 Π).
1210 271 1287 316 [si]
1305 270 1490 313 Wesenb.,

153 327 221 351 om.
247 315 313 351 ΜΞ.
346 337 389 341 -
423 320 442 350 9
469 318 708 361 praeripiam
739 316 786 359 M,
824 316 863 352 Ο.
884 317 924 352 Ε.
953 316 1119 350 Schmidt
1155 317 1333 353 Fleckeis
1367 318 1489 352 annal.

154 366 243 397 1896
268 375 304 407 p.
327 367 410 406 264,
444 364 670 407 praecipiam
701 363 782 398 edd.
815 366 857 397 ut
886 367 1098 408 Ρ.288.13.
1148 385 1192 389 -—
1244 369 1286 398 12
1318 365 1492 399 alicunde

153 409 269 452 codd,
296 409 450 454 Tyrrell.
476 431 520 435 —-
549 414 590 443 16
617 411 833 446 summarius
859 411 974 453 codd.,
1002 410 1041 446 O.
1062 411 1102 445 E.
1125 410 1291 445 Schmidt
1311 411 1489 446 Fleckeis.

154 457 275 491 annal.
294 461 383 491 1896
409 469 443 502 p.
460 461 527 491 264
555 457 649 501 expl.
673 457 890 500 ‘Paekesel’,
917 459 1144 492 nummarius
1163 458 1316 501 Manut,
1343 458 1425 493 edd.
1447 480 1491 483 —

155 507 196 537 17
207 515 259 546 sq.
281 509 363 538 estut
383 508 423 539 et
440 505 587 538 redeant
606 504 713 547 vict,
738 506 890 539 recentt.
906 505 988 539 edd.
1003 515 1139 547 omnes,
1166 506 1264 548 quod
1283 506 1342 539 vix
1363 506 1491 540 credas

153 553 196 594 (V.
216 550 260 585 H.
282 550 323 585 A.
344 551 447 584 Koch
470 562 592 595 progr.
613 551 776 586 Portens.
800 555 888 586 1868
908 564 943 596 p.
959 554 1027 596 27),
1054 556 1197 587 cautent
1221 553 1364 588 rideant
1384 553 1489 588 codd.

152 597 285 642 lepide.
313 619 357 622 —
384 601 428 632 20
454 603 514 639 est,
544 602 585 632 ut
609 610 682 632 uon
707 610 876 644 mayuum
900 600 947 634 sit
971 605 1043 633 τῶν
1067 598 1325 633 πολικωτοὲτων
1351 598 1491 644 σκέμμα

153 645 306 689 Tyrrell,
339 644 430 679 coni.
457 645 628 679 Wesenb.
656 649 705 680 est
735 650 767 680 et
796 657 966 691 maynum
995 659 1030 680 τι
1055 652 1126 680 τῶν
1151 649 1243 685 πολ,,
1268 647 1362 680 Boot
1387 651 1436 681 est
1461 651 1493 681 et

153 693 285 737 mayni.
331 692 449 726 Uuum
481 697 530 727 est
559 698 631 726 τῶν
656 694 747 735 πολ,
780 692 836 728 Fr.
864 692 1030 726 Schmidt
1060 704 1180 737 progr.
1207 693 1371 728 Norimb.
1401 697 1490 727 1879

152 751 186 783 p.
215 742 259 773 30
297 743 346 773 est
376 739 573 773 maoez'mum
609 745 682 773 τῶν
712 742 809 782 πολ.,
843 738 881 774 O.
902 739 942 774 E.
964 739 1131 774 Schmidt
1156 739 1333 775 Fleckeis.
1368 740 1490 775 annal.

155 789 245 820 1896
265 798 299 830 p.
317 789 382 819 265
392 797 444 828 sq.
466 790 515 820 est
534 797 700 831 mayolum
722 787 892 831 svittybmn
911 791 943 821 et
960 792 1031 821 τῶν
1051 790 1130 821 πολ.
1146 808 1190 811 —
1211 791 1254 821 23
1275 788 1377 822 credo
1398 787 1490 822 coni.

154 833 258 875 Boot,
280 832 319 866 O.
335 832 374 867 E.
392 832 558 866 Schmidt
577 832 599 867 l.
616 832 638 867 1.
659 845 694 877 p.
711 837 788 875 266,
804 844 890 867 curo
911 833 1026 875 codd,
1048 834 1142 876 edd,
1160 839 1249 878 puto
1271 834 1314 869 H.
1331 835 1373 869 A.
1389 834 1491 868 Koch

153 890 274 923 progr.
295 879 392 913 Port.
416 883 504 913 1868
525 891 560 923 p.
583 883 638 914 28.
665 900 709 904 -
738 884 782 913 34
808 878 948 924 μακρόν
968 880 1118 924 Popma,
1140 878 1344 926 ἐνδόμυχον
1364 880 1490 923 Orelli,

155 927 270 969 ἄκρον
295 925 476 969 Tunstall,
503 927 690 969 μακώνιον
719 929 783 960 aut
810 933 1014 961 αακωνεῖον
1041 927 1200 971 Tyrrell,
1227 927 1400 963 ἀκόνιτον
1427 930 1492 962 aut

154 973 622 1054 ὅηέώέιὲἔωὲἔξ”ἕ’1ἒῗ1ἓέἒς
643 974 743 1053 ῗὲἷ
767 973 1492 1065 ΙῗὲῗῖἰῄξὸξῖῗὸἐλΒΞΞᾶὅΜΞῖἶιῖἲῖἶέ-’ἕ

154 1067 190 1109 (i.
206 1078 235 1101 e.
257 1066 362 1111 Mati)
390 1066 528 1100 Gurlitt
552 1078 673 1111 progr.
695 1067 849 1111 Steglitz
879 1071 967 1101 1898
994 1079 1028 1112 p.
1046 1072 1065 1102 6
1092 1070 1129 1101 et
1157 1068 1337 1102 ‘Berliner
1361 1068 1503 1113 philol:

153 1113 465 1148 Wochenschrift’
490 1117 590 1148 1898.
614 1118 692 1149 190.
713 1135 758 1139 —
779 1118 821 1148 36
843 1113 1037 1158 ἀνάληψις.
1084 1115 1134 1149 Iu
1153 1126 1221 1158 quo
1246 1127 1344 1150 nuuc
1368 1127 1491 1150 sumus

155 1161 247 1195 coni.
272 1160 376 1195 Boot.
421 1162 431 1205 ΙΙ
474 1160 519 1195 Ρ.
542 1159 630 1195 294.
652 1165 672 1194 2
699 1166 832 1205 oportet
853 1163 939 1195 ante
958 1162 1114 1200 temerit.
1143 1161 1242 1195 suasi
1262 1174 1352 1196 mus.
1373 1162 1489 1197 Rhen.

156 1210 246 1242 1898
270 1219 305 1252 p.
334 1211 417 1250 130,
443 1218 508 1242 uos
534 1207 651 1250 codd„
677 1208 820 1251 Baiter,
845 1208 954 1249 Boot,
982 1208 1142 1252 Tyrrell,
1168 1209 1190 1253 †
1215 1209 1293 1244 Aut
1317 1209 1489 1244 VVesenb.

155 1254 247 1289 coni.
285 1255 367 1296 sed,
404 1258 445 1289 ut
480 1265 544 1289 uos
582 1259 646 1289 aut
683 1275 727 1280 -—
765 1256 985 1298 insectemur,
1023 1260 1227 1300 utrumque,
1271 1267 1406 1291 necesse
1443 1261 1492 1291 est

154 1301 197 1336 H.
218 1302 260 1336 A.
281 1301 384 1334 Koch
414 1313 506 1336 mus.
537 1301 652 1336 Rhen.
675 1305 764 1335 1857
790 1314 825 1346 p.
842 1306 925 1344 276,
963 1307 1010 1336 ut
1054 1307 1119 1337 aut
1161 1313 1225 1337 uos
1262 1304 1490 1338 temeritatem

156 1349 327 1383 bonorum
357 1359 598 1392 sequeremur
628 1369 673 1373 —-
705 1350 959 1384 insectarentur
990 1348 1029 1383 Ο.
1050 1349 1090 1383 E.
1114 1348 1280 1383 Schmidt
1310 1350 1488 1384 Fleckeis.

156 1395 278 1430 annal.
301 1398 390 1429 1896
410 1407 445 1439 p.
461 1398 539 1430 268.
554 1416 598 1420 -
618 1399 640 1429 4
660 1399 697 1430 et
722 1400 824 1440 turpe
843 1396 996 1439 Manut,
1023 1396 1127 1439 Boot,
1154 1396 1306 1440 Tyrrell,
1334 1397 1433 1440 quod
1452 1397 1490 1430 in

155 1442 193 1475 M
219 1443 276 1475 est
299 1453 362 1476 nec
391 1446 509 1486 turpe,
536 1442 635 1484 quod
667 1442 875 1487 exemplum
900 1453 1011 1487 supra
1044 1442 1233 1487 posuimus
1260 1456 1294 1487 p.
1317 1448 1370 1478 24.
1393 1447 1424 1479 8.
1446 1465 1489 1469 —

156 1492 176 1522 5
200 1489 282 1523 Isti
307 1499 382 1530 me,
408 1489 470 1532 qui
493 1490 621 1531 fratris
646 1490 762 1531 filium
783 1489 877 1525 O.E.
894 1489 1061 1523 Schmidt
1082 1489 1169 1524 ‘Der
1182 1490 1343 1524 Briefw.’
1371 1503 1406 1535 p.
1424 1495 1490 1525 166

157 1537 193 1569 et
216 1535 255 1569 in
280 1534 459 1570 Fleckeis.
482 1535 603 1570 annal.
627 1539 716 1569 1896
736 1548 771 1580 p.
794 1540 871 1571 268,
899 1557 943 1561 -
969 1537 1020 1571 Ib.
1040 1537 1106 1582 [cle
1127 1537 1238 1582 pace]
1263 1538 1361 1572 misit
1386 1538 1488 1572 Boot.

155 1603 199 1607 —
249 1585 267 1615 7
307 1582 474 1616 acerrime
517 1583 645 1616 bellum
683 1582 802 1617 CROP
840 1583 1042 1627 (Lehmann
1074 1584 1150 1617 Att.
1182 1596 1217 1628 p.
1239 1588 1281 1618 41
1299 1595 1370 1627 ex,
1399 1586 1490 1629 182),

156 1630 284 1663 bellum
314 1629 482 1664 acerrime
512 1629 580 1671 ΜΞ,
613 1629 694 1664 edd.
722 1651 765 1654 —
791 1630 842 1664 sb.
875 1642 927 1664 me
959 1631 1111 1675 quatum
1136 1630 1191 1665 ed.
1212 1631 1327 1673 Rom.,
1353 1631 1490 1674 Baiter,

155 1676 259 1719 Boot,
286 1675 438 1720 Tyri-cll,
465 1676 637 1720 cleyatum
661 1676 710 1719 M,
738 1677 891 1721 Zeyatum
918 1676 994 1720 alii,
1021 1677 1187 1711 Schmidt
1206 1678 1383 1712 Fleckeis.
1406 1688 1489 1712 ann.

156 1723 178 1758 l.
205 1722 241 1765 l.,
273 1723 472 1768 delegatum
505 1723 592 1756 ‘Der
617 1723 890 1757 Briefwechsel'
921 1723 988 1758 1.1,
1021 1735 1094 1757 non
1126 1724 1245 1759 minus
1284 1724 1490 1768 improbab.

156 1780 269 1813 quam
292 1770 353 1804 isti
377 1781 440 1812 me,
466 1770 538 1813 qui,
557 1769 656 1804 YVes.
679 1781 744 1804 scr.
769 1771 922 1815 Ieyatum
947 1771 1006 1813 iri,
1032 1782 1105 1805 uon
1130 1783 1190 1806 me.
1230 1771 1288 1804 Ad
1313 1783 1347 1815 p.
1364 1774 1418 1806 11.
1435 1775 1489 1806 11.

157 1838 200 1841 -
228 1820 270 1850 10
298 1817 445 1861 leyarer
463 1816 627 1859 Ernesti,
654 1815 693 1851 O.
714 1816 755 1851 E.
776 1816 943 1851 Schmidt
962 1817 1139 1852 Fleckeis.
1163 1828 1245 1852 ann.
1266 1817 1334 1860 1;1.‚
1363 1818 1492 1863 leyerer

155 1863 204 1906 M,
229 1862 401 1897 Wesenb.
436 1863 607 1907 (voluisse
638 1863 784 1897 videtur
809 1864 832 1909 †
859 1864 1015 1908 leyerer),
1051 1865 1142 1908 Zeyer
1168 1864 1326 1906 Corrad.,
1352 1864 1490 1907 Baiter,

155 1910 260 1953 Boot,
285 1909 427 1954 Tyr-rell
446 1910 603 1943 fortasse
628 1920 722 1945 vere,
749 1931 792 1935 -
821 1914 863 1943 12
888 1922 920 1945 v.
947 1910 986 1945 O.
1008 1911 1047 1945 E.
1071 1910 1237 1944 Schmidt
1264 1911 1350 1944 ‘Der
1374 1911 1489 1945 Brief-

159 1956 332 1990 wechsel'
360 1968 395 2000 p.
418 1960 500 1999 167,
538 1957 635 1991 Nou.
656 1957 745 2001 Apr.
772 1957 915 2000 Baiter,
955 1957 1194 2001 Wesenberg,
1220 1957 1331 2001 April
1356 1960 1378 1992 5
1403 1969 1442 1992 or
1469 1961 1492 1993 6

157 2003 299 2047 Tyrrell
324 2014 379 2047 ep.
407 2007 484 2038 379.
512 2024 556 2028 —
583 2007 626 2037 22
661 2005 780 2048 quoad
804 2003 954 2047 Victor,
979 2003 1150 2037 VVesenb.
1195 2004 1253 2037 Ad
1277 2016 1312 2048 p.
1335 2008 1412 2040 115.
1435 2009 1489 2040 26.

158 2071 202 2074 -
216 2054 259 2083 23
269 2061 321 2093 sq.
344 2079 350 2085 .
366 2079 371 2084 .
387 2050 574 2085 Fortunae
593 2052 678 2085 sunt
696 2052 944 2085 committenda
963 2052 1102 2084 o'muz'a:
1121 2052 1131 2095 ΙΙ
1151 2050 1235 2085 Siue
1247 2052 1309 2094 spe'
1319 2062 1492 2086 conamur

157 2097 235 2130 ulla
258 2096 426 2130 Ribbeck
449 2108 538 2132 com.
564 2097 634 2132 inc.
661 2097 730 2132 inc.
757 2097 850 2132 XXI.
877 2118 921 2122 —
949 2101 991 2131 26
1024 2098 1152 2131 uellem
1176 2097 1359 2141 Wesenb.,
1385 2098 1489 2141 Boot,

160 2143 318 2187 Tyrrell,
356 2144 466 2177 uelim
505 2144 621 2186 codd„
652 2144 788 2179 Baiter.
827 2165 871 2168 —
911 2148 953 2177 29
992 2144 1120 2177 'nollem
1152 2144 1268 2187 codd.,
1305 2144 1490 2188 Wesenb.,

159 2189 312 2233 Tyr-rell,
332 2191 441 2224 nolim
460 2190 618 2233 Ernesti,
644 2191 781 2233 Baiter,
802 2191 905 2225 Boot.
949 2192 960 2234 ΙΙ
1003 2191 1048 2225 Ρ.
1071 2190 1159 2225 295.
1180 2195 1202 2224 4
1221 2193 1311 2226 scire
1330 2203 1491 2235 cuperem

159 2236 342 2279 Lambin,
373 2236 563 2280 Wesenb„
601 2248 672 2280 quo
710 2237 880 2282 neglecto
918 2237 1006 2271 scire
1044 2238 1164 2272 vellem
1201 2237 1240 2272 O.
1261 2238 1300 2273 E.
1324 2238 1491 2272 Schmidt

159 2295 249 2318 mus.
270 2283 385 2317 Rhen.
408 2286 495 2317 1897
516 2296 551 2328 p.
569 2287 646 2326 162,
672 2285 796 2319 scirem
816 2283 932 2326 codd,
958 2288 1005 2318 ut
1029 2284 1141 2329 igitur
1165 2285 1250 2319 haec
1274 2285 1398 2320 scirem
1423 2284 1490 2328 ΜΞ,

1239 2342 1277 2376 f*
