1665 2553
190 78 274 119 190
611 78 658 113 Μ.
685 77 827 112 TULLI
854 76 1102 112 CICERONIS

186 187 339 214 ronum
366 172 499 229 signis
526 173 801 228 obsignatum
821 173 1092 227 cohortisque
1117 173 1363 226 praetoriae.
1406 172 1524 215 Fecit

187 232 329 286 palam
359 234 402 272 te
434 246 483 272 ex
513 232 677 287 libella,
716 246 783 272 me
825 245 874 272 ex
906 231 1129 272 terruncio.
1191 231 1243 272 In
1265 230 1390 273 Actio
1424 231 1523 274 Cor-

189 305 311 344 cyrae
341 290 491 332 Alexio
529 305 596 331 me
628 290 798 344 opipare
838 292 1082 331 muneratus
1115 291 1190 331 est.
1252 289 1296 339 Q.
1330 289 1522 332 Ciceroni

140 349 162 378 4
189 349 343 390 obsisti
373 363 459 390 non
489 349 649 404 potuit,
681 363 763 403 quo
797 349 937 390 minus
969 348 1195 402 Thyamim
1223 349 1397 391 videret.
1457 349 1522 390 Fi-

187 407 289 448 liola
320 410 394 448 tua
433 410 474 448 te
512 407 709 448 delectari
749 407 884 448 laetor
925 409 966 451 et
1005 407 1177 460 probari
1213 407 1294 448 tibi
1332 409 1523 462 φυσικὴν
1560 424 1578 451 5

189 480 279 507 esse
319 467 399 519 τὴν
436 467 545 521 πρὸς
589 468 639 507 τὰ
683 465 821 507 τέκνα.
883 465 1074 521 Etenim,
1117 466 1153 506 si
1190 465 1292 507 haec
1330 481 1417 507 non
1448 469 1524 522 est,

187 524 305 565 nulla
336 527 478 578 potest
509 524 672 565 homini
705 538 794 565 esse
827 524 880 564 ad
910 524 1124 565 hominem
1149 527 1325 565 naturae
1357 525 1523 565 adiunc-

188 582 268 637 tio,
308 597 390 637 qua
427 583 594 631 sublata
630 584 742 624 vitae
781 583 958 624 societas
990 583 1167 624 tollitur.
1231 583 1384 624 ‘Bene
1415 597 1522 625 eve-

188 641 348 696 niatl’,
379 641 519 695 inquit
546 640 777 683 Carneades
810 656 971 697 spurce
1003 642 1076 682 sed
1100 644 1241 682 tamen
1271 642 1520 695 prudentius

191 714 317 754 quam
348 698 501 741 Lucius
533 703 679 742 noster
711 703 752 742 et
777 699 948 755 Patron,
980 700 1065 755 qui,
1096 715 1190 741 cum
1222 700 1362 741 omnia
1394 701 1445 741 ad
1478 715 1521 742 se
1544 718 1577 742 10

188 759 385 814 referant,
409 773 635 812 numquam
661 759 885 824 quicquam
911 759 1084 800 alterius
1106 773 1230 800 eausa
1255 759 1347 800 fieri
1372 761 1524 813 putent

190 819 243 871 et,
275 832 370 858 cum
401 832 448 858 ea
478 833 523 859 re
554 818 714 859 bonum
744 818 883 858 virum
922 821 1116 871 oportere
1154 832 1244 858 esse
1276 818 1435 873 dicant,
1471 832 1524 858 ne

190 875 348 916 malum
390 876 563 932 habeat,
602 891 688 917 non
726 891 808 930 quo
850 876 892 917 id
932 880 1083 917 natura
1122 879 1284 917 rectum
1325 876 1399 931 sit,
1438 891 1526 917 non

190 935 441 989 intellegant
481 950 523 975 se
561 935 610 976 de
647 935 797 976 callido
835 934 1007 976 homine
1038 935 1174 1001 loqui,
1211 950 1298 976 non
1330 910 1399 976 de
1411 935 1522 976 bono

189 993 292 1034 viro
338 969 436 1034 osed
472 993 592 1048 haec,
634 994 802 1048 opinor,
842 996 940 1034 sunt
978 994 1023 1035 in
1059 994 1111 1034 iis
1150 994 1289 1048 libris,
1330 1008 1435 1048 quos
1475 997 1522 1034 tu
1543 1010 1576 1037 15

189 1052 399 1092 laudando
432 1053 595 1093 animos
625 1052 729 1093 mihi
764 1052 973 1093 addidisti.

144 1122 163 1152 5
279 1110 419 1151 Redeo
453 1111 503 1151 ad
534 1125 632 1151 rem.
683 1110 774 1159 Quo
805 1111 930 1151 modo
964 1110 1257 1176 exspectabam
1283 1111 1525 1166 epistulam,

191 1183 317 1222 quam
344 1168 576 1209 Philoxeno
609 1169 811 1210 dedisses!
875 1168 1110 1223 Scripseras
1137 1169 1248 1209 enim
1280 1169 1324 1209 in
1360 1183 1407 1210 ea
1434 1183 1525 1210 esse

191 1228 241 1267 (16
282 1241 472 1268 sermone
510 1227 683 1281 Pompei
713 1226 1009 1281 Neapolitano.
1069 1226 1178 1267 Eam
1220 1227 1327 1268 mihi
1364 1227 1523 1268 Patron

190 1285 391 1326 Brundisi
439 1286 629 1326 reddidit.
705 1284 929 1339 Corcyrae,
979 1288 1027 1326 ut
1078 1285 1246 1340 opinor,
1296 1288 1522 1339 acceperat.
1543 1304 1577 1328 20

190 1342 313 1384 Nihil
340 1344 482 1409 potuit
514 1358 604 1384 esse
635 1344 869 1386 iucundius.
918 1344 1024 1384 Erat
1051 1344 1162 1384 enim
1188 1344 1236 1384 de
1265 1358 1309 1384 re
1340 1344 1524 1400 publica,

191 1403 242 1443 de
283 1402 501 1458 opinione,
543 1417 668 1457 quam
708 1403 743 1443 is
784 1403 848 1443 vii
888 1402 1063 1443 haberet
1103 1402 1364 1457 integritatis
1395 1417 1524 1458 meae,

192 1462 241 1502 de
288 1461 597 1515 benevolentia,
648 1476 774 1515 quam
825 1461 1008 1502 ostendit
1052 1475 1099 1502 eo
1145 1475 1353 1517 sermone,
1400 1475 1523 1516 quem

190 1519 342 1560 habuit
380 1520 429 1560 de
466 1519 693 1573 triumpho.
757 1518 839 1561 Sed
876 1523 1016 1561 tamen
1052 1519 1133 1560 hoc
1163 1519 1524 1585 iucundissimum7

192 1578 303 1632 quod
346 1577 535 1619 intellexi
572 1581 614 1619 te
658 1579 708 1619 ad
751 1593 846 1619 eum
889 1579 1071 1632 venisse
1114 1580 1163 1618 ut
1205 1593 1294 1619 eius
1337 1578 1522 1619 animum
1542 1595 1574 1621 25

192 1651 292 1692 erga
316 1651 381 1677 me
407 1637 674 1690 perspiceres.
725 1637 817 1678 Hoc
842 1637 959 1692 mihi,
991 1638 1174 1691 inquam,
1206 1636 1354 1677 accidit
1380 1637 1522 1678 iucun-

145 1708 165 1738 e
193 1695 437 1736 dissumum.
499 1695 562 1736 De
599 1695 815 1749 triumpho
861 1699 1001 1736 autem
1043 1695 1159 1736 nulla
1201 1709 1267 1736 me
1312 1695 1521 1748 cupiditas

191 1768 391 1808 umquam
427 1754 564 1795 tenuit
607 1757 703 1795 ante
741 1754 884 1795 Bibuli
920 1753 1305 1808 impudentissimas
1343 1753 1521 1807 litteras,

193 1827 296 1866 quas
341 1812 612 1866 amplissume
654 1813 905 1867 supplicatio
956 1815 1179 1853 consecuta
1222 1814 1297 1853 est.
1360 1811 1399 1852 A
1437 1826 1520 1865 quo

193 1871 228 1911 si
260 1886 306 1912 ea
338 1874 458 1925 gesta
490 1875 646 1925 essent,
679 1886 783 1925 quae
816 1871 1003 1926 scripsit,
1040 1870 1264 1926 gauderem
1295 1872 1337 1910 et
1367 1869 1574 1913 1101101130

194 1930 388 1985 faverem3
418 1944 531 1971 nunc
560 1930 699 1984 illum,
740 1930 813 1984 qui
843 1930 989 1984 pedem
1025 1931 1165 1983 porta,
1203 1928 1341 1982 quoad
1376 1928 1516 1969 hostis

192 1988 250 2028 cis
269 1988 531 2042 Euphratem
556 1989 650 2043 fuit,
668 2003 755 2029 non
780 1988 987 2042 extulerit,
1012 1987 1173 2029 honore
1193 1987 1348 2041 augeri,
1373 2001 1452 2043 me,
1476 1987 1521 2027 in

192 2046 309 2087 cuius
343 2047 527 2088 exercitu
559 2061 675 2101 spem
705 2047 820 2087 illius
852 2047 1058 2088 exercitus
1091 2045 1258 2100 habuit,
1295 2045 1405 2086 idem
1434 2059 1521 2086 non

193 2104 365 2158 adsequi
393 2106 567 2146 dedecus
600 2108 663 2146 est
688 2108 894 2160 nostrum,
925 2107 1131 2159 nostrum,
1163 2103 1335 2158 inquam
1360 2106 1402 2145 te
1428 2118 1521 2145 6011-

192 2163 380 2217 iungens.
430 2163 579 2218 Itaque
600 2164 740 2205 omnia
766 2164 958 2218 experiar
983 2165 1036 2217 et,
1068 2165 1115 2203 ut
1141 2177 1274 2216 spero,
1305 2162 1518 2216 adsequar.
1539 2177 1572 2203 35

193 2219 352 2268 Quodsi
378 2224 425 2262 tu
454 2223 624 2275 valeres,
650 2223 734 2263 iam
765 2222 869 2263 mihi
896 2221 1099 2276 quaedam
1126 2221 1345 2275 explorata
1370 2222 1518 2262 essent.

193 2276 284 2333 Sed,
316 2282 363 2320 ut
397 2295 530 2335 spero,
562 2281 732 2322 valebis.
