1665 2553
226 101 310 142 34ss
649 101 697 136 M.
725 101 866 135 TULLI
892 100 1139 136 CICERONIS

225 197 339 250 quod
371 199 469 237 ante
501 196 682 249 mallem,
716 196 858 250 aliquo
891 196 1066 250 propius
1100 197 1301 238 accedam.
1352 197 1464 238 Tuas
1497 198 1565 239 lit·

224 258 335 296 teras
375 255 427 296 ad
465 270 551 309 eas,
590 255 744 309 quibus
784 270 807 295 a
844 257 886 295 te
923 255 1115 309 proxime
1154 256 1377 297 eonsilium
1421 257 1565 312 petivi,

223 313 493 355 vehementer
525 316 733 368 exspecto.
797 312 911 354 Vale.
975 325 1055 355 XVI
1085 313 1178 355 Kal.
1207 313 1486 368 Septembres.

841 429 952 471 XXI.

483 511 557 547 Ser.
579 512 762 546 Brundisi
794 511 852 545 VI
874 511 921 545 K.
944 511 1036 555 Sept.
1059 523 1091 544 a.
1115 514 1187 546 707
1215 514 1303 555 (47).
1603 519 1618 544 5

585 627 589 630 .
649 592 816 628 CICERO
844 592 1017 627 ATTICO
1046 593 1141 627 SAL.

312 666 468 719 Accepi
512 677 560 706 VI
591 665 684 706 Kal.
713 665 825 719 Sept.
864 666 1029 706 litteras
1075 680 1097 705 a
1135 668 1178 706 te
1222 666 1340 706 datas
1374 677 1439 706 XII
1471 665 1564 707 Kal.

224 725 507 778 doloremque,
540 738 665 778 quem
697 738 747 764 ex
774 723 921 773 Quinti
947 724 1101 765 scelere
1127 724 1211 764 iam
1238 724 1400 778 pridem
1427 738 1565 778 aceep-

223 787 316 825 tum
355 784 439 824 iam
478 782 727 836 abieceram,
765 783 875 824 lecta
913 783 1002 824 eius
1045 783 1227 836 epistula
1267 783 1565 837 gravissimum

224 843 325 896 cepi.
384 842 448 882 Tu
481 841 561 882 etsi
593 856 679 882 non
710 842 892 895 potuisti
924 842 1012 882 ullo
1044 842 1169 882 modo
1202 842 1348 896 faeere,
1381 845 1429 882 ut
1460 841 1566 882 mihi
1585 859 1619 884 10

224 902 341 942 illam
373 900 601 954 epistulam
632 915 719 941 non
750 901 954 956 mitteres,
986 903 1131 941 tamen
1160 900 1330 941 mallem
1361 914 1448 941 non
1474 914 1565 941 esse

224 975 409 1000 missam.

312 1018 379 1059 Ad
412 1033 459 1059 ea
490 1021 648 1072 autem,
687 1033 793 1072 quae
826 1018 976 1059 scribis
1009 1018 1058 1059 de
1090 1020 1360 1072 testamento,
1391 1017 1566 1072 videbis,

225 1077 328 1131 quid
372 1080 412 1118 et
458 1091 540 1130 quo
582 1076 718 1117 modo,
781 1076 844 1118 De
882 1077 1068 1117 nummis
1107 1079 1148 1118 et
1185 1077 1259 1117 illa
1297 1077 1357 1117 sic
1395 1076 1565 1130 scripsit

224 1139 273 1176 ut
305 1149 382 1189 ego
416 1135 466 1175 ad
498 1138 539 1175 te
572 1138 706 1189 antea,
740 1138 781 1175 et
812 1149 903 1190 nos,
935 1135 971 1175 si
1004 1135 1105 1189 quid
1138 1149 1244 1188 opus
1272 1135 1364 1189 erit,
1396 1136 1565 1175 utemur
1586 1152 1618 1178 15

227 1209 275 1235 ex
309 1208 369 1247 eo,
401 1194 450 1234 de
483 1207 566 1247 quo
601 1193 761 1234 scribis.

313 1251 391 1292 Ille
423 1252 474 1292 ad
505 1251 597 1292 Kal.
626 1250 738 1304 Sept.
765 1251 946 1291 Athenis
972 1265 1058 1291 non
1084 1251 1251 1292 videtur
1275 1251 1377 1292 fore.
1427 1250 1565 1292 Multa

226 1326 321 1352 eum
353 1311 398 1351 in
428 1310 530 1351 Asia
560 1310 757 1350 dicuntur
783 1310 952 1362 morari,
983 1310 1165 1350 maxime
1191 1309 1440 1351 Pharnaces.
1491 1309 1565 1351 Le-

224 1370 295 1425 gio
329 1381 405 1422 XII,
438 1369 489 1409 ad
522 1383 648 1422 quam
676 1369 858 1423 primam
885 1367 1002 1409 Sulla
1028 1369 1155 1422 venit,
1187 1368 1400 1422 lapidibus
1428 1368 1564 1423 egisse

223 1428 439 1468 hominem
488 1427 653 1468 dieitur.
722 1425 897 1468 Nullam
946 1429 1100 1480 putant
1151 1441 1194 1468 se
1244 1429 1563 1468 eommoturam.
1584 1446 1618 1470 ρο

224 1486 351 1527 Illum
384 1486 703 1526 arbitrabantur
735 1486 930 1539 protinus
962 1484 1101 1526 Patris
1134 1486 1180 1526 in
1212 1484 1409 1526 Siciliam.
1474 1485 1564 1539 Sed,

226 1545 261 1586 si
299 1545 380 1586 hoe
422 1545 483 1585 ita
526 1547 607 1598 est,
650 1544 733 1585 hue
774 1544 916 1585 veniat
953 1558 1122 1585 necesse
1160 1547 1234 1585 est.
1296 1543 1359 1585 Ae
1395 1544 1564 1585 mallem

224 1604 350 1659 illim3
395 1604 536 1657 aliquo
576 1603 687 1644 enim
726 1603 852 1643 modo
891 1602 989 1643 hine
1028 1603 1263 1644 evasissem.
1325 1601 1450 1643 Nunc
1481 1617 1564 1643 me-

224 1666 318 1716 tuo,
354 1676 407 1703 ne
448 1663 504 1703 sit
542 1662 871 1715 exspectandum
914 1664 956 1702 et
987 1676 1083 1702 eum
1113 1661 1288 1716 reliquis
1321 1661 1450 1701 etiam
1482 1661 1563 1702 loci

225 1721 412 1776 gravitas
445 1721 545 1762 huie
576 1720 838 1761 miserrimae
870 1720 1125 1774 perferenda.
1584 1736 1617 1762 25

314 1779 434 1828 Quod
465 1794 532 1820 me
564 1793 722 1833 mones,
754 1782 802 1819 ut
834 1793 893 1833 ea,
927 1792 1032 1832 quae
1062 1792 1196 1833 aqam,
1227 1777 1278 1818 ad
1304 1780 1472 1832 tempus
1500 1793 1564 1819 ae-

225 1838 498 1892 eommodem‚
530 1838 723 1891 facerem,
756 1837 793 1878 si
824 1851 889 1877 res
922 1840 1150 1891 pateretur,
1182 1839 1223 1877 et
1255 1836 1292 1876 si
1323 1836 1411 1877 ullo
1437 1836 1562 1878 modo

226 1897 317 1937 fieri
358 1900 513 1951 posset.
576 1895 657 1937 Sed
694 1897 738 1937 in
775 1895 906 1936 tantis
938 1895 1099 1936 nostris
1131 1895 1313 1949 peccatis
1347 1895 1564 1948 tantisque

225 1958 470 1996 nostrorum
507 1955 674 1996 iniuriis
710 1954 820 1995 nihil
852 1957 932 2008 est,
972 1954 1085 2007 quod
1117 1956 1190 1994 aut
1221 1952 1357 1993 faeere
1389 1953 1564 2007 dignum
1626 1992 1629 2013 ,γ

224 2014 349 2054 nobis
377 2017 450 2054 aut
476 2014 676 2055 simulare
701 2013 873 2067 possim.
925 2010 1100 2052 Sullana
1126 2011 1310 2065 confers3
1342 2011 1388 2051 in
1407 2012 1562 2065 quibus
1582 2028 1616 2054 30

226 2073 368 2113 omnia
400 2086 552 2127 genere
577 2072 670 2126 ipso
697 2070 1034 2125 praeclarissima
1059 2071 1243 2124 fuerunt,
1275 2069 1564 2110 moderatione
1628 2083 1629 2087 ¹

224 2131 350 2184 paulo
384 2131 524 2172 minus
556 2133 800 2184 temperata.
863 2129 978 2170 Haec
1009 2131 1151 2169 autem
1184 2128 1272 2169 eius
1303 2128 1420 2168 modi
1452 2130 1563 2182 sunt,
1622 2178 1624 2183 ,

225 2192 272 2228 ut
305 2189 529 2230 obliviscar
560 2190 639 2231 mei
679 2189 898 2242 multoque
929 2187 1093 2242 malim,
1133 2186 1245 2241 quod
1277 2186 1473 2227 omnibus
1507 2187 1562 2227 sit
1618 2192 1625 2238 ᾖ

225 2247 393 2301 melius,
430 2263 554 2300 quam
590 2249 697 2300 quod
725 2248 797 2302 iis,
829 2248 885 2288 ad
921 2260 1101 2300 quorum
1134 2245 1365 2286 utilitatem
1396 2259 1463 2285 me
1495 2245 1562 2285 ad-

225 2304 353 2345 iunxi.
399 2305 463 2347 Tu
499 2307 549 2347 ad
574 2321 641 2347 me
667 2309 810 2347 tamen
836 2305 963 2346 velim
991 2319 1117 2358 quam
1138 2303 1381 2358 saepissime
1403 2303 1561 2344 scribas
1582 2320 1598 2345 3
