1665 2553
305 50 645 86 EPISTULARUM
670 51 735 85 AD
761 51 976 86 ATTICUM
1000 52 1069 86 XII
1094 57 1150 97 40,
1177 57 1233 87 41.
1357 51 1441 94 385

98 149 190 188 111111
221 162 306 188 11011
337 146 485 188 habeo.
544 145 681 188 Simul
714 161 760 188 ac
791 148 1065 202 constituero,
1097 148 1149 188 ad
1180 151 1222 188 10
1249 148 1442 203 scribam,

99 209 140 246 et
171 208 220 246 tu
246 206 298 246 ad
323 220 403 261 me,
434 218 562 260 quam
589 206 661 246 diu
687 206 733 246 in
760 206 1004 247 suburbano
1033 207 1090 247 sis
1116 207 1298 248 futurus.
1349 206 1439 256 Quo

98 264 163 305 die
196 278 272 319 ego
307 264 358 305 ad
389 267 431 305 te
463 264 566 305 haec
591 265 701 319 misi,
732 264 782 306 de
813 264 921 305 Pilia
953 268 994 305 et
1025 265 1171 306 Attica
1202 266 1308 306 mihi
1340 280 1440 319 quo-

99 338 179 377 que
211 323 372 378 eadem,
413 337 520 377 quae
553 323 721 378 scribis,
754 326 795 364 et
828 324 1071 365 scribuntur
1104 326 1145 365 et
1175 325 1438 365 nuntiantur.

717 416 823 458 XLI.

378 485 453 521 Ser.
473 486 632 521 Asturae
663 486 698 521 V
717 487 775 521 Id.
797 487 893 521 Mai.
914 499 946 522 a.
970 489 1042 522 709
1069 490 1158 531 (45).

499 556 691 592 CICERO
716 557 907 592 ATTICO
932 557 1040 592 SAL.

183 616 305 658 Nihil
336 619 436 672 erat,
470 617 582 671 quod
615 617 853 658 scriberem.
911 617 1026 659 Scire
1059 620 1201 659 tamen
1233 617 1437 672 volebam,
1465 629 1482 659 1

96 675 170 715 ubi
207 690 337 731 esses3
381 676 418 716 si
457 676 555 716 abes
590 679 662 716 aut
694 676 890 717 afuturus
923 691 986 729 es,
1024 677 1190 730 quando
1224 677 1438 718 rediturus

44 751 77 775 10
97 748 220 775 esses.
286 733 431 775 Facies
481 734 615 789 igitur
658 735 890 776 certiorem.
959 735 1036 790 Et,
1085 735 1198 789 quod
1240 738 1288 776 tu
1333 736 1438 777 scire

96 793 285 846 volebas,
322 807 400 847 ego
440 793 606 847 quando
646 808 696 834 ex
732 793 811 834 hoc
849 793 960 847 loco,
996 794 1199 847 postridie
1229 793 1330 835 Idus
1362 793 1438 835 La-

95 852 198 892 nuvi
235 852 440 893 constitui
464 866 647 906 manere,
676 852 772 892 inde
797 852 1003 906 postridie
1029 853 1073 893 in
1099 853 1337 894 Tusculano
1364 855 1438 894 aut

96 909 266 951 Romae.
328 910 484 951 Utrum
516 911 597 951 sim
628 911 830 967 facturus,
861 926 909 952 eo
942 912 1034 965 ipso
1068 911 1133 952 die
1166 912 1281 952 scies.

187 968 289 1023 Seis,
327 984 454 1023 quam
492 969 548 1010 sit
586 972 808 1023 φιλαίτιον
850 971 1074 1024 συμφορά,
1115 970 1287 1011 minime
1318 971 1364 1011 in
1394 973 1436 1011 te
1463 982 1482 1011 2
1504 999 1512 1002 -

44 1044 76 1069 15
98 1027 285 1081 quidem,
318 1028 389 1068 sed
420 1031 563 1069 tamen
595 1028 714 1068 avide
746 1042 839 1069 sum
872 1028 1058 1069 adfectus
1092 1029 1142 1070 de
1173 1029 1291 1084 fano,
1324 1029 1437 1083 quod

96 1086 180 1126 nisi
216 1101 303 1127 non
335 1087 426 1127 dico
470 1086 664 1127 effectum
703 1087 802 1141 erit,
840 1087 912 1128 sed
949 1087 1048 1128 fieri·
1073 1088 1218 1129 videro
1252 1086 1434 1142 (audebo

95 1144 177 1185 hoc
207 1145 360 1199 dicere,
397 1147 438 1185 et
468 1147 535 1199 tu,
571 1148 620 1185 ut
659 1145 781 1200 soles,
812 1144 1023 1201 accipies),
1052 1146 1287 1187 incursabit
1318 1147 1363 1187 111
1394 1149 1436 1187 10

96 1203 217 1244 dolor
247 1218 364 1244 meus
394 1218 481 1244 11011
511 1203 601 1244 iure
633 1204 705 1244 ille
737 1204 917 1259 quidem,
950 1205 1022 1245 sed
1053 1207 1196 1246 tamen
1222 1205 1330 1246 feres
1355 1205 1436 1246 hoc

96 1262 254 1316 ipsum,
298 1262 411 1316 quod
453 1262 610 1316 scribo,
653 1265 702 1303 ut
746 1263 886 1303 onmia
928 1277 1022 1304 mea
1064 1263 1149 1304 fers
1194 1278 1240 1304 ac
1284 1264 1434 1305 tulisti.

44 1338 77 1362 ρο
98 1320 253 1361 Omnes
296 1323 392 1362 tuas
436 1320 748 1362 consolationes
789 1336 916 1362 unam
954 1321 1063 1363 hanc
1101 1322 1146 1362 in
1183 1337 1272 1363 rem
1309 1323 1435 1363 velim

97 1379 295 1420 conferas
358 1378 404 1420 Si
443 1380 627 1434 quaeris,
667 1379 767 1434 quid
805 1383 966 1435 optem,
1003 1381 1188 1434 primum
1221 1380 1436 1435 Scapulae,
1461 1392 1481 1422 3

97 1438 244 1478 deinde
277 1436 466 1492 Clodiae,
510 1441 677 1493 postea,
715 1438 751 1479 01
790 1437 918 1479 Silius
957 1439 1094 1493 nolet,
1134 1438 1300 1480 Drusus
1339 1444 1436 1495 aget

95 1496 270 1548 iniuste,
308 1495 457 1537 Cusini
494 1499 535 1537 et
567 1496 760 1537 Treboni.
822 1496 932 1538 Puto
970 1498 1146 1538 tertium
1184 1513 1273 1539 esse
1305 1498 1435 1540 domi-

95 1569 215 1608 num,
252 1554 452 1595 Rebilum
492 1555 623 1595 fuisse
655 1557 769 1596 certo
802 1555 898 1596 scio.
963 1555 1039 1596 Sin
1071 1559 1212 1597 autem
1243 1557 1324 1598 tibi
1354 1557 1435 1598 Tu—

43 1630 76 1655 25
97 1614 315 1655 sculanum
346 1613 494 1667 placet,
525 1616 573 1653 ut
598 1613 849 1667 significasti
875 1614 1129 1667 quibusdam
1153 1615 1323 1669 litteris,
1353 1615 1435 1656 tibi

96 1672 317 1713 adsentiar.
379 1671 474 1712 Hoc
511 1671 680 1725 quidem
714 1672 863 1725 utique
893 1673 1102 1727 perficies,
1140 1673 1176 1714 si
1206 1688 1273 1714 me
1303 1674 1434 1715 levari

98 1731 172 1784 vis,
198 1745 323 1784 quem
347 1730 431 1771 iam
457 1730 585 1771 etiam
611 1730 782 1785 gravius
809 1744 991 1785 accusas,
1023 1746 1149 1784 quam
1174 1732 1336 1785 patitur
1360 1735 1434 1773 tua

97 1789 367 1842 consuetudo,
401 1789 472 1830 sed
503 1789 606 1829 facis
639 1803 804 1829 summo
837 1803 979 1829 amore
1011 1792 1053 1830 et
1084 1790 1220 1830 victus
1252 1790 1433 1832 fortasse

98 1848 203 1889 vitio
243 1862 348 1889 meo.
417 1847 498 1889 Sed
540 1849 701 1902 tamen,
745 1847 780 1887 01
819 1862 885 1888 1110
928 1847 1059 1888 levari
1103 1848 1184 1902 vis,
1226 1848 1329 1890 haec
1369 1853 1433 1890 est

45 1924 80 1948 30
100 1921 264 1947 summa
293 1906 449 1947 levatio
481 1905 559 1959 vel,
591 1906 627 1946 01
658 1920 805 1947 verum
837 1906 942 1947 scire
972 1906 1050 1960 vis,
1080 1920 1173 1947 una.

186 1964 304 2005 Hirti
341 1964 567 2018 epistulam
605 1964 642 2005 01
677 1964 850 2018 legeris,
895 1979 1001 2017 quae
1037 1964 1144 2005 mihi
1175 1965 1296 2018 quasi
1327 1967 1432 2020 πρό·
1458 1977 1480 2007 4

97 2026 272 2076 πλασμα
302 2023 468 2063 videtur
501 2023 589 2063 eius
621 2023 961 2076 vituperationis,
994 2037 1119 2076 quam
1152 2021 1305 2064 Caesar
1336 2025 1433 2065 scri-

98 2081 185 2134 psit
216 2081 265 2121 de
297 2079 470 2134 Catone,
499 2081 628 2122 facies
659 2095 740 2134 me,
772 2081 873 2135 quid
904 2081 985 2121 tibi
1016 2081 1155 2121 visum
1187 2082 1256 2137 sit,
1287 2082 1323 2123 01
1353 2083 1434 2124 tibi

100 2140 180 2180 erit
223 2139 509 2191 commodum,
554 2139 785 2180 certiorem.
852 2138 993 2180 Redeo
1032 2139 1084 2180 ad
1120 2140 1275 2181 fanum.
1336 2140 1433 2182 Nisi

46 2214 79 2240 35
98 2197 178 2238 hac
215 2200 374 2238 aestate
412 2197 656 2238 absolutum
687 2198 786 2251 erit,
828 2212 955 2251 quam
985 2197 1100 2238 vides
1132 2197 1342 2254 integram
1373 2215 1433 2241 re·

101 2258 226 2311 stare,
259 2256 412 2297 scelere
443 2270 510 2296 me
540 2256 768 2297 liberatum
798 2270 886 2297 non
915 2256 1086 2310 putabo.

171 2331 229 2356 Cic.
251 2331 336 2362 epist.
355 2331 394 2356 ΙΙ,
1178 2329 1221 2361 25
