1665 2553
200 85 329 120 CXXII
683 86 963 121 ADNOTATIO
991 86 1177 122 CRITICA

198 184 275 214 tera
306 200 352 205 —
378 183 473 223 puta
500 190 582 213 cum
606 179 631 214 Ι.
652 179 908 214 F1·.(1¹1·0n0v10
938 181 1124 214 ‘correxit'
1157 181 1261 214 Boot.
1293 201 1338 205 —
1369 185 1457 224 4sq.
1484 181 1538 215 Ei

199 248 244 251 —
289 227 437 261 dederas
474 226 582 260 initio
621 226 804 271 epistulae
841 227 941 260 XXX
979 229 1080 271 (suae
1113 230 1193 272 608)
1233 227 1339 272 ponit
1381 227 1536 272 Tyrrell,

200 273 299 316 quod
331 284 403 307 non
437 273 626 318 intellego.
666 295 711 298 —
751 278 769 307 7
805 286 834 308 v.
869 274 1023 308 Schiche
1053 274 1174 308 Herm.
1202 274 1320 307 XVIII
1343 286 1378 318 p.
1395 278 1536 318 598sq.,

200 324 280 363 614,
308 319 475 354 Schmidt
499 332 534 364 p.
557 324 635 354 517.
662 341 705 346 —
734 325 753 354 9
779 321 962 355 Demeam
986 322 1091 365 vett,
1118 321 1309 363 Wesenb,
1335 321 1438 356 Boot.
1484 319 1535 355 Cf.

201 367 248 400 ad
273 379 308 411 p.
324 371 472 401 431.16.
511 388 556 392 ——
595 372 635 401 11
671 368 784 402 biduo
815 368 988 402 Wesenb.
1021 389 1065 393 —-
1099 372 1140 402 16
1167 369 1229 402 Mi
1253 368 1401 407 Rosius,
1426 368 1536 412 vulg,

200 414 355 458 Tyr-rell,
383 415 483 447 Mihi
507 413 692 457 Wesenb,
719 415 822 457 Boot,
850 415 1018 448 Schmidt
1038 415 1101 459 (ad
1118 420 1199 459 p.9.
1216 417 1284 458 19),
1311 426 1379 449 om.
1399 415 1536 458 Baiter,

195 462 411 505 perendiem
431 461 478 495 M.
505 482 551 486 —
582 461 634 495 Ib.
655 473 766 496 erues
785 464 884 505 vett,
910 462 1014 504 Boot,
1042 462 1217 504 Schmidt,
1245 473 1363 496 eruere
1382 462 1431 505 M,
1457 473 1538 497 erue

200 508 337 551 Baiter,
370 507 558 550 Wesenb.,
585 508 738 552 Tyrrell.
765 530 810 534 —
837 513 877 542 21
895 520 948 552 sq.
973 509 1157 553 Olympiae
1183 513 1248 543 aut
1272 510 1334 543 ubi
1360 510 1427 544 erit
1450 510 1539 543 mihi

201 556 316 589 ‘risum
353 554 545 597 VVesenb,
587 555 812 599 Olympicum
851 560 915 590 aut
951 556 1165 590 Lesbiaeum
1200 555 1292 591 coni.
1317 555 1360 590 H.
1376 556 1418 590 A.
1433 555 1537 590 Koch

201 612 322 646 progr.
343 601 441 636 Port.
464 605 553 636 1868
580 614 614 645 p.
637 606 698 644 30,
745 602 951 647 Olympium
987 607 1052 637 aut
1087 604 1277 637 Isthmium
1313 602 1406 637 coni.
1432 603 1537 645 Boot,

204 649 392 693 Olympiae
423 653 487 682 aut
517 650 635 683 ubivis
665 650 825 683 habitam
854 661 919 684 scr.
942 649 1110 683 Schmidt
1134 649 1237 693 (‘Der
1261 649 1535 684 Briefwechsel’

201 708 234 739 p.
257 699 336 738 308,
363 699 430 729 375
445 697 529 738 sq),
569 695 730 739 Tyrrell,
766 697 948 740 repudiat.
977 707 998 730 a
1037 696 1198 731 Gurlitto
1232 696 1381 730 ‘Berlin
1407 697 1536 741 philol.

201 742 516 776 XVochenschrift'
548 745 648 777 1897.
678 746 784 785 1108,
821 743 1007 788 Olympiae
1032 748 1097 778 aut
1121 744 1230 778 Lesbi
1254 744 1415 778 habitum
1438 744 1537 788 Bury

200 789 390 823 Hermath.
413 793 502 822 1885
528 801 562 833 p.
580 793 646 823 275
656 801 720 833 sq.,
747 791 865 833 possis
893 790 1007 824 etiam
1030 790 1215 835 Olympiae
1240 794 1305 825 aut
1329 791 1464 824 alieubi
1482 792 1537 824 in-

201 837 364 870 stitutum.
400 838 468 869 etc.
507 857 551 860 —
590 840 633 870 25
666 849 696 871 v.
719 836 873 870 Schiche
898 837 1020 871 Herm.
1042 837 1161 871 XVIII
1189 849 1224 882 p.
1247 840 1332 880 598,
1371 837 1539 871 Schmidt

200 895 234 926 p.
257 887 340 924 517,
380 882 523 926 Tyn-el]
555 893 609 927 ep.
632 887 718 926 607,
758 896 872 918 mense
905 885 1012 918 fllaio
1043 884 1187 926 Baiter,
1227 884 1306 927 (IV
1328 884 1414 918 Kal.
1434 885 1536 928 Iun.)

200 929 373 963 XVesenb.
401 951 445 954 —
471 934 515 963 32
541 931 682 964 etiamsi
705 935 755 964 est
778 932 944 973 faturum
969 931 1007 964 in
1033 931 1201 975 parenth.
1223 930 1409 973 Wesenh,
1434 931 1537 965 Boot.

200 977 259 1009 Ad
283 989 317 1020 p.
341 980 461 1011 16.14.
540 978 550 1017 Η
626 977 671 1011 Ρ.
693 976 782 1012 418.
805 982 822 1011 1
856 979 977 1022 iyitur.
1014 979 1193 1022 Quoniam
1222 982 1263 1012 et.
1290 979 1383 1020 abes,
1407 978 1538 1013 Dicae-

201 1025 302 1057 archi
320 1023 487 1068 Madvig,
514 1023 705 1066 &Vesele
732 1024 842 1066 Boot,
869 1026 998 1069 ἱρέων,
1024 1026 1195 1068 quoniam
1219 1029 1260 1058 et.
1288 1025 1378 1058 abes.
1405 1025 1536 1059 Dicae-

200 1071 301 1104 archi
326 1070 423 1114 vulg.
444 1081 624 1114 perverse,
651 1073 692 1104 ut
710 1071 802 1104 mihi
822 1071 976 1105 videtur.
1016 1071 1094 1105 Hoc
1115 1071 1224 1104 dicit:
1251 1071 1404 1104 Interim
1423 1082 1536 1114 quon-

200 1117 275 1150 iam
300 1117 464 1150 nondum
491 1117 589 1160 ades,
621 1117 728 1151 mitte
754 1117 880 1161 libros,
908 1118 945 1151 in
973 1118 1106 1161 quibus
1133 1120 1278 1162 tempus
1305 1129 1536 1157 consumam;

200 1165 407 1198 etiamnum
433 1163 563 1206 Orelli,
597 1163 782 1207 VVesenb„
815 1167 922 1199 etiam
947 1176 1045 1199 nuuc
1069 1165 1174 1207 Boot,
1200 1165 1393 1199 etiamdum
1420 1166 1537 1207 codd,

201 1210 297 1254 vulg.
367 1210 522 1253 Dubito,
568 1221 614 1244 an
658 1211 781 1244 nullus
825 1211 1034 1245 inveniatur
1076 1211 1198 1254 locus,
1242 1211 1307 1244 ubi
1344 1213 1537 1246 etiamdum

200 1257 279 1290 sine
315 1257 514 1301 negatione
545 1257 595 1291 sit
626 1258 841 1291 adverbium
872 1259 1058 1302 temporis.
1104 1258 1213 1291 Hand
1245 1258 1347 1292 Turs.
1368 1258 1400 1291 Π
1418 1271 1453 1302 p.
1469 1262 1537 1292 323

199 1304 297 1337 falsa
329 1304 512 1347 quaedam
544 1304 704 1349 collegit.
737 1326 782 1330 —
821 1310 840 1338 2
873 1307 923 1339 mi
956 1307 1105 1349 ‘pravae
1136 1305 1380 1349 geminationi
1412 1305 1536 1339 deberi

200 1351 384 1384 iudicans'
424 1351 518 1385 Boot
555 1352 742 1395 expunxit.
792 1352 851 1385 Ad
876 1365 910 1396 p.
932 1356 1032 1386 9.19.
1065 1373 1109 1376 —
1149 1356 1168 1385 3
1200 1353 1320 1396 Atqui
1351 1351 1536 1394 Wesenb,

199 1398 310 1440 Boot,
347 1397 500 1441 Tyri-ell.
548 1398 659 1431 ‘Nam
684 1399 783 1442 quod
810 1399 1009 1442 sequitur-⁹,
1035 1399 1159 1442 inquit
1182 1399 1290 1441 Boot,
1326 1399 1538 1443 ‘opponitur

201 1445 251 1487 ei,
291 1445 390 1487 quod
429 1444 554 1479 Cicero
599 1446 812 1479 decreverat
855 1457 927 1479 non
973 1446 1122 1479 mittere
1166 1445 1362 1489 epistolam
1405 1445 1534 1480 illam?

201 1490 337 1532 Quidni
369 1492 530 1525 addatur
561 1503 689 1536 causa,
722 1504 786 1526 eur
818 1493 978 1537 epistula
1013 1493 1061 1526 ad
1087 1492 1281 1526 Caesarem
1316 1493 1441 1526 danda
1464 1504 1537 1527 non

201 1538 393 1572 videatur?
430 1539 488 1572 Ad
518 1551 552 1583 p.
575 1543 630 1573 30.
653 1544 682 1573 8.
721 1560 766 1564 —
804 1544 824 1574 5
858 1551 992 1584 semper
1024 1540 1107 1573 add.
1139 1541 1226 1573 ante
1256 1540 1450 1574 suadebam
1480 1540 1536 1574 ed.

200 1585 306 1627 lens,
341 1585 493 1629 Tyrrell.
532 1607 577 1611 —-
616 1590 635 1620 6
667 1600 680 1629 ;
698 1587 768 1629 sin,
792 1591 914 1621 utrum
941 1588 1061 1621 liberet
1085 1587 1227 1628 Bosius,
1253 1585 1439 1628 Wesenb„
1465 1587 1536 1630 epi-

200 1633 317 1674 stula,
354 1637 474 1667 utrum
502 1633 639 1675 liberet,
675 1634 823 1676 faceret:
849 1637 964 1678 'posse
988 1633 1173 1676 Lambin.,
1210 1633 1321 1676 Boot,
1360 1632 1536 1675 Schmidt,

201 1679 361 1723 Tyrrell,
391 1680 509 1722 faeere
530 1684 647 1724 posset
671 1680 718 1714 M.
757 1701 802 1705 »-
842 1684 859 1714 7
876 1692 927 1724 sq.
948 1681 1012 1714 hoc
1042 1702 1087 1705 —
1124 1680 1272 1714 consilio
1303 1679 1341 1713 in
1366 1679 1534 1723 parenth.

201 1725 387 1769 Wesenb.,
414 1738 443 1760 V.
467 1731 509 1760 12
525 1738 577 1770 sq.
605 1728 697 1760 m‘leil
722 1748 767 1752 -—
790 1728 923 1771 possim
950 1728 1063 1761 etiam
1087 1727 1190 1760 Boot.
1235 1726 1294 1760 Ad
1312 1731 1535 1770 111614.-

203 1777 245 1806 19
261 1773 411 1807 Kanum
432 1773 560 1807 Baiter
579 1776 662 1815 tac,
690 1773 875 1816 Wesenb.,
901 1787 935 1818 p.
948 1778 1026 1808 486.
1042 1777 1083 1807 15
1104 1784 1229 1807 omnes
1252 1773 1353 1807 Cani.
1375 1793 1420 1798 —
1440 1777 1483 1806 23
1503 1785 1534 1807 V.

202 1820 356 1853 Schiche
381 1820 504 1854 Herm.
524 1820 641 1854 XVIII
666 1833 700 1864 p.
724 1825 807 1863 614,
842 1821 1009 1855 Schmidt
1033 1833 1067 1864 p.
1090 1823 1176 1863 518,
1209 1819 1352 1863 Tyrrell
1379 1830 1434 1864 ep.
1457 1823 1536 1862 610,

202 1878 316 1901 mense
343 1867 449 1901 Maio
475 1867 612 1911 Baiter,
640 1868 719 1910 (IV
741 1868 789 1902 K.
810 1868 912 1911 Iun.)
940 1867 1112 1901 Wesenb.
1156 1869 1167 1910 ΙΙ
1210 1867 1256 1900 Ρ.
1277 1866 1367 1900 419.
1390 1871 1407 1900 1
1435 1877 1536 1900 roma

202 1918 250 1947 est.
275 1914 323 1947 M.
368 1914 425 1947 Ad
450 1926 484 1958 p.
509 1918 602 1948 1.11.
635 1935 679 1939 -—
718 1914 769 1949 lb.
791 1915 886 1949 Misi
910 1926 998 1957 v.c.,
1025 1914 1070 1947 Zb
1097 1913 1298 1958 (Lehmann
1323 1913 1399 1946 Att.
1415 1925 1449 1957 p.
1466 1916 1535 1957 93),

202 1959 392 2003 Wesenb,
430 1961 540 2003 Boot,
580 1961 762 2003 Schmidt,
795 1963 886 1995 iussi
911 1961 966 2004 M,
998 1961 1141 2003 Baiter,
1177 1959 1336 2003 Tyrrell,
1369 1959 1537 1993 Schmidt

201 2005 333 2040 Philol.
357 2011 445 2041 1896
471 2020 505 2052 p.
529 2012 605 2042 714.
644 2029 689 2033 —
728 2012 747 2041 2
774 2009 959 2051 prooemia
991 2007 1072 2041 edd.
1117 2007 1175 2040 Ad
1200 2019 1234 2050 p.
1258 2010 1399 2040 121.19.
1432 2028 1477 2032 ——
1514 2011 1536 2040 4

201 2053 224 2097 ἵ·
239 2054 374 2087 litteras
393 2054 531 2099 Baiter,
556 2055 652 2088 Boot
675 2054 776 2099 prob.
792 2054 946 2088 Rinkesi
967 2054 1216 2087 coniecturam
1235 2051 1430 2097 διφθέρας,
1457 2054 1537 2088 Eas

201 2101 233 2133 si
265 2100 418 2134 lecturas
448 2113 500 2143 es,
531 2103 608 2136 volo
638 2102 769 2136 habeas
798 2101 841 2134 H.
857 2102 899 2136 A.
914 2101 1017 2134 Koch
1048 2111 1138 2134 mus.
1166 2100 1281 2133 Rhen.
1310 2099 1376 2133 XII
1400 2113 1436 2145 p.
1456 2104 1534 2133 279.

201 2166 246 2170 ——
272 2146 323 2180 Ib.
344 2147 432 2190 †Et
456 2147 645 2191 Wesenb,
678 2149 793 2182 aliae.
824 2147 925 2192 Quod
950 2147 1094 2191 Tyrrell
1118 2146 1238 2190 tacit,
1268 2145 1373 2180 ‘Cum
1399 2146 1535 2181 Orellio

201 2193 251 2235 id,
278 2194 371 2236 quod
396 2193 518 2238 legere
544 2195 682 2238 malim,
709 2205 821 2238 quam
846 2199 877 2228 et
896 2194 1032 2228 delere'
1055 2193 1158 2227 Boot.
1197 2193 1336 2227 Neutro
1357 2205 1447 2238 opus
1469 2195 1533 2227 est.

201 2238 244 2273 V.
267 2240 315 2272 ad
339 2252 372 2283 p.
388 2243 462 2274 109.
479 2245 507 2275 7.
546 2263 591 2266 -
630 2246 649 2275 5
675 2242 868 2276 intelleoeti
892 2241 996 2284 Pius,
1022 2240 1165 2282 Baiter,
1191 2240 1351 2284 Tyrrell,
1375 2240 1538 2275 intellexi

201 2285 249 2319 M.
288 2286 346 2319 Ad
370 2298 405 2330 p.
428 2290 576 2321 386.14.
598 2309 643 2314 -—
664 2292 708 2322 10
723 2300 775 2331 sq.
793 2289 995 2332 potuisset
1019 2308 1064 2312 ——
1089 2291 1201 2321 esset
1223 2286 1368 2329 faetus?
1402 2286 1536 2330 Ursin,
