1665 2553
136 525 154 555 1

185 126 242 167 54
608 125 656 160 M.
683 125 823 159 TULLI
848 125 1095 160 CICERONIS

814 277 885 319 XI.

436 359 510 394 Ser.
538 360 578 393 in
604 359 803 394 Formiano
829 370 872 393 m.
900 359 990 402 Apr.
1018 370 1050 393 α.
1078 361 1149 394 695
1175 362 1265 403 (59).

606 440 772 475 CICERO
798 439 972 474 ATTICO
999 439 1094 474 SAL.

272 513 409 554 Narro
430 513 522 568 tibi,
548 512 673 567 plane
692 512 903 567 relegatus
929 512 1035 553 mihi
1060 513 1215 567 videor,
1241 515 1516 567 posteaquam

181 573 227 614 in
257 572 484 613 Formiano
518 586 621 612 sum.
684 570 785 612 Dies
819 571 930 611 em'm
960 570 1103 612 nullus
1142 574 1249 626 erat,
1284 571 1390 612 Anti
1421 586 1515 613 cum
1554 587 1569 613 5

182 646 329 686 essem,
361 645 443 684 quo
477 630 541 670 die
572 630 659 670 non
689 629 838 670 melius
872 629 1034 683 scirem,
1065 628 1225 671 Romae
1251 630 1352 683 quid
1377 644 1516 685 agere-

182 692 264 745 tur7
297 704 422 743 quam
454 689 497 744 ii,
530 689 602 742 qui
635 690 753 729 erant
784 687 955 729 Romae.
1005 687 1178 729 Etenim
1208 688 1374 729 litterae
1405 691 1516 744 tuae,

181 762 267 789 non
300 748 437 788 solum
471 747 571 800 quid
597 746 770 801 Romae,
803 746 873 787 sed
906 747 1032 787 etiam
1065 747 1165 800 quid
1195 746 1240 788 in
1264 762 1309 788 re
1335 747 1516 802 publica,

180 821 316 861 neque
355 805 492 847 solum
531 805 631 859 quid
667 805 805 860 fieret,
841 820 986 846 verum
1024 805 1151 846 etiam
1190 805 1290 859 quid
1324 806 1515 847 futurum

181 868 291 906 esset
299 900 310 920 >
341 864 594 905 indicabant.
656 862 792 919 Nune,
822 864 907 904 nisi
940 864 976 904 si
1007 864 1109 917 quid
1140 879 1189 905 ex
1221 866 1516 918 praetereunte
1537 881 1569 905 io

180 924 342 964 viatore
386 925 607 976 exceptum
652 925 734 977 est,
778 922 882 963 seire
918 922 1027 963 m‘hil
1064 937 1301 977 possumus.
1369 922 1517 978 Quare,

182 997 439 1036 quamquam
477 982 562 1022 iam
598 984 640 1022 te
672 981 812 1034 ipsum
845 984 1059 1037 exspecto,
1095 983 1239 1023 tamen
1269 981 1343 1022 isti
1374 996 1517 1037 puero,

182 1055 306 1094 quem
350 1041 401 1081 ad
443 1054 508 1080 me
547 1040 695 1080 statim
732 1039 837 1080 iussi
874 1054 1103 1093 recurrere,
1148 1040 1199 1080 da
1236 1040 1516 1094 ponderosam

181 1099 365 1154 aliquam
391 1098 618 1152 epistulam
644 1098 812 1152 plenam
839 1098 1027 1138 omnium
1052 1113 1139 1139 non
1163 1099 1287 1139 modo
1314 1101 1516 1153 actorum,

181 1158 253 1198 sed
285 1157 412 1199 etiam
445 1157 693 1210 opinionum
725 1159 908 1211 tuarum,
939 1171 986 1197 ao
1017 1156 1138 1211 diem,
1174 1171 1257 1210 quo
1289 1156 1426 1197 Roma
1458 1157 1515 1197 sis
1535 1173 1568 1198 15

182 1217 390 1270 exiturus,
427 1230 525 1256 cura
564 1218 611 1256 ut
649 1214 788 1255 seiam.
849 1213 940 1255 Nos
979 1215 1028 1255 in·
1053 1214 1279 1256 Formiano
1319 1230 1409 1256 esse
1446 1229 1515 1256 vo-

180 1275 320 1315 lumus
353 1288 486 1328 usque
518 1273 569 1314 ad
600 1273 704 1327 prid.
737 1271 884 1314 Nonas
917 1272 1061 1314 Maias.
1123 1273 1188 1314 Eo
1228 1274 1264 1314 si
1295 1276 1391 1315 ante
1424 1288 1514 1315 eam

180 1333 289 1373 diem
328 1347 415 1373 non
458 1332 641 1386 veneris,
687 1331 846 1373 Romae
890 1334 931 1372 te
975 1332 1156 1373 fortasse
1199 1331 1368 1387 videbo3
1416 1346 1515 1373 nam

181 1391 390 1445 Arpinum
423 1391 524 1444 quid
555 1404 632 1445 ego
666 1392 707 1432 te
739 1390 943 1431 invitem?

239 1471 446 1527 Τρηχεῖ’,
479 1470 571 1513 ἀλλ’
611 1471 756 1525 ἄγαθη
789 1473 1108 1525 κουροτρόφος,
1148 1470 1237 1512 οὔτ’
1276 1470 1342 1525 ἄρ’
1380 1473 1515 1525 ε’γωγε
1536 1488 1569 1512 20

237 1535 287 1585 ἧς
320 1534 442 1585 γαίης
475 1531 666 1584 δύναμαι
698 1531 1025 1586 γλυκερώτερον
1057 1531 1162 1571 ἄλλο
1196 1531 1258 1571 ἰὸε
1255 1529 1398 1571 ’ἴσθαι

179 1612 293 1654 Haeo
325 1613 467 1668 igitur.
531 1610 655 1666 Cura,
685 1614 734 1652 ut
766 1611 915 1652 valeas.

801 1739 893 1780 XII.

325 1821 398 1856 Ser.
430 1821 562 1856 Tribus
590 1821 764 1855 Tabernis
790 1820 903 1854 XIII
923 1820 971 1854 K.
1000 1820 1093 1854 Mai.
1121 1832 1152 1853 a.
1181 1821 1252 1854 695
1279 1821 1368 1862 (59).
1640 1868 1641 1871 Ἴ

602 1901 769 1937 CICERO
796 1900 968 1936 ATTICO
996 1900 1092 1935 SAL.
1533 1907 1566 1932 25
1638 1911 1639 1915 ¹

268 1974 437 2029 Negent
459 1974 522 2015 illi
534 1974 734 2015 Publium
754 1974 965 2027 plebeium
984 1973 1143 2013 factum
1157 1971 1274 2013 esse?
1300 1971 1394 2013 Hoc
1413 1986 1511 2014 vero

179 2047 357 2087 regnum
396 2036 459 2074 est
498 2035 539 2074 et
576 2033 677 2074 ferri
713 2032 830 2072 nullo
870 2034 992 2085 pac-to
1030 2033 1183 2085 potest.
1245 2030 1430 2071 Emittat
1461 2031 1513 2072 ad

178 2105 244 2131 me
276 2091 472 2145 Publius,
511 2091 583 2145 qui
617 2091 860 2145 obsignent3
898 2089 1045 2130 iurabo
1080 2087 1268 2129 Gnaeum
1304 2092 1512 2144 nostrum,

179 2149 382 2202 collegam
424 2150 569 2205 Balbi,
611 2149 715 2190 Anti
758 2148 863 2189 mihi
905 2161 1097 2188 narrasse
1145 2160 1186 2188 se
1232 2147 1276 2187 in
1325 2147 1510 2201 auspicio

178 2207 319 2248 fuisse.
1532 2223 1565 2248 30
1634 2199 1635 2226 ³

269 2263 302 2304 O
342 2279 489 2306 suaves
528 2265 732 2319 epistulas
769 2267 864 2305 tuas
902 2278 985 2305 uno
1024 2266 1212 2317 tempore
1250 2263 1354 2304 mihi
1392 2264 1510 2304 datas

178 2322 299 2363 duas!
362 2322 522 2370 Quibus
557 2323 785 2377 εὐαγγέλια
819 2336 923 2376 quae
954 2322 1142 2376 reddam,
1172 2322 1330 2376 nescio3
1369 2321 1511 2363 deberi
