1665 2553
243 66 326 108 318
666 65 714 100 M.
742 65 882 99 TULLI
908 63 1156 99 C1CERON1s

242 162 424 203 habetur
454 162 652 215 locuples.
703 159 828 201 Nunc
861 160 919 201 ait
945 174 988 201 se
1014 160 1230 215 daturum3
1261 161 1328 202 cui
1353 175 1583 216 expensum

243 221 404 275 tulerit,
434 220 610 274 morari,
641 219 926 274 †tabella1·ius
960 219 995 259 si
1027 220 1138 273 apud
1169 222 1211 261 te
1243 223 1352 261 esset
1385 235 1488 274 quas
1522 235 1583 262 sa-

244 280 300 320 tis
332 279 520 333 fecisses,
558 279 689 319 dares.
753 277 966 326 Quantum
999 278 1072 332 sit,
1106 278 1217 319 Eros
1247 277 1470 320 Philotimi
1501 279 1582 320 tibi

245 339 364 379 dicet.
428 336 509 379 Sed
541 338 593 378 ad
623 336 785 377 maiora
816 337 1043 377 redeamus.

334 397 454 445 Quod
497 399 637 450 optas,
680 394 924 436 Caelianum
967 395 1073 435 illud
1109 396 1366 437 maturescit.
1433 396 1583 450 Itaque
1620 413 1636 439 ⁵

245 459 458 509 torqueor,
490 458 634 495 utrum
660 457 833 495 ventum
866 457 1112 508 exspectem.
1158 453 1327 496 Vexillo
1361 469 1466 509 opus
1499 458 1582 510 est,

245 514 540 555 convolabunt.
583 512 704 561 Quod
730 513 891 567 suades,
917 516 964 553 ut
990 513 1143 567 palam,
1168 527 1341 566 proi-sus
1369 514 1582 555 adsentior

245 573 388 627 itaque
419 587 485 612 me
516 572 805 626 profecturum
836 574 950 625 puto.
1001 571 1113 612 Tuas
1144 574 1287 612 tamen
1318 572 1490 613 interim
1514 572 1583 613 lit-

245 634 356 672 teras
391 627 598 684 exspecto.
652 630 770 671 Servi
803 630 979 671 consilio
1011 630 1120 671 nihil
1146 631 1375 684 expeditur.
1426 630 1582 672 Omnes

245 691 460 744 captiones
493 690 537 730 in
571 689 685 730 omni
713 689 923 729 sententia
951 692 1185 730 occurrunt.
1238 688 1382 730 Unum
1409 688 1452 731 C.
1473 690 1581 730 Mar—
1602 707 1634 732 10

245 749 395 789 cellum
428 748 608 803 cognovi
633 748 909 803 timidiorem3
942 762 1066 801 quem
1091 748 1307 789 consulem
1332 748 1462 789 fuisse
1487 763 1581 802 pae-

243 808 363 848 nitet.
405 806 459 848 ”¹52
491 811 653 861 πολλῆς
685 807 927 859 ἀγεννειάςῖ
973 807 1044 860 qui
1071 807 1198 847 etiam
1225 806 1462 848 Antonium
1487 821 1582 848 con-

244 867 434 907 firmasse
479 866 649 919 dicitur,
692 868 739 906 ut
779 880 846 905 me
890 865 1129 919 impediret,
1178 880 1260 919 quo
1299 866 1406 921 ipse,
1448 866 1581 920 credo,

200 937 216 952 ⁴³
243 925 475 965 honestius.
526 924 740 965 Antonius
775 927 916 965 autem
947 936 995 964 VI
1026 923 1124 964 Idus
1153 923 1340 978 Capuam
1366 925 1580 978 profectus

246 986 319 1024 est.
381 983 448 1024 Ad
485 998 551 1023 me
588 983 706 1024 misit
745 997 788 1023 se
825 982 984 1036 pudore
1023 983 1270 1023 deterritum
1308 983 1360 1024 ad
1399 998 1465 1024 me
1496 998 1582 1024 non
1601 999 1634 1025 15

244 1042 426 1096 venisse,
466 1042 578 1095 quod
608 1056 675 1082 me
709 1042 790 1082 sibi
823 1056 1062 1082 suscensere
1094 1044 1274 1095 putaret.
1335 1041 1474 1082 Ibitur
1505 1042 1581 1096 igi-

245 1104 315 1141 tur
348 1104 389 1142 et
421 1101 481 1141 ita
514 1101 695 1154 quidem,
727 1103 774 1140 ut
806 1114 961 1154 censes,
992 1100 1075 1140 nisi
1108 1101 1225 1141 cuius
1258 1100 1465 1155 gravioris
1492 1115 1581 1154 per-

246 1173 372 1200 sonae
406 1159 693 1212 suscipiendae
727 1173 821 1211 spes
848 1159 928 1198 erit
961 1161 1058 1198 ante
1092 1159 1244 1199 oblata.
1297 1157 1377 1199 Sed
1403 1159 1474 1199 vix
1501 1159 1580 1199 erit

244 1221 333 1258 tam
377 1218 471 1258 cito.
535 1217 728 1257 Allienus
774 1220 913 1257 autem
958 1219 1128 1270 praetor
1168 1217 1347 1270 putabat
1386 1217 1581 1271 aliquem,

246 1277 281 1317 si
315 1290 392 1330 ego
425 1290 522 1330 11011,
556 1291 605 1316 ex
638 1275 810 1329 collegis
845 1275 943 1315 suis.
1007 1274 1151 1324 Quivis
1186 1275 1294 1330 licet,
1325 1275 1425 1316 dum
1455 1276 1580 1317 modo
1600 1293 1634 1318 20

245 1335 410 1388 aliquis.

332 1393 395 1433 De
434 1407 577 1433 sorore
613 1392 749 1433 laudo.
812 1391 874 1432 De
907 1392 1062 1440 Quinto
1102 1406 1231 1445 puero
1272 1393 1396 1433 datur
1436 1407 1578 1448 opera,

245 1467 366 1506 spero
405 1466 494 1492 esse
532 1451 715 1492 meliora.
779 1450 842 1491 De
875 1449 1031 1498 Quinto
1066 1451 1196 1491 fratre
1229 1451 1334 1491 scito
1367 1466 1463 1492 eum
1493 1465 1579 1492 non

243 1511 510 1551 mediocriter
552 1510 745 1550 labora-re
788 1509 837 1549 de
881 1524 1070 1563 versura,
1114 1509 1184 1550 sed
1229 1509 1362 1550 adhuc
1404 1510 1512 1550 nihil
1555 1525 1579 1550 a

244 1569 288 1610 L.
334 1569 518 1623 Egnatio
571 1568 788 1622 expressit.
858 1566 992 1608 Axius
1043 1568 1091 1608 de
1142 1568 1360 1608 duodecim
1403 1568 1577 1609 milibus
1597 1584 1629 1611 25

245 1628 421 1682 pudens!
474 1626 605 1681 Saepe
639 1627 750 1667 enim
782 1626 832 1667 ad
864 1641 925 1667 mc
957 1626 1146 1680 scripsit,
1185 1629 1232 1667 ut
1265 1625 1416 1681 Gallio,
1449 1641 1578 1680 quan-

244 1690 336 1727 tum
362 1687 398 1727 is
426 1686 562 1739 vellet,
589 1686 740 1726 darem.
786 1684 945 1733 Quodsi
969 1699 1055 1725 non
1082 1685 1331 1739 scripsisset,
1356 1699 1579 1738 possemne

246 1746 396 1786 aliter?
446 1745 504 1785 Et
544 1745 713 1798 quidem
752 1758 874 1797 saepe
913 1758 1005 1784 sum
1038 1743 1271 1797 pollicitus,
1309 1743 1381 1783 sed
1411 1746 1578 1785 tantum

245 1804 380 1845 voluit
411 1804 505 1844 cito.
556 1803 623 1843 Me
654 1817 753 1843 vero
787 1803 1033 1843 adiuvarent
1064 1802 1131 1842 his
1157 1802 1201 1842 in
1227 1802 1446 1856 angustiis.
1498 1800 1579 1843 Sed

246 1864 286 1903 di
318 1863 440 1903 istos!
484 1861 643 1902 Verum
676 1861 788 1901 alias.
852 1860 909 1901 Te
942 1876 965 1901 a
997 1863 1202 1914 quartana
1226 1860 1453 1901 liberatum
1479 1874 1577 1915 gau·
1596 1878 1629 1903 30

246 1922 320 1962 deo
364 1922 550 1974 itemque
593 1920 755 1960 Piliam.
818 1919 930 1973 Ego,
973 1920 1071 1959 dum
1112 1919 1231 1973 panis
1275 1921 1316 1959 et
1359 1922 1496 1965 ceteya
1533 1919 1577 1960 in
1632 1937 1635 1963 ς

244 1995 393 2021 navem
435 1981 655 2033 parantur,
697 1992 870 2018 excurro
914 1978 958 2018 in
1001 1977 1313 2031 Pompeianum.
1375 1976 1576 2018 Vettieno
1629 2009 1635 2029 ζ

247 2039 370 2079 velim
403 2038 574 2092 gratiaS,
608 2037 719 2091 quod
752 2036 966 2076 studiosus
1000 2037 1075 2089 sit3
1108 2036 1143 2076 si
1177 2050 1429 2089 quemquam
1454 2050 1576 2076 nanc-

245 2100 314 2137 tus
341 2097 436 2151 eris,
462 2097 534 2150 qui
560 2096 755 2150 perferat,
774 2095 939 2135 litteras
966 2095 1048 2148 des,
1069 2096 1294 2147 antequam
1315 2093 1575 2135 discedimus.

1622 2146 1633 2364 *W—›a-‹*
