1665 2553
151 1322 168 1352 1

444 646 521 699 M.
554 627 807 700 TULLI
841 645 1289 699 CICERONIS

373 763 881 812 EPISTULARUM
918 762 1009 810 AD
1050 762 1368 810 ATTICUM

664 877 839 919 LIBER
871 876 1079 919 NONUS.

853 1075 884 1118 I.

367 1158 441 1194 Ser.
462 1159 503 1193 in
531 1157 731 1193 Formiano
751 1158 849 1202 prid.
872 1157 968 1192 Non.
992 1157 1106 1191 Mart.
1128 1169 1160 1191 α.
1184 1160 1255 1192 705
1282 1159 1372 1201 (49).
1575 1163 1590 1188 5

623 1238 790 1273 CICERO
818 1238 990 1272 ATTICO
1018 1238 1115 1273 SAL.

285 1311 395 1365 Etsi,
439 1326 534 1352 cum
577 1313 626 1352 tu
668 1310 745 1351 has
783 1310 948 1350 litteras
986 1310 1166 1364 legeres,
1207 1310 1411 1363 putabam
1447 1310 1537 1350 fore

197 1373 245 1412 ut
284 1370 434 1411 scirem
471 1371 574 1423 iam,
608 1369 709 1423 quid
746 1368 947 1409 Brundisi
984 1371 1125 1408 actum
1162 1371 1270 1409 esset
1308 1366 1424 1424 (nam
1462 1367 1537 1409 Ca-

197 1429 322 1470 nusio
366 1440 467 1469 VIIII
504 1428 597 1468 Kal.
636 1428 850 1481 profectus
895 1430 985 1467 erat
1023 1425 1208 1481 Gnaeus3
1251 1427 1353 1467 haec
1396 1429 1537 1467 autem

199 1487 435 1528 scribebam
471 1486 605 1540 pridie
636 1485 783 1527 Nonas
820 1497 921 1526 XIIII
952 1485 1017 1525 die
1049 1488 1164 1539 post,
1202 1500 1328 1539 quam
1358 1485 1430 1525 ille
1462 1484 1537 1526 Ca-
1556 1502 1590 1526 10

197 1546 321 1586 nusio
362 1548 591 1599 moverat),
631 1547 775 1585 tamen
812 1544 997 1598 angebar
1035 1544 1299 1598 singularum
1336 1544 1537 1584 horarum

199 1604 512 1658 exspectatione
537 1603 806 1656 mirabarque
831 1602 940 1643 nihil
966 1602 1142 1643 allatum
1168 1617 1258 1643 esse
1282 1617 1334 1642 ne
1353 1602 1536 1642 rumoris

199 1663 385 1717 quidem3
416 1677 515 1703 nam
547 1664 636 1702 erat
666 1662 821 1702 mirum
848 1661 1075 1701 silentium.
1127 1659 1207 1701 Sed
1232 1660 1332 1701 haec
1356 1661 1536 1701 fortasse

196 1722 471 1763 κενόσπουὸα
498 1723 609 1775 sunt,
644 1735 750 1774 quae
775 1723 917 1760 tamen
940 1719 1025 1760 iam
1051 1719 1238 1760 sciantur
1262 1733 1428 1759 necesse
1454 1721 1536 1772 est,

199 1780 303 1820 illud
343 1780 587 1834 molestum,
624 1793 690 1819 1116
727 1778 862 1819 adhuc
893 1777 1148 1831 investigare
1178 1791 1265 1818 non
1294 1791 1431 1832 posse,
1462 1777 1535 1818 ubi
1555 1793 1589 1819 15

198 1838 241 1880 P.
268 1838 474 1879 Lentulus
506 1840 651 1878 noster
683 1837 758 1891 sit,
795 1837 868 1876 ubi
900 1835 1128 1877 Domitius.
1191 1834 1352 1883 Quaero
1385 1837 1541 1889 autem,

199 1911 282 1950 quo
315 1897 481 1937 facilius
515 1896 620 1936 scire
651 1896 828 1949 possim,
869 1894 970 1948 quid
1002 1894 1137 1934 acturi
1169 1893 1267 1948 sint,
1297 1893 1454 1934 iturine
1486 1894 1537 1934 ad

197 1955 447 2008 Pompeium
479 1957 532 2007 et,
565 1954 601 1994 si
633 1956 744 2007 sunt,
777 1968 858 2006 qua
891 1952 1110 2006 quandove
1140 1952 1243 1992 ituri
1275 1952 1370 1993 sint.

290 2012 446 2054 Urbem
472 2013 640 2066 quidem
666 2012 750 2052 iam
776 2012 975 2052 refertam
1001 2025 1090 2052 esse
1111 2009 1381 2063 optimatium
1399 2010 1536 2063 audio,

200 2070 370 2112 Sosium
408 2074 449 2112 et
481 2070 666 2124 Lupum,
704 2084 811 2124 quos
844 2068 1012 2110 Gnaeus
1048 2071 1194 2109 noster
1231 2071 1327 2109 ante
1358 2068 1535 2122 putabat
1556 2085 1590 2109 20

198 2130 474 2170 Brundisium
511 2132 712 2170 venturos
744 2142 834 2169 esse
866 2142 993 2181 quam
1024 2141 1086 2181 se,
1122 2127 1188 2167 ius
1219 2126 1365 2169 dicere.
1426 2126 1537 2167 Hinc

199 2202 297 2228 vero
336 2188 464 2242 vulgo
502 2187 677 2241 vadunt3
722 2186 849 2227 etiam
881 2185 946 2226 M’.
974 2184 1177 2239 Lepidus,
1215 2199 1396 2238 quocum
1427 2185 1537 2225 diem

153 2257 172 2286 3
200 2248 413 2286 conterere
446 2246 645 2301 solebam,
676 2259 767 2286 cras
799 2244 1025 2298 cogitabat.
1075 2242 1166 2284 Nos
1198 2245 1339 2284 autem
1368 2243 1413 2283 in
1438 2242 1537 2283 For-

199 2304 340 2344 miano
371 2304 652 2359 morabamur,
684 2317 767 2357 quo
800 2303 924 2344 eitius
957 2301 1212 2357 audiremus,
1244 2301 1390 2342 deinde
1416 2300 1538 2355 Arpi-
