1665 2553
160 81 209 116 M.
236 79 376 114 TULLI
402 78 651 114 CICERONIS
676 78 821 113 EPIST.
848 78 912 112 AD
938 78 1153 113 ATTICUM
1179 78 1229 112 IV
1257 83 1286 113 1.
1362 79 1440 120 101

193 176 284 219 Nos
317 176 467 229 adhuc,
498 176 544 216 in
575 177 723 216 nostro
756 177 873 216 statu
905 175 1017 228 quod
1049 174 1298 216 difficillime
1329 189 1443 216 recu·
1470 186 1490 216 3

105 235 243 290 perari
264 249 385 289 posse
405 235 602 275 arbitrati
621 248 777 288 sumus,
809 233 1075 288 splendorem
1099 236 1296 275 nostrum
1322 234 1445 275 illum

104 295 316 336 forensem
342 296 383 334 et
407 293 453 334 in
479 296 627 334 senatu
653 293 949 334 auctoritatem
969 295 1010 333 et
1036 292 1146 346 apud
1166 292 1281 334 viros
1307 293 1443 334 bonos

106 353 287 409 gratiam
314 352 463 407 magis,
495 367 622 406 quam
648 354 857 407 optamus,
888 351 1103 393 consecuti
1130 366 1293 406 sumus,
1325 351 1370 392 in
1400 366 1445 392 re

71 428 86 454 5
107 415 248 454 autem
278 411 495 466 familiari,
537 425 642 465 quae
684 426 809 465 quem
840 410 891 451 ad
921 410 1094 451 modum
1132 410 1285 465 fracta,
1325 410 1445 451 dissi-

104 474 216 526 pata,
241 470 405 524 direpta
431 470 499 524 sit,
523 484 609 510 non
635 469 818 524 ignoras,
843 469 962 511 valde
989 469 1232 510 laboramus
1259 472 1445 510 tuarum-

107 545 187 584 que
217 544 304 570 non
335 532 423 570 tam
453 529 715 581 facultatum,
748 543 850 582 quas
879 542 955 583 ego
982 531 1150 569 nostras
1177 543 1268 569 esse
1294 528 1446 583 iudico,

106 603 233 643 quam
263 588 538 629 consiliorum
570 587 621 627 ad
653 587 908 642 colligendas
935 590 976 629 et
1003 587 1320 628 constituendas
1352 587 1446 628 reli-

107 647 226 701 quias
259 650 428 687 nostras
461 646 709 701 indigemus.

52 722 86 746 10
194 704 335 761 Nunc,
373 705 452 746 etsi
491 705 632 746 omnia
663 707 736 745 aut
768 704 924 758 scripta
963 719 1053 746 esse
1085 719 1108 745 a
1139 705 1226 745 tuis
1260 705 1445 746 arbitror
1472 713 1493 743 4

106 767 179 806 aut
206 764 335 805 etiam
359 764 522 805 nuntiis
549 778 596 804 ac
620 778 788 804 rumore
812 763 988 817 perlata,
1020 766 1162 804 tamen
1189 778 1236 804 ea
1263 764 1446 805 scribam

105 823 241 876 brevi,
279 837 384 876 quae
416 825 458 863 te
489 825 594 876 puto
626 822 895 876 potissimum
927 837 977 863 ex
1008 822 1112 863 meis
1150 822 1307 863 litteris
1339 822 1447 863 velle

106 896 368 936 cognoscere.
430 881 495 922 Pr.
529 880 675 922 Nonas
718 880 898 922 Sextiles
938 880 1175 935 Dyrrachio
1219 896 1312 922 sum
1352 895 1447 935 pro-

106 941 241 981 fectus
273 940 365 994 ipso
398 940 472 981 illo
506 940 583 993 die,
617 954 699 993 quo
731 940 800 981 lex
832 942 896 980 est
926 940 1013 980 lata
1046 940 1094 980 de
1126 940 1261 981 nobis.
1314 939 1447 980 Brun-

54 1014 86 1039 15
107 999 261 1039 disium
291 999 387 1040 veni
419 997 556 1039 Nonis
591 997 835 1039 Sextilibus.
897 997 963 1039 Ibi
1002 998 1107 1038 mihi
1139 998 1323 1040 Tulliola
1355 1013 1447 1040 mea
1486 1006 1494 1009 ’

105 1058 187 1099 fuit
218 1060 386 1112 praesto
418 1057 550 1097 natali
577 1071 653 1098 suo
685 1057 778 1110 ipso
811 1056 888 1110 die,
921 1057 994 1111 qui
1020 1071 1119 1098 casu
1150 1057 1261 1098 idem
1291 1057 1446 1098 natalis

106 1119 195 1157 erat
237 1119 277 1157 et
308 1115 589 1156 Brundisinae
629 1116 817 1156 coloniae
859 1119 900 1156 et
938 1119 1035 1157 tuae
1073 1115 1236 1156 vicinae
1269 1114 1447 1170 Salutis,

107 1189 213 1229 quae
244 1189 310 1216 res
343 1174 634 1215 animadversa
665 1189 691 1216 α
721 1174 995 1215 multitudine
1033 1189 1197 1215 summa
1228 1174 1447 1215 Brundisi-

105 1248 258 1274 norum
290 1233 575 1288 gratulatione
613 1233 824 1274 celebrata
856 1236 930 1274 est.
993 1232 1105 1274 Ante
1139 1233 1249 1274 diem
1274 1245 1322 1273 VI
1347 1232 1446 1273 Idus

54 1307 87 1331 20
108 1291 288 1333 Sextiles
320 1292 512 1346 cognovi,
545 1306 673 1346 quom
704 1291 905 1332 Brundisi
938 1306 1084 1347 essem,
1116 1291 1272 1332 litteris
1300 1291 1447 1340 Quinti

105 1350 284 1391 mirifico
319 1350 457 1391 studio
492 1350 681 1391 omnium
714 1353 900 1391 aetatum
926 1353 1052 1404 atque
1079 1350 1285 1403 ordinum,
1317 1351 1447 1391 incre-

106 1409 227 1449 dibili
259 1423 464 1449 concursu
495 1408 643 1450 Italiae
682 1409 820 1464 legem
852 1409 1037 1450 comitiis
1076 1409 1323 1450 centuriatis
1357 1423 1447 1450 esse

107 1467 323 1521 perlatam.
393 1466 496 1508 Inde
543 1482 566 1508 a
605 1467 873 1508 Brundisinis
919 1467 1234 1509 honestissimis
1283 1468 1448 1509 decretis

108 1528 282 1567 ornatus
314 1526 395 1566 iter
425 1526 486 1566 ita
517 1526 613 1579 feci,
650 1529 698 1567 ut
735 1527 920 1580 undique
951 1527 1003 1567 ad
1039 1541 1106 1567 me
1137 1541 1232 1567 cum
1264 1526 1448 1581 gratula-

56 1599 87 1625 25
108 1584 223 1626 tione
254 1584 385 1639 legati
417 1584 699 1625 convenerint.
750 1584 817 1625 Ad
843 1585 994 1626 urbem
1025 1585 1086 1626 ita
1111 1585 1219 1639 veni,
1250 1587 1299 1625 ut
1323 1599 1446 1626 nemo
1475 1592 1494 1623 5

106 1643 236 1684 ulh'us
281 1643 440 1684 ordinis
481 1643 608 1684 homo
652 1643 959 1685 nomenclatori
1007 1646 1135 1684 notus
1178 1643 1324 1697 fuerit,
1376 1643 1448 1696 qui

106 1702 212 1742 mihi
245 1702 414 1742 obviam
444 1716 531 1742 non
558 1702 731 1755 venerit,
763 1704 930 1756 praeter
957 1716 1027 1742 eos
1054 1701 1259 1755 inimicos,
1293 1701 1447 1755 quibus

108 1760 151 1801 id
182 1761 335 1816 ipsum,
367 1775 409 1801 se
440 1760 635 1801 inimicos
668 1775 771 1815 esse,
801 1775 888 1801 non
912 1759 1057 1801 liceret
1083 1762 1155 1800 aut
1182 1759 1449 1800 dissimulare

110 1822 182 1859 aut
212 1833 377 1873 negare.
442 1817 548 1859 Cum
580 1818 790 1859 venissem
823 1818 873 1859 ad
905 1821 1074 1871 portam
1101 1817 1325 1871 Capenam,
1357 1831 1449 1872 gra-

57 1891 91 1917 30
110 1877 187 1917 dus
218 1877 474 1931 templorum
500 1877 552 1917 ab
585 1877 730 1917 infimo
757 1877 880 1930 plebe
907 1876 1106 1930 completi
1132 1878 1262 1917 erant.
1306 1875 1346 1916 A
1367 1890 1450 1929 qua

109 1935 261 1988 plausu
290 1936 474 1977 maximo
513 1950 608 1976 cum
646 1938 756 1976 esset
792 1935 898 1975 miln'
937 1934 1168 1989 gratulatio
1202 1934 1452 1990 significata,

112 1993 261 2034 similis
294 1997 334 2034 et
366 1994 605 2048 frequentia
637 1997 678 2035 et
709 1993 882 2047 plausus
920 2008 986 2034 me
1024 2007 1158 2046 usque
1197 1992 1249 2033 ad
1281 1991 1451 2046 Capito-

110 2050 216 2091 lium
236 2052 475 2107 celebravit,
506 2053 552 2093 in
570 2053 747 2106 foroque
775 2055 814 2093 et
841 2052 885 2092 in
904 2052 998 2106 ipso
1019 2050 1233 2105 Capitolio
1259 2051 1451 2092 miranda

111 2109 340 2151 multitudo
371 2111 465 2152 fuit.

58 2183 91 2209 35
198 2167 407 2209 Postridie
447 2170 492 2210 in
533 2172 701 2225 senatu,
743 2169 815 2222 qui
855 2168 937 2209 fuit
978 2168 1065 2209 dies
1097 2166 1319 2208 Nonarum
1353 2167 1450 2221 Sep-

110 2226 277 2279 tembr,
315 2227 480 2268 senatui
518 2228 676 2282 gratias
709 2227 884 2282 egimus.
946 2226 1011 2267 Eo
1050 2226 1178 2267 biduo
1213 2240 1307 2267 cum
1340 2228 1449 2267 esset
1477 2235 1496 2266 6

112 2299 300 2326 annonae
327 2299 489 2326 summa
515 2286 679 2341 caritas,
712 2288 752 2327 et
773 2285 966 2327 homines
988 2285 1038 2325 ad
1064 2284 1279 2326 theatrum
1300 2285 1450 2338 primo,
