1665 2553
196 65 223 106 2
617 61 665 96 Μ.
692 60 833 95 TULLI
858 58 1106 95 CICERONIS

198 158 400 214 Catilina,
437 158 473 199 si
502 157 734 198 iudicatum
764 156 844 197 erit
874 155 1045 196 meridie
1075 168 1163 195 non
1197 153 1354 208 lucere,
1389 155 1528 194 certus

199 218 279 260 erit
311 217 572 270 competitor.
627 215 691 256 De
721 214 891 256 Aufidio
925 216 966 254 et
998 213 1047 254 de
1077 212 1274 253 Palicano
1304 226 1392 253 non
1421 213 1526 265 puto

152 288 172 319 2
197 279 241 318 te
272 278 513 330 exspectare
544 274 643 315 dum
675 273 865 315 scribam.
926 271 990 312 De
1020 272 1091 326 113,
1122 271 1195 325 qui
1223 284 1335 311 nunc
1364 272 1529 325 petunt,

201 334 353 377 Caesar
390 336 528 375 certus
565 335 751 386 putatur.
812 331 1019 372 Thermus
1056 343 1151 370 011111
1183 328 1326 370 Silano
1361 330 1528 369 conten-

200 394 295 434 dere
322 392 606 446 existimatur,
633 391 705 445 qui
738 390 797 431 sic
825 389 972 442 inopes
1005 390 1046 429 et
1072 388 1124 429 ab
1151 387 1294 429 amicis
1321 390 1362 428 et
1388 387 1528 427 existi-
1565 401 1584 428 5

198 452 385 493 matione
429 453 546 504 sunt,
588 452 635 490 ut
678 449 785 489 mihi
823 448 1015 488 videatur
1049 460 1138 487 non
1176 461 1266 487 esse
1309 445 1529 487 ἀδύνατον

201 509 377 552 Curium
403 509 616 550 obducere.
668 506 748 548 Sed
770 506 852 547 hoc
876 508 1041 559 praeter
1068 519 1135 546 me
1163 505 1323 546 nemini
1353 503 1528 544 videtur.

200 567 372 610 Nostris
398 567 636 608 rationibus
661 565 841 607 maxime
867 564 1093 605 conducere
1117 563 1283 604 videtur
1302 562 1531 603 Thermum

200 627 292 668 fieri
329 641 423 667 011111
461 624 648 666 Caesare.
708 622 844 665 Nemo
886 625 950 663 est
987 622 1099 663 enim
1129 635 1179 662 ex
1207 622 1280 676 iis,
1317 621 1389 675 qui
1418 634 1531 661 nunc

201 687 371 739 petunt,
412 684 485 738 qui
528 683 564 725 si
605 683 651 724 in
692 684 886 723 nostrum
924 695 1078 722 annum
1117 679 1328 735 reciderit,
1369 679 1530 720 firmior
1549 695 1585 719 10

203 743 448 784 candidatus
484 742 574 783 fore
610 741 820 794 videatur,
854 742 1078 794 propterea
1115 738 1226 792 quod
1262 740 1430 779 curator
1467 739 1531 778 est

204 800 296 841 viae
326 798 568 840 Flaminiae.
631 796 744 846 Quae
782 811 876 837 cum
914 795 993 836 erit
1030 795 1242 849 absoluta,
1279 807 1377 834 sane
1413 793 1535 834 facile

204 872 299 899 eum
332 871 379 898 ac
406 858 586 898 libenter
616 855 845 909 municipia
877 854 1090 895 consulem
1121 852 1365 906 acceperint.
1425 850 1536 892 Peti-

203 916 348 955 torum
389 912 491 954 haec
535 915 598 954 est
641 913 774 954 adhuc
814 913 1042 953 informata
1082 912 1294 966 cogitatio.
1361 909 1453 952 Nos
1489 911 1536 952 in

207 972 321 1013 0111111
357 986 529 1012 1111111010
567 971 851 1012 candidatorio
886 970 1098 1025 fungendo
1131 984 1337 1011 summam
1368 969 1535 1010 adhibe·
1553 984 1588 1011 15

204 1030 345 1071 bimus
395 1030 660 1084 diligentiam
708 1032 749 1070 et
797 1029 995 1084 fortasse,
1044 1029 1243 1082 quoniam
1283 1028 1449 1069 videtur
1490 1028 1536 1068 in

207 1088 419 1142 suffragiis
450 1088 633 1128 multum
664 1102 788 1141 posse
821 1086 971 1142 Gallia,
1001 1101 1095 1128 cum
1124 1086 1284 1127 Romae
1316 1101 1339 1126 a
1369 1086 1534 1127 iudiciis

205 1147 346 1187 forum
382 1146 614 1200 refrixerit,
651 1160 916 1186 excurremus
952 1159 1094 1186 mense
1132 1143 1370 1198 Septembri
1405 1144 1536 1199 legati

207 1205 259 1245 ad
283 1204 493 1259 Pisonem,
522 1206 571 1244 ut
601 1203 798 1245 Ianuario
830 1206 1098 1245 revertamur.
1149 1201 1256 1244 Cum
1283 1216 1534 1256 perspexero

178 1263 447 1304 -voluntates
496 1262 722 1317 nobilium,
769 1262 949 1303 scribam
998 1262 1049 1302 ad
1096 1264 1147 1302 te.
1222 1259 1370 1302 Cetera
1413 1275 1534 1315 spero
1555 1277 1590 1302 20

206 1321 372 1375 prolixa
421 1335 511 1362 esse
558 1320 626 1361 1113
683 1321 902 1361 dumtaxat
950 1319 1124 1362 urbanis
1174 1319 1535 1373 competitoribus.

206 1379 329 1421 Illam
356 1394 528 1420 manum
558 1382 607 1420 tu
637 1379 743 1419 1111111
774 1393 872 1420 01110
904 1381 951 1419 ut
982 1381 1182 1433 praestes,
1214 1378 1413 1432 quoniam
1443 1392 1537 1432 pro-

206 1439 302 1493 pius
335 1438 446 1493 abes,
476 1437 669 1493 Pompei,
706 1438 845 1478 nostri
876 1438 1008 1478 amici.
1065 1435 1185 1491 Nega
1215 1451 1282 1478 me
1313 1437 1351 1477 ei
1381 1436 1538 1477 iratum

206 1497 315 1552 fore,
364 1496 400 1537 si
444 1496 495 1537 ad
531 1511 623 1537 mea
666 1496 836 1537 comitia
877 1510 965 1537 non
1005 1496 1178 1537 venerit.
1251 1494 1393 1549 Atque
1435 1494 1537 1536 haec

206 1555 332 1596 huius
364 1555 478 1595 modi
510 1557 618 1596 sunt.
767 1556 769 1559 ’
1556 1568 1590 1594 25

297 1612 378 1655 Sed
409 1616 490 1667 est,
523 1613 634 1667 quod
666 1613 740 1654 abs
772 1616 814 1654 te
845 1613 951 1654 mihi
981 1613 1145 1668 ignosci
1175 1611 1388 1666 pervelim.
1439 1610 1538 1653 Cae-

208 1672 341 1726 cilius,
374 1672 603 1713 avunculus
635 1674 745 1725 tuus,
779 1687 802 1712 a
825 1671 869 1712 P.
896 1671 1026 1712 Vario
1059 1685 1153 1712 011111
1184 1684 1337 1725 magna
1361 1670 1538 1724 pecunia

206 1731 489 1785 fraudaretur,
528 1744 649 1785 agere
687 1730 826 1784 coepit
862 1745 956 1771 cum
994 1730 1081 1770 eius
1116 1730 1246 1770 fratre
1276 1727 1326 1769 A.
1360 1727 1536 1769 Caninio

209 1788 362 1843 Satyro
401 1789 450 1830 de
487 1789 539 1829 iis
577 1789 721 1843 rebus,
765 1803 868 1843 quas
909 1803 1005 1829 eum
1041 1788 1136 1829 dolo
1180 1787 1291 1828 malo
1327 1786 1536 1840 mancipio

208 1848 415 1902 accepisse
447 1847 496 1888 de
527 1846 657 1888 Vario
690 1847 854 1888 diceret.
913 1846 1008 1888 Una
1039 1846 1221 1901 agebant
1253 1845 1379 1886 ceteri
1410 1845 1536 1885 credi-
1557 1861 1591 1886 30

207 1908 339 1961 tores,
375 1906 422 1946 in
459 1906 613 1960 quibus
650 1908 738 1946 erat
770 1906 817 1946 L.
849 1905 1048 1946 Lucullus
1085 1907 1126 1946 et
1156 1903 1200 1945 P.
1233 1902 1372 1956 Scipio
1406 1906 1464 1958 et,
1499 1903 1536 1944 is

209 1978 333 2017 quem
369 1965 578 2018 putabant
607 1964 860 2018 magistrum
889 1964 997 2018 fore,
1039 1963 1075 2004 si
1105 1963 1216 2003 bona
1246 1961 1456 2016 venirent,
1491 1960 1536 2002 L.

206 2021 396 2063 Pontius.
440 2022 601 2064 Verum
624 2022 706 2064 1100
729 2022 953 2063 ridiculum
979 2024 1043 2063 est
1069 2021 1118 2062 de
1147 2020 1364 2074 magistro
1413 2018 1538 2061 Nunc

209 2093 412 2134 cognosce
461 2096 561 2122 rem.
635 2080 819 2136 Rogavit
866 2095 932 2120 me
976 2078 1198 2133 Caecilius,
1254 2081 1302 2119 ut
1351 2078 1538 2120 adessem

209 2141 355 2178 contra
387 2137 596 2192 Satyrum.
658 2139 758 2180 Dies
790 2139 875 2179 fere
904 2138 1046 2178 nullus
1078 2140 1154 2193 est,
1187 2137 1289 2190 quin
1317 2136 1386 2178 hic
1418 2136 1537 2190 Saty·
1556 2151 1590 2178 35

207 2210 280 2236 rus
331 2196 501 2238 domum
549 2212 685 2238 meam
728 2197 923 2250 ventitet3
973 2196 1168 2237 observat
1210 2194 1255 2235 L.
1299 2194 1536 2236 Domitium

207 2254 406 2310 maxime,
436 2270 503 2297 me
532 2255 663 2297 habet
692 2256 948 2310 proximum3
985 2254 1067 2295 fuit
1099 2256 1140 2295 et
1171 2253 1276 2294 mihi
1307 2256 1348 2295 et
1380 2253 1535 2302 Quinto
