1665 2553
317 72 658 108 EPISTULARUM
683 73 748 107 AD
774 72 991 108 ATTICUM
1016 74 1066 108 111
1094 78 1243 109 17-19,
1391 75 1443 116 91

103 171 293 210 versatae
327 171 425 210 sunt
457 167 650 210 Caesaris
681 169 862 224 litterae,
894 184 948 211 an
980 172 1043 211 est
1073 170 1235 225 aliquid
1266 170 1312 211 in
1344 171 1445 224 spe‘?

102 227 249 268 Etiam
297 227 403 269 illud
452 227 680 282 scripseras
731 228 908 269 eundem
956 228 1208 270 ‘seeundum
1258 229 1445 271 comitia'

103 286 270 327 dixisse.
320 287 349 340 †
368 285 462 341 Fac,
496 286 531 327 si
556 286 683 340 vides,
716 287 886 341 quantis
913 287 959 329 in
982 287 1106 329 malis
1132 288 1303 343 iaceam,
1334 291 1376 329 et
1408 288 1444 330 si

102 347 228 399 putas
271 359 360 386 esse
403 344 683 387 humanitatis
727 349 844 401 tuae,
886 360 954 387 me
997 346 1063 387 fac
1104 346 1153 387 de
1190 349 1283 388 tota
1321 361 1446 388 causa

67 406 249 446 snostra
285 403 518 445 certiorem.
580 403 692 445 Nam
729 403 912 453 Quintus
949 405 1098 461 frater,
1133 405 1260 447 homo
1299 405 1444 460 11111115,

104 462 177 516 qui
201 477 267 503 me
298 465 387 504 tam
417 463 538 504 valde
572 465 702 517 amat,
741 464 881 505 omnia
911 463 1049 505 mittit
1083 464 1173 518 spei
1204 464 1330 518 plena
1360 479 1446 506 me-

102 524 237 575 tuens,
269 521 403 577 credo,
435 521 711 562 defectionem
743 522 873 564 animi
904 523 1005 577 mei3
1037 525 1136 564 tuae
1163 526 1305 564 autem
1329 523 1444 564 litte—

102 594 172 620 rae
217 583 315 621 sunt
357 580 515 635 variae3
558 594 695 635 neque
739 581 850 622 enim
892 596 959 622 me
1002 581 1222 635 desperare
1263 582 1327 623 vis
1369 596 1445 622 nec

102 640 258 680 temere
291 653 469 693 sperare.
530 638 625 693 Fac,
658 639 830 681 obsecro
863 643 918 695 te,
949 643 998 681 ut
1030 640 1184 696 omnia,
1217 655 1323 695 quae
1355 654 1445 695 per-

49 714 82 738 10
103 697 207 751 spici
240 712 263 738 a
293 700 336 738 te
367 700 559 751 possunt,
592 697 783 739 sciamus.

717 814 829 855 XIX.

295 893 369 929 Ser.
401 895 671 930 Thessalonicae
697 895 802 929 XVI
822 895 870 930 K.
901 895 972 930 Oct.
1000 907 1033 930 α.
1062 898 1135 930 696
1161 898 1254 940 (58).

525 975 692 1011 CICERO
719 976 892 1012 ATTICO
920 977 1017 1012 SAL.

191 1047 336 1097 Quoad
367 1048 458 1089 eius
489 1048 605 1090 modi
641 1048 746 1089 mihi
783 1049 951 1090 litterae
984 1064 1007 1090 a
1039 1049 1161 1090 vobis
1201 1050 1442 1091 adfereban-

48 1124 81 1149 15
101 1110 183 1160 tur,
214 1109 263 1147 ut
295 1106 455 1161 aliquid
486 1121 536 1147 ex
568 1107 620 1148 iis
653 1109 763 1148 esset
789 1108 1127 1162 exspectandum,
1162 1123 1234 1162 spe
1262 1111 1303 1150 et
1329 1109 1443 1162 cupi-

100 1166 232 1206 ditate
263 1165 585 1207 Thessalonicae
616 1168 806 1207 letentus
839 1180 949 1220 sum3
987 1169 1266 1221 posteaquam
1304 1167 1442 1208 omnis

101 1224 210 1265 actio
246 1223 373 1265 huius
412 1224 511 1265 anni
549 1224 738 1265 confecta
774 1224 900 1266 nobis
938 1224 1181 1281 videbatur,
1218 1226 1263 1267 in
1293 1225 1443 1267 Asiam

100 1283 160 1324 ire
191 1282 322 1337 nolui,
355 1283 467 1337 quod
498 1285 539 1323 et
560 1283 782 1324 celebritas
808 1283 915 1324 1111111
942 1283 1038 1325 ο(]10
1065 1286 1142 1339 est,
1174 1287 1228 1340 et,
1262 1284 1297 1325 si
1322 1284 1442 1325 fieret

101 1341 263 1395 aliquid
295 1356 317 1382 a
347 1341 470 1382 novis
508 1341 849 1397 magistratibus,
887 1342 1032 1383 abesse
1068 1343 1194 1398 longe
1231 1343 1440 1384 nolebam.

47 1417 81 1441 20
100 1399 248 1454 Itaque
279 1400 324 1440 in
353 1399 533 1454 Epirum
565 1400 615 1440 ad
647 1403 689 1441 te
722 1401 853 1442 statui
890 1415 958 1442 me
989 1401 1189 1456 conferre,
1231 1416 1320 1443 11011
1357 1416 1440 1456 quo

100 1472 192 1499 mea
223 1458 446 1500 interesset
470 1458 553 1500 loci
577 1461 741 1513 natura,
774 1460 847 1514 qui
877 1460 1014 1501 lucem
1040 1460 1212 1501 omnino
1238 1461 1440 1515 fugerem,

101 1517 174 1559 sed
201 1520 241 1557 et
262 1517 312 1557 ad
339 1516 519 1558 salutem
546 1517 840 1559 lubentissime
867 1533 917 1559 ex
942 1521 1017 1560 tuo
1043 1522 1172 1572 portu
1196 1518 1440 1573 proficiscar

100 1578 155 1631 et,
186 1576 221 1616 si
254 1590 300 1616 ea
331 1576 518 1629 praecisa
549 1576 646 1631 erit,
676 1591 888 1630 nusquam
918 1577 1084 1618 facilius
1117 1577 1226 1618 hanc
1257 1578 1440 1618 miserri-

99 1649 212 1675 mam
240 1635 373 1675 vitam
397 1634 465 1675 vel
490 1634 737 1676 sustentabo
769 1635 848 1689 vel,
880 1635 993 1689 quod
1018 1636 1152 1677 multo
1186 1638 1250 1677 est
1275 1636 1439 1690 melius,

47 1709 81 1735 25
101 1693 301 1734 abiecero.
344 1693 432 1734 Ero
461 1706 556 1733 cum
580 1693 738 1748 paucis,
767 1693 1085 1734 multitudinem
1110 1694 1332 1735 dimittam.
1371 1694 1440 1735 Me

100 1754 198 1792 tuae
239 1751 409 1792 litterae
447 1765 681 1805 numquam
720 1752 766 1792 in
804 1754 969 1792 tantam
1010 1766 1128 1805 spem
1175 1753 1440 1793 adduxerunt

103 1812 304 1863 quantam
335 1810 531 1864 aliorum·
573 1824 619 1851 ac
658 1812 802 1851 tamen
839 1824 933 1850 mea
971 1824 1066 1863 spes
1105 1810 1233 1851 etiam
1269 1811 1440 1852 tenuior

102 1881 264 1922 semper
293 1869 376 1910 fuit
408 1883 535 1934 quam
565 1870 663 1909 tuae
693 1868 872 1909 litterae
935 1867 1016 1909 Sed
1046 1871 1205 1924 tamen,
1238 1869 1441 1923 quoniam

103 1929 297 1980 coeptum
334 1929 398 1968 est
437 1940 490 1967 ao·
462 1927 524 1981 oi>
565 1940 735 1981 quoquo
776 1926 901 1968 modo
944 1929 1140 1980 coeptum
1171 1929 1234 1968 est
1267 1930 1308 1968 et
1341 1942 1440 1982 qua-

49 2001 82 2025 30
103 1998 278 2038 cumque
318 1985 367 2026 de
406 2000 548 2040 causa,
587 1999 673 2026 non
714 1985 901 2026 deseram
941 1999 1077 2039 neque
1110 1985 1277 2039 optumi
1312 1987 1440 2040 atque

102 2042 215 2083 unici
245 2043 389 2084 fratris
421 2044 596 2085 miseras
623 2057 670 2085 ac
694 2043 911 2085 luctuosas
937 2058 1080 2097 preces
1105 2057 1182 2084 nec
1203 2042 1315 2085 Sesti
1334 2047 1439 2085 cete-

101 2115 328 2154 rorumque
353 2103 562 2155 promissa
586 2117 663 2144 nec
690 2116 806 2156 spem
826 2103 1222 2144 aerumnosissimae
1246 2103 1439 2144 mulieris

102 2158 322 2200 Terentiae
352 2174 428 2201 nec
458 2161 716 2202 miserrimae
750 2160 975 2215 [mulieris]
1009 2160 1218 2202 Tulliolae
1250 2161 1440 2202 obsecra-

101 2217 263 2258 tionem
293 2220 335 2259 et
364 2218 507 2260 fideles
543 2219 708 2261 litteras
747 2223 854 2260 tuas.
915 2218 1024 2260 Mihi
1055 2218 1214 2273 Epirus
1254 2222 1326 2261 aut
1357 2220 1442 2261 iter

49 2292 82 2317 35
103 2276 153 2316 ad
182 2276 362 2317 salutem
393 2277 522 2330 dabit,
555 2280 627 2319 aut
660 2278 772 2332 quod
804 2277 955 2331 scripsi
987 2291 1124 2331 supra.

1472 300 1491 329 2
