1665 2553
212 54 298 95 456
633 54 682 89 M.
709 54 850 88 TULLI
876 54 1125 89 CICERONIS

212 162 296 191 VIII
332 149 432 191 Idus
469 149 635 190 litteras
675 149 868 190 dederam
905 150 1010 191 bene
1047 165 1188 205 mane,
1232 150 1376 191 eodem
1414 153 1554 192 autem

215 209 281 249 die
312 212 407 249 tuas
437 208 605 249 litteras
637 209 802 262 vesperi
835 223 1074 262 acceperam
1099 209 1144 250 in
1168 208 1426 263 Pompeiano
1454 224 1554 251 sane

215 267 405 308 celeriter
436 267 564 307 tertio
598 267 672 307 abs
705 270 747 307 te
781 267 856 308 die.
920 266 1013 322 Sed,
1044 270 1091 308 ut
1124 268 1175 308 ad
1206 271 1249 309 te
1280 282 1328 309 eo
1361 269 1454 322 ipso
1487 268 1554 309 die

216 326 477 380 scripseram,
510 325 612 366 satis
640 325 850 366 aculeatas
878 326 931 366 ad
955 325 1222 367 Dolabellam
1247 326 1414 368 litteras
1441 327 1553 381 dedi3

216 399 322 439 quae
355 385 391 425 si
420 383 529 424 nihil
558 384 828 439 profecerint,
859 387 963 438 puto
995 385 1085 425 fore
1116 388 1164 426 ut
1196 400 1263 426 me
1289 388 1554 439 praesentem
1591 403 1606 429 5

214 458 302 484 non
334 443 552 483 sustineat.

304 501 534 542 Albianum
578 504 620 542 te
664 501 893 542 confecisse
938 502 1133 544 arbitror.
1200 502 1264 543 De
1307 502 1554 544 Patulciano

214 561 401 613 nomine,
446 560 559 614 quod
601 560 707 600 mihi
749 560 1088 614 †suspendiatus
1134 564 1214 615 est,
1259 561 1551 616 gratissimum

216 622 280 659 est
325 622 365 659 et
403 618 539 659 simile
576 621 747 659 tuorum
786 619 983 660 omnium.
1053 618 1133 660 Sed
1171 634 1248 674 ego
1287 620 1464 661 Erotem
1502 620 1552 661 ad

214 678 297 718 ista
335 678 589 731 expedienda
619 678 778 718 factum
808 677 914 718 mihi
945 678 1117 719 videbar
1148 679 1388 732 reliquisse3
1432 679 1551 720 cuius
1572 697 1605 721 10

214 751 301 777 non
351 737 440 777 sine
489 751 643 792 magna
693 736 816 790 culpa
858 737 1121 778 vacillarunt
1194 736 1275 778 Sed
1318 752 1413 778 cum
1456 738 1550 791 ipso

218 795 374 836 videro.

304 853 368 894 De
399 853 618 907 Montano,
649 856 697 894 ut
729 868 853 907 saepe
885 854 937 894 ad
968 856 1010 895 te
1044 854 1207 909 scripsi,
1239 854 1319 895 erit
1351 854 1432 895 tibi
1464 857 1556 895 tota

216 926 282 953 res
309 927 443 953 curae.
495 911 666 953 Servius
692 913 962 966 proficiscens
985 913 1097 966 quod
1122 913 1393 967 desperanter
1417 916 1556 954 tecum

216 971 384 1012 locutus
422 974 505 1025 est,
547 971 720 1012 minime
757 972 889 1012 miror
919 986 1055 1025 neque
1088 972 1125 1012 ei
1157 972 1382 1026 quicquam
1413 972 1458 1012 in
1490 972 1555 1013 de·
1575 988 1608 1013 15

218 1030 457 1083 speratione
489 1030 680 1070 concedo.
742 1029 902 1071 Brutus
934 1033 1096 1084 noster,
1136 1031 1364 1084 singularis
1396 1031 1479 1085 vir,
1520 1031 1556 1071 si

217 1088 261 1128 in
300 1091 493 1129 senatum
531 1103 619 1129 non
650 1091 714 1129 est
746 1089 839 1130 Kal.
866 1088 999 1129 Iuniis
1032 1064 1255 1143 venturus,
1294 1089 1395 1143 quid
1425 1089 1556 1130 factu-

217 1161 289 1187 rus
323 1148 378 1187 sit
409 1147 454 1187 in
484 1147 590 1200 foro,
620 1147 772 1188 nescio.
826 1147 907 1188 Sed
936 1147 1017 1188 hoc
1048 1148 1138 1201 ipse
1166 1148 1327 1188 melius
1378 1147 1473 1202 Ego
1506 1162 1556 1188 ex

218 1205 283 1260 iis,
315 1220 420 1259 quae
446 1206 587 1258 parari
612 1206 745 1260 video,
775 1220 863 1246 non
887 1206 1070 1246 multum
1096 1205 1242 1246 Idibus
1269 1206 1435 1246 Martiis
1461 1221 1556 1260 pro-

217 1264 374 1304 fectum
417 1263 567 1304 iudico.
634 1262 784 1317 Itaque
825 1264 874 1304 de
916 1263 1090 1304 Graecia
1135 1264 1288 1305 cotidie
1333 1265 1469 1318 magis
1514 1268 1555 1305 et
1576 1282 1609 1306 20

217 1322 354 1377 magis
387 1322 540 1376 cogito.
589 1321 678 1363 Nec
711 1323 820 1362 enim
852 1322 986 1363 Bruto
1020 1337 1112 1363 meo
1146 1323 1353 1378 exsilium,
1384 1326 1432 1363 ut
1458 1324 1555 1364 scri-

218 1381 282 1421 bit
308 1381 408 1434 ipse,
434 1381 657 1421 meditanti
683 1381 804 1421 video
832 1381 932 1435 quid
958 1381 1155 1434 prodesse
1179 1382 1352 1435 possim.
1408 1380 1556 1422 Leoni-

219 1439 294 1480 dae
325 1453 390 1480 me
421 1439 590 1480 litterae
620 1454 707 1480 non
740 1439 843 1480 satis
871 1440 1141 1480 delectarunt.
1192 1439 1256 1481 De
1282 1439 1448 1481 Herode
1474 1441 1555 1481 tibi

218 1498 442 1538 adsentior.
507 1496 648 1538 Saufei
679 1498 833 1552 legisse
865 1498 1026 1539 vellem.
1087 1498 1184 1553 Ego
1215 1513 1265 1538 ex
1296 1498 1554 1552 Pompeiano

216 1568 264 1597 VI
294 1556 395 1597 Idus
427 1556 524 1597 Mai.
558 1556 809 1611 cogitabam.
1575 1574 1608 1599 25

829 1672 942 1715 XIX.

401 1754 474 1788 Ser.
495 1754 536 1787 in
562 1754 783 1798 Pompeiano
815 1754 919 1787 VIII
939 1754 995 1788 Ιᾱ.
1017 1754 1112 1788 Mai.
1135 1765 1167 1788 α.
1192 1757 1262 1788 710
1289 1757 1377 1797 (44).

700 1835 867 1870 CICERO
894 1835 1078 1870 ATTICO.

305 1905 442 1947 Nonis
469 1906 594 1948 Maiis
621 1922 716 1948 cum
742 1922 876 1948 essem
901 1908 945 1948 in
970 1907 1243 1962 Pompeiano,
1269 1908 1406 1962 accepi
1432 1908 1554 1949 binas

217 1980 241 2006 a
284 1968 326 2006 te
363 1966 550 2018 litteras,
589 1966 743 2006 alteras
783 1969 902 2007 sexto
941 1966 1025 2019 die,
1069 1967 1223 2007 alteras
1262 1969 1426 2020 quarto.
1487 1966 1554 2007 Ad
1573 1984 1607 2009 30

217 2024 455 2077 superiores
487 2024 621 2079 igitur
651 2025 781 2078 prius.
843 2023 977 2073 Quam
1008 2025 1113 2065 mihi
1145 2025 1373 2066 iucundum
1405 2040 1554 2079 oppor-

217 2085 318 2122 tune
349 2082 431 2123 tibi
462 2082 701 2123 Barnaeum
731 2083 897 2124 litteras
929 2083 1176 2124 reddidisse!
1231 2083 1296 2124 Tu
1327 2098 1425 2124 vero
1459 2098 1553 2124 cum

217 2138 363 2181 Cassio
408 2143 457 2181 ut
501 2144 650 2182 cetera.
715 2140 850 2190 Quam
893 2142 1109 2182 commode
1154 2144 1313 2196 autem,
1357 2142 1469 2195 quod
1511 2142 1554 2182 id

215 2198 374 2254 ipsum,
414 2199 525 2252 quod
557 2214 623 2240 me
655 2214 811 2253 mones,
855 2200 1086 2254 quadriduo
1120 2202 1217 2240 ante
1249 2201 1299 2241 ad
1331 2215 1425 2241 eum
1457 2200 1553 2241 scri-

215 2271 382 2310 pseram
419 2259 741 2312 exemplumque
777 2273 967 2299 mearum
1003 2259 1243 2299 litterarum
1275 2259 1327 2299 ad
1358 2261 1400 2299 te
1431 2258 1551 2299 mise·
1571 2275 1604 2300 35
