1665 2553
149 109 208 149 44
580 107 629 142 M.
656 107 798 142 TULLI
824 105 1072 142 CICERONIS

149 203 320 245 hercule
351 218 554 259 magnum
587 217 782 244 acervum
813 201 1062 243 Dicaearchi
1092 201 1198 242 mihi
1237 203 1333 242 ante
1370 201 1496 255 pedes

152 266 454 304 exstruxeram.
527 260 561 303 O
603 276 806 316 magnum
846 260 1080 315 hominem,
1128 263 1169 301 et
1209 260 1318 300 unde
1358 259 1495 301 multo

151 321 276 376 plura
307 321 500 362 didiceris
534 335 661 375 quam
694 320 743 360 de
767 319 970 360 Procilio!
1002 321 1263 373 Κορινθίων
1289 321 1331 359 et
1360 317 1496 372 Ἀθη-

153 383 292 422 ναίων
331 382 435 434 puto
476 393 544 420 me
583 378 744 420 Romae
785 378 951 419 habere.
1019 377 1127 418 Mihi
1166 378 1196 429 ’ἷ-
1222 377 1362 418 credes
1402 377 1496 432 lege

152 438 230 480 hec
263 439 389 480 doceo
421 438 630 479 mirabilis
662 438 728 478 vir
759 440 833 478 est.
898 436 1114 491 ‘Hoc-(adm,
1147 436 1182 476 si
1212 436 1340 477 homo
1373 438 1497 489 esset,
1534 451 1554 476 5

155 512 250 539 eum
282 498 426 552 potius
451 497 610 551 legeret
638 511 764 550 quam
789 510 917 536 unam
942 495 1131 535 litteram
1158 495 1369 536 scriberet.
1415 493 1496 542 Qui

154 571 220 597 me
240 556 425 610 epistula
449 555 612 609 petivit,
646 555 697 596 ad
723 558 778 610 te,
809 557 857 595 ut
882 553 1017 609 video,
1049 554 1282 594 comminus
1309 553 1495 594 accessit.

156 613 410 657 Coniurasse
429 614 598 655 mallem
620 628 746 667 quam
766 612 976 654 restitisse
997 612 1293 667 coniurationi,
1320 612 1356 652 si
1375 611 1498 652 illum

156 673 263 714 mihi
294 673 548 714 audiendum
587 675 816 726 putassem.
878 670 942 712 De
974 670 1111 712 Lollio
1154 685 1280 711 sanus
1318 685 1405 712 non
1437 685 1498 725 es3

158 732 207 773 de
237 733 267 786 ’ζ-
298 733 396 773 vino
428 731 566 772 laudo.
1518 745 1555 769 10

248 790 330 833 Sed
359 791 464 831 heus
496 793 562 845 tu,
601 789 749 843 ecquid
780 789 896 830 vides
928 788 1142 829 Kalendas
1174 788 1335 842 venire,
1365 786 1498 828 Anto-

155 850 275 890 nium
304 864 393 890 non
422 848 593 890 venire?
624 848 783 889 iudices
810 848 932 903 cogi?
994 846 1105 888 Nam
1137 848 1199 887 ita
1230 847 1282 887 ad
1307 860 1373 887 me
1404 846 1499 886 mit-

156 910 267 963 tunt,
297 907 520 963 Nigidium
546 907 699 948 minari
731 907 774 947 in
799 906 995 947 contione
1022 921 1065 947 se
1088 906 1282 959 iudicem,
1315 905 1388 959 qui
1412 919 1501 945 non

157 967 351 1021 adfuerit,
384 966 748 1020 compellaturum.
792 964 933 1006 Velim
959 968 1113 1020 tamen,
1145 965 1181 1005 si
1209 964 1310 1018 quid
1343 965 1417 1017 est,
1449 963 1500 1004 de

156 1025 320 1067 Antoni
341 1026 523 1066 adventu
544 1024 656 1079 quod
682 1024 876 1077 audieris,
908 1023 1067 1064 scribas
1101 1023 1151 1064 ad
1183 1037 1250 1063 me
1282 1025 1335 1076 et,
1368 1036 1498 1076 quon·
1518 1036 1556 1063 15

157 1085 242 1125 iam
274 1084 357 1125 huc
387 1098 475 1125 non
505 1084 635 1138 venis7
668 1097 788 1123 cenes
821 1082 931 1136 apud
961 1096 1039 1123 nos
1071 1082 1220 1135 utique
1245 1081 1379 1135 pridie
1404 1079 1498 1121 Kal.

161 1142 269 1184 Cave
303 1143 424 1184 aliter
456 1142 597 1183 facias.
661 1140 783 1195 Cura,
815 1144 863 1181 ut
894 1140 1045 1181 valeas.

793 1257 864 1298 HI.

451 1339 525 1375 Scr.
553 1340 602 1373 ad
631 1339 751 1373 villam
779 1350 819 1372 m.
847 1338 932 1372 Dec.
960 1350 992 1372 a.
1021 1340 1091 1372 694
1119 1340 1210 1381 (60).

585 1408 753 1444 CICERO
779 1407 952 1443 ATTICO
981 1407 1078 1442 SAL*
1522 1424 1557 1448 20

247 1482 451 1537 Primum,
482 1485 531 1522 ut
563 1482 726 1537 opinor,
758 1480 999 1534 εὐαγγέλια.
1049 1479 1245 1521 Valerius
1278 1478 1500 1520 absolutus

160 1544 223 1583 est
254 1540 486 1582 Hortensio
520 1540 776 1581 defendente.
838 1539 888 1580 Id
919 1538 1120 1580 iudicium
1152 1538 1251 1578 Auli
1284 1537 1373 1578 filio
1407 1551 1502 1578 con-

161 1600 364 1641 donatum
396 1599 647 1653 putabatur3
680 1602 722 1639 et
748 1598 992 1652 Epicratem
1025 1597 1227 1650 suspicor,
1259 1598 1307 1637 ut
1339 1595 1501 1649 scribis,

159 1659 365 1699 lascivum
396 1658 539 1699 fuisse.
601 1657 774 1698 Etenim
812 1656 917 1697 mihi
955 1656 1114 1710 caligae
1153 1655 1241 1696 eius
1275 1657 1316 1695 et
1346 1653 1502 1695 fasciae

161 1720 345 1758 cretatae
369 1731 456 1758 non
481 1716 716 1771 placebant.
756 1714 865 1764 Quid
890 1716 957 1768 sit,
990 1715 1180 1768 sciemus,
1213 1727 1307 1754 cum
1326 1712 1499 1753 veneris.
1522 1727 1556 1752 25

250 1775 549 1817 Fenestrarum
588 1774 806 1830 angustias
846 1749 959 1828 quod
994 1771 1283 1827 reprehendis,
1322 1771 1427 1811 scito
1460 1773 1502 1810 te

161 1835 317 1889 Κύοου
354 1835 558 1875 παιδειαν
594 1833 908 1887 reprehendere.
976 1831 1105 1885 Nam,
1143 1845 1238 1872 cum
1276 1843 1352 1884 ego
1392 1828 1503 1869 idem

161 1872 273 1934 istuc
317 1893 514 1946 dicerem,
565 1890 701 1946 Cyrus
746 1891 885 1932 aiebat
928 1865 1225 1931 viridariorum
1275 1888 1503 1941 διαφάσεις

160 1951 260 1992 latis
304 1926 538 1992 luminibus
582 1965 667 1992 non
711 1953 798 1990 tam
849 1963 938 1990 esse
982 1963 1146 2001 suaves3
1197 1947 1350 1987 etenim
1396 1948 1502 1987 ἔστω

163 2022 262 2069 όψις
288 2019 367 2074 μὲν
393 2021 417 2074 ἡ
449 2024 488 2074 ἆ,
514 2021 562 2062 τὸ
595 2018 642 2061 δὲ
669 2020 894 2075 ὁοώμενον
920 2021 960 2072 β,
986 2034 1026 2071 γ,
1062 2017 1231 2065 dathes
1258 2013 1305 2058 δὲ
1332 2017 1357 2057 δ
1378 2014 1449 2057 και
1471 2031 1500 2056 ε.
1523 2031 1561 2057 3ο

162 2077 293 2119 Vides
325 2080 353 2131 ³*
385 2080 497 2120 enim
530 2081 678 2120 cetera
741 2077 871 2132 Nam,
910 2077 946 2117 si
976 2076 1068 2117 κατ’
1106 2076 1301 2117 εἰδώλων
1340 2074 1505 2139 ἔμπτω-

164 2148 253 2185 σεις
285 2137 540 2192 videremus,
576 2137 697 2179 valde
734 2137 978 2177 laborarent
1011 2136 1170 2175 εἰδωλα
1207 2134 1251 2174 111
1283 2132 1503 2188 angustiis.

161 2193 288 2235 Nunc
327 2195 374 2235 fit
411 2196 549 2249 lepide
590 2196 664 2236 illa
695 2197 868 2249 ἔκχυσις
899 2193 1126 2234 radiorum.
1189 2168 1364 2233 CeteraU
1377 2191 1413 2232 si
1444 2204 1505 2231 re-

163 2252 455 2307 prehenderis7
491 2268 579 2294 non
615 2254 723 2294 feres
754 2253 952 2318 tacitum,
990 2251 1074 2292 nisi
1107 2251 1142 2291 si
1169 2251 1272 2304 quid
1303 2250 1384 2291 erit
1416 2249 1505 2289 eius

162 2310 292 2364 modi7
325 2311 438 2364 quod
471 2312 559 2352 sine
593 2314 767 2366 sumptu
800 2310 955 2365 corrigi
987 2310 1134 2364 possit.
1526 2321 1560 2348 35
