<?xml version="1.0" encoding="UTF-8"?>
<!DOCTYPE html PUBLIC "-//W3C//DTD XHTML 1.0 Transitional//EN"
    "http://www.w3.org/TR/xhtml1/DTD/xhtml1-transitional.dtd">
<html xmlns="http://www.w3.org/1999/xhtml" xml:lang="en" lang="en">
 <head>
  <title>
</title>
<meta http-equiv="Content-Type" content="text/html;charset=utf-8" />
  <meta name='ocr-system' content='tesseract 3.04.00' />
  <meta name='ocr-capabilities' content='ocr_page ocr_carea ocr_par ocr_line ocrx_word'/>
</head>
<body>
  <div class='ocr_page' id='page_1' title='image "./p2scriptaquaemanse03ciceuoft_0682.png"; bbox 0 0 1665 2553; ppageno 0'>
   <div class='ocr_carea' id='block_1_1' title="bbox 144 468 162 498">
    <p class='ocr_par' dir='ltr' id='par_1_1' title="bbox 144 468 162 498">
     <span class='ocr_line' id='line_1_1' title="bbox 144 468 162 498; baseline 0 0"><span class='ocrx_word' id='word_1_1' title='bbox 144 468 162 498; x_wconf 94' lang='lat'>1</span> 
     </span>
    </p>
   </div>
   <div class='ocr_carea' id='block_1_2' title="bbox 189 47 1102 112">
    <p class='ocr_par' dir='ltr' id='par_1_2' title="bbox 189 47 1102 112">
     <span class='ocr_line' id='line_1_2' title="bbox 189 47 1102 112; baseline -0.005 -2"><span class='ocrx_word' id='word_1_2' title='bbox 189 71 277 112; x_wconf 79' lang='lat'>490</span> <span class='ocrx_word' id='word_1_3' title='bbox 440 47 443 48; x_wconf 36' lang='lat'><em>⁷</em></span> <span class='ocrx_word' id='word_1_4' title='bbox 612 70 661 105; x_wconf 79' lang='lat' dir='ltr'>M.</span> <span class='ocrx_word' id='word_1_5' title='bbox 688 70 829 105; x_wconf 76' lang='lat' dir='ltr'>TULLI</span> <span class='ocrx_word' id='word_1_6' title='bbox 855 69 1102 105; x_wconf 71' lang='lat' dir='ltr'>cicaaoms</span> 
     </span>
    </p>
   </div>
   <div class='ocr_carea' id='block_1_3' title="bbox 397 223 1324 348">
    <p class='ocr_par' dir='ltr' id='par_1_3' title="bbox 397 223 1324 348">
     <span class='ocr_line' id='line_1_3' title="bbox 768 223 944 264; baseline 0 0"><span class='ocrx_word' id='word_1_7' title='bbox 768 223 944 264; x_wconf 87' lang='lat' dir='ltr'><strong>XXVII.</strong></span> 
     </span>
     <span class='ocr_line' id='line_1_4' title="bbox 397 302 1324 348; baseline 0.001 -10"><span class='ocrx_word' id='word_1_8' title='bbox 397 302 471 338; x_wconf 82' lang='lat' dir='ltr'>Ser.</span> <span class='ocrx_word' id='word_1_9' title='bbox 490 303 529 337; x_wconf 71' lang='lat' dir='ltr'>in</span> <span class='ocrx_word' id='word_1_10' title='bbox 555 303 734 347; x_wconf 73' lang='lat' dir='ltr'>Arpinati</span> <span class='ocrx_word' id='word_1_11' title='bbox 764 303 799 337; x_wconf 90' lang='lat' dir='ltr'><strong><em>V</em></strong></span> <span class='ocrx_word' id='word_1_12' title='bbox 819 304 916 337; x_wconf 83' lang='lat' dir='ltr'>Non.</span> <span class='ocrx_word' id='word_1_13' title='bbox 941 303 1062 347; x_wconf 75' lang='lat' dir='ltr'>Quint.</span> <span class='ocrx_word' id='word_1_14' title='bbox 1084 315 1117 338; x_wconf 86' lang='lat' dir='ltr'>a.</span> <span class='ocrx_word' id='word_1_15' title='bbox 1140 307 1210 339; x_wconf 76' lang='lat'>710</span> <span class='ocrx_word' id='word_1_16' title='bbox 1236 307 1324 348; x_wconf 75' lang='lat'><em>(44).</em></span> 
     </span>
    </p>
   </div>
   <div class='ocr_carea' id='block_1_4' title="bbox 591 384 1130 421">
    <p class='ocr_par' dir='ltr' id='par_1_4' title="bbox 591 384 1130 421">
     <span class='ocr_line' id='line_1_5' title="bbox 591 384 1130 421; baseline 0.002 -2"><span class='ocrx_word' id='word_1_17' title='bbox 591 384 781 419; x_wconf 84' lang='lat' dir='ltr'><em>CICERO</em></span> <span class='ocrx_word' id='word_1_18' title='bbox 804 385 996 419; x_wconf 85' lang='lat' dir='ltr'><strong><em>ATTICO</em></strong></span> <span class='ocrx_word' id='word_1_19' title='bbox 1023 385 1130 421; x_wconf 76' lang='lat' dir='ltr'><em>SAL.</em></span> 
     </span>
    </p>
   </div>
   <div class='ocr_carea' id='block_1_5' title="bbox 182 456 1575 1856">
    <p class='ocr_par' dir='ltr' id='par_1_5' title="bbox 182 456 1575 1854">
     <span class='ocr_line' id='line_1_6' title="bbox 281 456 1524 513; baseline 0.002 -15"><span class='ocrx_word' id='word_1_20' title='bbox 281 456 450 498; x_wconf 82' lang='lat' dir='ltr'>Gaudeo</span> <span class='ocrx_word' id='word_1_21' title='bbox 483 456 525 497; x_wconf 89' lang='lat' dir='ltr'>id</span> <span class='ocrx_word' id='word_1_22' title='bbox 555 460 597 498; x_wconf 89' lang='lat' dir='ltr'>te</span> <span class='ocrx_word' id='word_1_23' title='bbox 629 456 734 497; x_wconf 86' lang='lat' dir='ltr'>mihi</span> <span class='ocrx_word' id='word_1_24' title='bbox 768 456 957 512; x_wconf 88' lang='lat' dir='ltr'>suadere,</span> <span class='ocrx_word' id='word_1_25' title='bbox 999 457 1108 511; x_wconf 91' lang='lat' dir='ltr'>quod</span> <span class='ocrx_word' id='word_1_26' title='bbox 1141 471 1218 512; x_wconf 79' lang='lat' dir='ltr'>ego</span> <span class='ocrx_word' id='word_1_27' title='bbox 1250 474 1342 500; x_wconf 88' lang='lat' dir='ltr'>mea</span> <span class='ocrx_word' id='word_1_28' title='bbox 1374 461 1524 513; x_wconf 90' lang='lat' dir='ltr'>sponte</span> 
     </span>
     <span class='ocr_line' id='line_1_7' title="bbox 190 514 1575 574; baseline 0.002 -18"><span class='ocrx_word' id='word_1_29' title='bbox 190 516 324 570; x_wconf 82' lang='lat' dir='ltr'>pridie</span> <span class='ocrx_word' id='word_1_30' title='bbox 367 516 555 556; x_wconf 84' lang='lat' dir='ltr'>f.eceram</span> <span class='ocrx_word' id='word_1_31' title='bbox 617 514 748 569; x_wconf 85' lang='lat' dir='ltr'>Nam,</span> <span class='ocrx_word' id='word_1_32' title='bbox 788 530 881 556; x_wconf 89' lang='lat' dir='ltr'>cum</span> <span class='ocrx_word' id='word_1_33' title='bbox 926 515 976 556; x_wconf 88' lang='lat' dir='ltr'>ad</span> <span class='ocrx_word' id='word_1_34' title='bbox 1019 518 1061 556; x_wconf 86' lang='lat' dir='ltr'>te</span> <span class='ocrx_word' id='word_1_35' title='bbox 1104 528 1151 556; x_wconf 78' lang='lat' dir='ltr'>VI</span> <span class='ocrx_word' id='word_1_36' title='bbox 1188 515 1334 558; x_wconf 85' lang='lat' dir='ltr'>Nonas</span> <span class='ocrx_word' id='word_1_37' title='bbox 1371 517 1524 574; x_wconf 88' lang='lat' dir='ltr'>darem,</span> <span class='ocrx_word' id='word_1_38' title='bbox 1560 535 1575 560; x_wconf 89' lang='lat'>5</span> 
     </span>
     <span class='ocr_line' id='line_1_8' title="bbox 192 573 1523 629; baseline 0.002 -15"><span class='ocrx_word' id='word_1_39' title='bbox 192 575 325 615; x_wconf 89' lang='lat' dir='ltr'>eidem</span> <span class='ocrx_word' id='word_1_40' title='bbox 357 574 578 615; x_wconf 86' lang='lat' dir='ltr'>tabellario</span> <span class='ocrx_word' id='word_1_41' title='bbox 612 574 705 614; x_wconf 87' lang='lat' dir='ltr'>dedi</span> <span class='ocrx_word' id='word_1_42' title='bbox 737 575 863 614; x_wconf 88' lang='lat' dir='ltr'>etiam</span> <span class='ocrx_word' id='word_1_43' title='bbox 895 574 946 614; x_wconf 85' lang='lat' dir='ltr'>ad</span> <span class='ocrx_word' id='word_1_44' title='bbox 979 573 1163 615; x_wconf 75' lang='lat' dir='ltr'>Sestium</span> <span class='ocrx_word' id='word_1_45' title='bbox 1196 576 1375 629; x_wconf 87' lang='lat' dir='ltr'>scriptas</span> <span class='ocrx_word' id='word_1_46' title='bbox 1407 577 1523 617; x_wconf 77' lang='grc' dir='ltr'><em>πάνυ</em></span> 
     </span>
     <span class='ocr_line' id='line_1_9' title="bbox 191 628 1522 690; baseline 0.001 -16"><span class='ocrx_word' id='word_1_47' title='bbox 191 634 499 687; x_wconf 74' lang='grc' dir='ltr'><em>φιλοστόογως.</em></span> <span class='ocrx_word' id='word_1_48' title='bbox 562 628 639 673; x_wconf 84' lang='lat' dir='ltr'>Ille</span> <span class='ocrx_word' id='word_1_49' title='bbox 672 634 831 687; x_wconf 87' lang='lat' dir='ltr'>autem,</span> <span class='ocrx_word' id='word_1_50' title='bbox 869 633 981 686; x_wconf 87' lang='lat' dir='ltr'>quod</span> <span class='ocrx_word' id='word_1_51' title='bbox 1011 632 1212 674; x_wconf 80' lang='lat' dir='ltr'>Puteolos</span> <span class='ocrx_word' id='word_1_52' title='bbox 1244 635 1522 690; x_wconf 70' lang='lat' dir='ltr'><strong>persequitur,</strong></span> 
     </span>
     <span class='ocr_line' id='line_1_10' title="bbox 190 690 1523 747; baseline 0.002 -16"><span class='ocrx_word' id='word_1_53' title='bbox 190 691 389 746; x_wconf 87' lang='lat' dir='ltr'>humane,</span> <span class='ocrx_word' id='word_1_54' title='bbox 431 690 543 744; x_wconf 88' lang='lat' dir='ltr'>quod</span> <span class='ocrx_word' id='word_1_55' title='bbox 575 691 786 744; x_wconf 86' lang='lat' dir='ltr'>queritur,</span> <span class='ocrx_word' id='word_1_56' title='bbox 823 691 989 731; x_wconf 91' lang='lat' dir='ltr'>iniuste.</span> <span class='ocrx_word' id='word_1_57' title='bbox 1050 690 1150 731; x_wconf 84' lang='lat' dir='ltr'>Non</span> <span class='ocrx_word' id='word_1_58' title='bbox 1182 692 1292 733; x_wconf 90' lang='lat' dir='ltr'>enim</span> <span class='ocrx_word' id='word_1_59' title='bbox 1326 707 1403 747; x_wconf 86' lang='lat' dir='ltr'>ego</span> <span class='ocrx_word' id='word_1_60' title='bbox 1435 696 1523 734; x_wconf 84' lang='lat' dir='ltr'>tam</span> 
     </span>
     <span class='ocr_line' id='line_1_11' title="bbox 190 724 1523 806; baseline 0.002 -17"><span class='ocrx_word' id='word_1_61' title='bbox 190 750 311 790; x_wconf 89' lang='lat' dir='ltr'>illum</span> <span class='ocrx_word' id='word_1_62' title='bbox 344 752 574 803; x_wconf 75' lang='lat' dir='ltr'>expectaie,</span> <span class='ocrx_word' id='word_1_63' title='bbox 619 750 718 790; x_wconf 88' lang='lat' dir='ltr'>dum</span> <span class='ocrx_word' id='word_1_64' title='bbox 750 724 800 790; x_wconf 57' lang='lat' dir='ltr'>d&#39;e</span> <span class='ocrx_word' id='word_1_65' title='bbox 832 748 997 790; x_wconf 79' lang='lat' dir='ltr'>Cosano</span> <span class='ocrx_word' id='word_1_66' title='bbox 1030 750 1197 806; x_wconf 85' lang='grc'><strong>16(11161,</strong></span> <span class='ocrx_word' id='word_1_67' title='bbox 1229 751 1364 806; x_wconf 89' lang='lat' dir='ltr'>debui,</span> <span class='ocrx_word' id='word_1_68' title='bbox 1397 766 1523 805; x_wconf 88' lang='lat' dir='ltr'>quam</span> 
     </span>
     <span class='ocr_line' id='line_1_12' title="bbox 190 808 1574 864; baseline 0.002 -16"><span class='ocrx_word' id='word_1_69' title='bbox 190 808 261 848; x_wconf 90' lang='lat' dir='ltr'>ille</span> <span class='ocrx_word' id='word_1_70' title='bbox 293 811 365 848; x_wconf 88' lang='lat' dir='ltr'>aut</span> <span class='ocrx_word' id='word_1_71' title='bbox 397 822 483 848; x_wconf 89' lang='lat' dir='ltr'>non</span> <span class='ocrx_word' id='word_1_72' title='bbox 514 808 593 862; x_wconf 89' lang='lat' dir='ltr'>ire,</span> <span class='ocrx_word' id='word_1_73' title='bbox 631 811 857 861; x_wconf 87' lang='lat' dir='ltr'>antequam</span> <span class='ocrx_word' id='word_1_74' title='bbox 888 822 954 848; x_wconf 86' lang='grc'><strong>1116</strong></span> <span class='ocrx_word' id='word_1_75' title='bbox 985 808 1171 864; x_wconf 80' lang='lat' dir='ltr'>vidisset,</span> <span class='ocrx_word' id='word_1_76' title='bbox 1203 812 1276 850; x_wconf 88' lang='lat' dir='ltr'>aut</span> <span class='ocrx_word' id='word_1_77' title='bbox 1306 810 1430 850; x_wconf 88' lang='lat' dir='ltr'>citius</span> <span class='ocrx_word' id='word_1_78' title='bbox 1462 825 1522 851; x_wconf 91' lang='lat' dir='ltr'>re·</span> <span class='ocrx_word' id='word_1_79' title='bbox 1542 828 1574 852; x_wconf 73' lang='grc' dir='ltr'>ιο</span> 
     </span>
     <span class='ocr_line' id='line_1_13' title="bbox 189 865 1523 921; baseline 0.001 -14"><span class='ocrx_word' id='word_1_80' title='bbox 189 867 307 907; x_wconf 81' lang='lat' dir='ltr'>verti.</span> <span class='ocrx_word' id='word_1_81' title='bbox 371 865 538 907; x_wconf 80' lang='lat' dir='ltr'>Sciebat</span> <span class='ocrx_word' id='word_1_82' title='bbox 577 867 687 907; x_wconf 85' lang='lat' dir='ltr'>enim</span> <span class='ocrx_word' id='word_1_83' title='bbox 719 881 786 907; x_wconf 90' lang='lat' dir='ltr'>me</span> <span class='ocrx_word' id='word_1_84' title='bbox 817 866 1007 907; x_wconf 72' lang='lat' dir='ltr'>celeriter</span> <span class='ocrx_word' id='word_1_85' title='bbox 1039 867 1145 907; x_wconf 85' lang='lat' dir='ltr'>velle</span> <span class='ocrx_word' id='word_1_86' title='bbox 1176 868 1384 921; x_wconf 88' lang='lat' dir='ltr'>proficisci</span> <span class='ocrx_word' id='word_1_87' title='bbox 1417 882 1523 909; x_wconf 87' lang='lat' dir='ltr'>sese-</span> 
     </span>
     <span class='ocr_line' id='line_1_14' title="bbox 190 924 1521 979; baseline 0.002 -14"><span class='ocrx_word' id='word_1_88' title='bbox 190 940 270 978; x_wconf 87' lang='lat' dir='ltr'>que</span> <span class='ocrx_word' id='word_1_89' title='bbox 308 924 359 965; x_wconf 88' lang='lat' dir='ltr'>ad</span> <span class='ocrx_word' id='word_1_90' title='bbox 395 940 461 965; x_wconf 88' lang='grc'><strong>1116</strong></span> <span class='ocrx_word' id='word_1_91' title='bbox 497 925 542 965; x_wconf 88' lang='grc'>111</span> <span class='ocrx_word' id='word_1_92' title='bbox 574 924 858 965; x_wconf 87' lang='lat' dir='ltr'>Tusculanum</span> <span class='ocrx_word' id='word_1_93' title='bbox 897 925 1122 979; x_wconf 71' lang='lat' dir='ltr'>scripserat</span> <span class='ocrx_word' id='word_1_94' title='bbox 1160 939 1250 966; x_wconf 89' lang='lat' dir='ltr'>esse</span> <span class='ocrx_word' id='word_1_95' title='bbox 1286 929 1521 968; x_wconf 80' lang='lat' dir='ltr'>venturum.</span> 
     </span>
     <span class='ocr_line' id='line_1_15' title="bbox 189 983 1520 1038; baseline 0.002 -14"><span class='ocrx_word' id='word_1_96' title='bbox 189 983 264 1038; x_wconf 83' lang='lat' dir='ltr'>Te,</span> <span class='ocrx_word' id='word_1_97' title='bbox 301 986 349 1024; x_wconf 89' lang='lat' dir='ltr'>ut</span> <span class='ocrx_word' id='word_1_98' title='bbox 387 999 410 1024; x_wconf 89' lang='lat' dir='ltr'>a</span> <span class='ocrx_word' id='word_1_99' title='bbox 446 998 513 1024; x_wconf 90' lang='lat' dir='ltr'>me</span> <span class='ocrx_word' id='word_1_100' title='bbox 551 983 809 1037; x_wconf 78' lang='lat' dir='ltr'>discesseris,</span> <span class='ocrx_word' id='word_1_101' title='bbox 846 984 1088 1024; x_wconf 90' lang='lat' dir='ltr'>lacrimasse</span> <span class='ocrx_word' id='word_1_102' title='bbox 1119 984 1295 1025; x_wconf 89' lang='lat' dir='ltr'>moleste</span> <span class='ocrx_word' id='word_1_103' title='bbox 1326 985 1520 1026; x_wconf 82' lang='lat' dir='ltr'>ferebam.</span> 
     </span>
     <span class='ocr_line' id='line_1_16' title="bbox 189 1042 1521 1096; baseline 0.002 -14"><span class='ocrx_word' id='word_1_104' title='bbox 189 1042 308 1090; x_wconf 79' lang='lat' dir='ltr'>Quod</span> <span class='ocrx_word' id='word_1_105' title='bbox 341 1042 376 1082; x_wconf 88' lang='lat' dir='ltr'>si</span> <span class='ocrx_word' id='word_1_106' title='bbox 401 1056 467 1082; x_wconf 90' lang='lat' dir='ltr'>me</span> <span class='ocrx_word' id='word_1_107' title='bbox 493 1045 712 1095; x_wconf 73' lang='lat' dir='ltr'>praesente</span> <span class='ocrx_word' id='word_1_108' title='bbox 737 1042 920 1096; x_wconf 87' lang='lat' dir='ltr'>fecisses,</span> <span class='ocrx_word' id='word_1_109' title='bbox 951 1042 1172 1084; x_wconf 89' lang='lat' dir='ltr'>consilium</span> <span class='ocrx_word' id='word_1_110' title='bbox 1197 1043 1330 1084; x_wconf 86' lang='lat' dir='ltr'>totius</span> <span class='ocrx_word' id='word_1_111' title='bbox 1357 1044 1521 1085; x_wconf 87' lang='lat' dir='ltr'>itineris</span> 
     </span>
     <span class='ocr_line' id='line_1_17' title="bbox 187 1100 1573 1156; baseline 0.002 -15"><span class='ocrx_word' id='word_1_112' title='bbox 187 1101 368 1141; x_wconf 85' lang='lat' dir='ltr'>fortasse</span> <span class='ocrx_word' id='word_1_113' title='bbox 400 1104 641 1141; x_wconf 73' lang='lat' dir='ltr'>mutassem.</span> <span class='ocrx_word' id='word_1_114' title='bbox 704 1100 785 1141; x_wconf 80' lang='lat' dir='ltr'>Sed</span> <span class='ocrx_word' id='word_1_115' title='bbox 816 1100 922 1141; x_wconf 85' lang='lat' dir='ltr'>illud</span> <span class='ocrx_word' id='word_1_116' title='bbox 952 1101 1177 1156; x_wconf 86' lang='lat' dir='ltr'>praeclare,</span> <span class='ocrx_word' id='word_1_117' title='bbox 1209 1102 1321 1155; x_wconf 87' lang='lat' dir='ltr'>quod</span> <span class='ocrx_word' id='word_1_118' title='bbox 1351 1105 1394 1143; x_wconf 90' lang='lat' dir='ltr'>te</span> <span class='ocrx_word' id='word_1_119' title='bbox 1425 1116 1520 1143; x_wconf 89' lang='lat' dir='ltr'>con-</span> <span class='ocrx_word' id='word_1_120' title='bbox 1540 1119 1573 1145; x_wconf 85' lang='lat'>15</span> 
     </span>
     <span class='ocr_line' id='line_1_18' title="bbox 188 1158 1520 1214; baseline 0.002 -15"><span class='ocrx_word' id='word_1_121' title='bbox 188 1159 323 1199; x_wconf 89' lang='lat' dir='ltr'>solata</span> <span class='ocrx_word' id='word_1_122' title='bbox 356 1162 419 1200; x_wconf 90' lang='lat' dir='ltr'>est</span> <span class='ocrx_word' id='word_1_123' title='bbox 453 1173 547 1212; x_wconf 90' lang='lat' dir='ltr'>spes</span> <span class='ocrx_word' id='word_1_124' title='bbox 578 1158 696 1199; x_wconf 85' lang='lat' dir='ltr'>brevi</span> <span class='ocrx_word' id='word_1_125' title='bbox 727 1161 917 1212; x_wconf 90' lang='lat' dir='ltr'>tempore</span> <span class='ocrx_word' id='word_1_126' title='bbox 949 1160 1261 1214; x_wconf 79' lang='lat' dir='ltr'>congrediendi3</span> <span class='ocrx_word' id='word_1_127' title='bbox 1294 1175 1399 1214; x_wconf 85' lang='lat' dir='ltr'>quae</span> <span class='ocrx_word' id='word_1_128' title='bbox 1432 1161 1520 1214; x_wconf 89' lang='lat' dir='ltr'>qui·</span> 
     </span>
     <span class='ocr_line' id='line_1_19' title="bbox 187 1217 1520 1270; baseline 0.002 -13"><span class='ocrx_word' id='word_1_129' title='bbox 187 1217 280 1258; x_wconf 92' lang='lat' dir='ltr'>dem</span> <span class='ocrx_word' id='word_1_130' title='bbox 312 1217 570 1270; x_wconf 71' lang='lat' dir='ltr'>exspectatio</span> <span class='ocrx_word' id='word_1_131' title='bbox 603 1231 669 1258; x_wconf 89' lang='lat' dir='ltr'>me</span> <span class='ocrx_word' id='word_1_132' title='bbox 701 1217 882 1257; x_wconf 83' lang='lat' dir='ltr'>maxime</span> <span class='ocrx_word' id='word_1_133' title='bbox 915 1220 1138 1258; x_wconf 85' lang='lat' dir='ltr'>sustentat.</span> <span class='ocrx_word' id='word_1_134' title='bbox 1188 1217 1307 1259; x_wconf 83' lang='lat' dir='ltr'>Meae</span> <span class='ocrx_word' id='word_1_135' title='bbox 1337 1219 1418 1259; x_wconf 88' lang='lat' dir='ltr'>tibi</span> <span class='ocrx_word' id='word_1_136' title='bbox 1449 1219 1520 1260; x_wconf 88' lang='lat' dir='ltr'>lit-</span> 
     </span>
     <span class='ocr_line' id='line_1_20' title="bbox 185 1275 1518 1318; baseline 0.002 -3"><span class='ocrx_word' id='word_1_137' title='bbox 185 1278 299 1316; x_wconf 85' lang='lat' dir='ltr'>terae</span> <span class='ocrx_word' id='word_1_138' title='bbox 341 1289 428 1316; x_wconf 88' lang='grc'><strong>11011</strong></span> <span class='ocrx_word' id='word_1_139' title='bbox 473 1276 634 1316; x_wconf 82' lang='lat' dir='ltr'>derunt.</span> <span class='ocrx_word' id='word_1_140' title='bbox 696 1275 759 1315; x_wconf 93' lang='lat' dir='ltr'>De</span> <span class='ocrx_word' id='word_1_141' title='bbox 802 1275 936 1316; x_wconf 85' lang='lat' dir='ltr'>Bruto</span> <span class='ocrx_word' id='word_1_142' title='bbox 981 1275 1161 1315; x_wconf 83' lang='lat' dir='ltr'>scribam</span> <span class='ocrx_word' id='word_1_143' title='bbox 1199 1276 1250 1316; x_wconf 86' lang='lat' dir='ltr'>ad</span> <span class='ocrx_word' id='word_1_144' title='bbox 1287 1279 1329 1317; x_wconf 92' lang='lat' dir='ltr'>te</span> <span class='ocrx_word' id='word_1_145' title='bbox 1368 1277 1518 1318; x_wconf 88' lang='lat' dir='ltr'>omnia.</span> 
     </span>
     <span class='ocr_line' id='line_1_21' title="bbox 185 1333 1520 1388; baseline 0.002 -15"><span class='ocrx_word' id='word_1_146' title='bbox 185 1333 362 1374; x_wconf 83' lang='lat' dir='ltr'>Librum</span> <span class='ocrx_word' id='word_1_147' title='bbox 404 1334 484 1374; x_wconf 87' lang='lat' dir='ltr'>tibi</span> <span class='ocrx_word' id='word_1_148' title='bbox 529 1333 719 1374; x_wconf 85' lang='lat' dir='ltr'>celeriter</span> <span class='ocrx_word' id='word_1_149' title='bbox 757 1334 925 1374; x_wconf 87' lang='lat' dir='ltr'>mittam</span> <span class='ocrx_word' id='word_1_150' title='bbox 966 1333 1031 1374; x_wconf 74' lang='lat' dir='ltr'>‘de</span> <span class='ocrx_word' id='word_1_151' title='bbox 1069 1334 1231 1388; x_wconf 78' lang='lat' dir='ltr'>gloria&#39;.</span> <span class='ocrx_word' id='word_1_152' title='bbox 1301 1335 1520 1376; x_wconf 80' lang='lat' dir='ltr'>Excudam</span> 
     </span>
     <span class='ocr_line' id='line_1_22' title="bbox 185 1391 1572 1447; baseline 0.002 -15"><span class='ocrx_word' id='word_1_153' title='bbox 185 1392 345 1445; x_wconf 83' lang='lat' dir='ltr'>aliquid</span> <span class='ocrx_word' id='word_1_154' title='bbox 380 1391 727 1447; x_wconf 73' lang='grc' dir='ltr'><strong>Ἡρακλείὸειου,</strong></span> <span class='ocrx_word' id='word_1_155' title='bbox 772 1392 884 1445; x_wconf 85' lang='lat' dir='ltr'>quod</span> <span class='ocrx_word' id='word_1_156' title='bbox 926 1391 1056 1432; x_wconf 88' lang='lat' dir='ltr'>lateat</span> <span class='ocrx_word' id='word_1_157' title='bbox 1093 1393 1137 1432; x_wconf 89' lang='lat' dir='ltr'>in</span> <span class='ocrx_word' id='word_1_158' title='bbox 1173 1392 1382 1434; x_wconf 87' lang='lat' dir='ltr'>thesauris</span> <span class='ocrx_word' id='word_1_159' title='bbox 1420 1394 1518 1435; x_wconf 81' lang='grc'><strong>11118.</strong></span> <span class='ocrx_word' id='word_1_160' title='bbox 1539 1411 1572 1436; x_wconf 80' lang='lat'>20</span> 
     </span>
     <span class='ocr_line' id='line_1_23' title="bbox 185 1449 1521 1503; baseline 0.003 -13"><span class='ocrx_word' id='word_1_161' title='bbox 185 1449 248 1491; x_wconf 93' lang='lat' dir='ltr'>De</span> <span class='ocrx_word' id='word_1_162' title='bbox 285 1450 439 1491; x_wconf 78' lang='lat' dir='ltr'>Planco</span> <span class='ocrx_word' id='word_1_163' title='bbox 478 1450 661 1490; x_wconf 77' lang='lat' dir='ltr'>memini.</span> <span class='ocrx_word' id='word_1_164' title='bbox 722 1449 867 1490; x_wconf 88' lang='lat' dir='ltr'>Attica</span> <span class='ocrx_word' id='word_1_165' title='bbox 906 1450 996 1490; x_wconf 88' lang='lat' dir='ltr'>iure</span> <span class='ocrx_word' id='word_1_166' title='bbox 1035 1451 1235 1503; x_wconf 84' lang='lat' dir='ltr'>queritur.</span> <span class='ocrx_word' id='word_1_167' title='bbox 1297 1451 1417 1500; x_wconf 83' lang='lat' dir='ltr'>Quod</span> <span class='ocrx_word' id='word_1_168' title='bbox 1453 1467 1521 1494; x_wconf 87' lang='lat' dir='ltr'>me</span> 
     </span>
     <span class='ocr_line' id='line_1_24' title="bbox 185 1508 1519 1565; baseline 0.002 -16"><span class='ocrx_word' id='word_1_169' title='bbox 185 1509 234 1549; x_wconf 91' lang='lat' dir='ltr'>de</span> <span class='ocrx_word' id='word_1_170' title='bbox 260 1508 424 1561; x_wconf 88' lang='lat' dir='ltr'>Bacchi,</span> <span class='ocrx_word' id='word_1_171' title='bbox 457 1508 506 1549; x_wconf 89' lang='lat' dir='ltr'>de</span> <span class='ocrx_word' id='word_1_172' title='bbox 532 1511 770 1549; x_wconf 89' lang='lat' dir='ltr'>statuarum</span> <span class='ocrx_word' id='word_1_173' title='bbox 796 1508 960 1549; x_wconf 88' lang='lat' dir='ltr'>coronis</span> <span class='ocrx_word' id='word_1_174' title='bbox 986 1509 1208 1549; x_wconf 84' lang='lat' dir='ltr'>certiorem</span> <span class='ocrx_word' id='word_1_175' title='bbox 1232 1510 1381 1565; x_wconf 83' lang='lat' dir='ltr'>fecisti,</span> <span class='ocrx_word' id='word_1_176' title='bbox 1399 1511 1519 1552; x_wconf 86' lang='lat' dir='ltr'>valde</span> 
     </span>
     <span class='ocr_line' id='line_1_25' title="bbox 186 1567 1519 1623; baseline 0.002 -16"><span class='ocrx_word' id='word_1_177' title='bbox 186 1570 371 1621; x_wconf 79' lang='lat' dir='ltr'>gratum3</span> <span class='ocrx_word' id='word_1_178' title='bbox 402 1581 478 1608; x_wconf 89' lang='lat' dir='ltr'>nec</span> <span class='ocrx_word' id='word_1_179' title='bbox 511 1568 734 1620; x_wconf 86' lang='lat' dir='ltr'>quicquam</span> <span class='ocrx_word' id='word_1_180' title='bbox 766 1567 944 1620; x_wconf 86' lang='lat' dir='ltr'>posthac</span> <span class='ocrx_word' id='word_1_181' title='bbox 974 1581 1059 1608; x_wconf 87' lang='lat' dir='ltr'>non</span> <span class='ocrx_word' id='word_1_182' title='bbox 1086 1567 1211 1608; x_wconf 87' lang='lat' dir='ltr'>modo</span> <span class='ocrx_word' id='word_1_183' title='bbox 1237 1570 1415 1623; x_wconf 87' lang='lat' dir='ltr'>tantum,</span> <span class='ocrx_word' id='word_1_184' title='bbox 1447 1569 1519 1610; x_wconf 88' lang='lat' dir='ltr'>sed</span> 
     </span>
     <span class='ocr_line' id='line_1_26' title="bbox 183 1625 1517 1679; baseline 0.001 -13"><span class='ocrx_word' id='word_1_185' title='bbox 183 1639 237 1666; x_wconf 89' lang='lat' dir='ltr'>ne</span> <span class='ocrx_word' id='word_1_186' title='bbox 276 1625 491 1666; x_wconf 88' lang='lat' dir='ltr'>tantulum</span> <span class='ocrx_word' id='word_1_187' title='bbox 535 1626 702 1679; x_wconf 86' lang='lat' dir='ltr'>quidem</span> <span class='ocrx_word' id='word_1_188' title='bbox 740 1625 1016 1679; x_wconf 77' lang='lat' dir='ltr'>praeterieris</span> <span class='ocrx_word' id='word_1_189' title='bbox 1078 1625 1136 1666; x_wconf 87' lang='lat' dir='ltr'>Et</span> <span class='ocrx_word' id='word_1_190' title='bbox 1181 1625 1230 1667; x_wconf 90' lang='lat' dir='ltr'>de</span> <span class='ocrx_word' id='word_1_191' title='bbox 1267 1626 1435 1668; x_wconf 85' lang='lat' dir='ltr'>Herode</span> <span class='ocrx_word' id='word_1_192' title='bbox 1476 1630 1517 1668; x_wconf 89' lang='lat' dir='ltr'>et</span> 
     </span>
     <span class='ocr_line' id='line_1_27' title="bbox 184 1684 1570 1737; baseline 0.002 -13"><span class='ocrx_word' id='word_1_193' title='bbox 184 1684 335 1724; x_wconf 87' lang='lat' dir='ltr'>Mettio</span> <span class='ocrx_word' id='word_1_194' title='bbox 376 1684 606 1725; x_wconf 83' lang='lat' dir='ltr'>meminero</span> <span class='ocrx_word' id='word_1_195' title='bbox 646 1686 686 1724; x_wconf 92' lang='lat' dir='ltr'>et</span> <span class='ocrx_word' id='word_1_196' title='bbox 728 1684 776 1724; x_wconf 90' lang='lat' dir='ltr'>de</span> <span class='ocrx_word' id='word_1_197' title='bbox 817 1684 1030 1737; x_wconf 81' lang='lat' dir='ltr'>omnibus,</span> <span class='ocrx_word' id='word_1_198' title='bbox 1074 1698 1180 1737; x_wconf 87' lang='lat' dir='ltr'>quae</span> <span class='ocrx_word' id='word_1_199' title='bbox 1217 1687 1260 1725; x_wconf 90' lang='lat' dir='ltr'>te</span> <span class='ocrx_word' id='word_1_200' title='bbox 1303 1685 1409 1726; x_wconf 89' lang='lat' dir='ltr'>velle</span> <span class='ocrx_word' id='word_1_201' title='bbox 1452 1700 1570 1728; x_wconf 83' lang='lat' dir='ltr'>su-25</span> 
     </span>
     <span class='ocr_line' id='line_1_28' title="bbox 185 1741 1518 1796; baseline 0.001 -14.001"><span class='ocrx_word' id='word_1_202' title='bbox 185 1743 378 1795; x_wconf 87' lang='lat' dir='ltr'>spicabor</span> <span class='ocrx_word' id='word_1_203' title='bbox 415 1742 552 1783; x_wconf 89' lang='lat' dir='ltr'>modo.</span> <span class='ocrx_word' id='word_1_204' title='bbox 615 1741 649 1782; x_wconf 91' lang='lat' dir='ltr'>O</span> <span class='ocrx_word' id='word_1_205' title='bbox 689 1745 856 1796; x_wconf 78' lang='lat' dir='ltr'>tuipem</span> <span class='ocrx_word' id='word_1_206' title='bbox 889 1742 1047 1782; x_wconf 85' lang='grc'><strong>8010118</strong></span> <span class='ocrx_word' id='word_1_207' title='bbox 1080 1745 1178 1783; x_wconf 87' lang='lat' dir='ltr'>tuae</span> <span class='ocrx_word' id='word_1_208' title='bbox 1208 1743 1361 1784; x_wconf 83' lang='lat' dir='ltr'>filium!</span> <span class='ocrx_word' id='word_1_209' title='bbox 1411 1742 1518 1784; x_wconf 79' lang='lat' dir='ltr'>Cum</span> 
     </span>
     <span class='ocr_line' id='line_1_29' title="bbox 182 1800 1517 1856; baseline 0.002 -16"><span class='ocrx_word' id='word_1_210' title='bbox 182 1800 286 1842; x_wconf 87' lang='lat' dir='ltr'>haec</span> <span class='ocrx_word' id='word_1_211' title='bbox 321 1800 565 1856; x_wconf 82' lang='lat' dir='ltr'>scriberem,</span> <span class='ocrx_word' id='word_1_212' title='bbox 606 1800 860 1842; x_wconf 85' lang='lat' dir='ltr'>adventabat</span> <span class='ocrx_word' id='word_1_213' title='bbox 892 1800 1001 1856; x_wconf 82' lang='grc' dir='ltr'><em>αὐτῆ</em></span> <span class='ocrx_word' id='word_1_214' title='bbox 1032 1801 1239 1854; x_wconf 81' lang='grc' dir='ltr'><em>βουλύσει</em></span> <span class='ocrx_word' id='word_1_215' title='bbox 1270 1802 1517 1843; x_wconf 86' lang='lat' dir='ltr'>cenantibus</span> 
     </span>
    </p>
   </div>
   <div class='ocr_carea' id='block_1_6' title="bbox 180 1859 319 1899">
    <p class='ocr_par' dir='ltr' id='par_1_6' title="bbox 180 1859 319 1899">
     <span class='ocr_line' id='line_1_30' title="bbox 180 1859 319 1899; baseline 0.008 -1"><span class='ocrx_word' id='word_1_216' title='bbox 180 1859 319 1899; x_wconf 89' lang='lat' dir='ltr'>nobis.</span> 
     </span>
    </p>
   </div>
   <div class='ocr_carea' id='block_1_7' title="bbox 387 1975 1569 2171">
    <p class='ocr_par' dir='ltr' id='par_1_7' title="bbox 387 1975 1569 2171">
     <span class='ocr_line' id='line_1_31' title="bbox 749 1975 948 2017; baseline 0.005 -1"><span class='ocrx_word' id='word_1_217' title='bbox 749 1975 948 2017; x_wconf 89' lang='lat' dir='ltr'>XXVIII.</span> 
     </span>
     <span class='ocr_line' id='line_1_32' title="bbox 387 2054 1569 2099; baseline -0.001 -9"><span class='ocrx_word' id='word_1_218' title='bbox 387 2054 462 2090; x_wconf 80' lang='lat' dir='ltr'>Ser.</span> <span class='ocrx_word' id='word_1_219' title='bbox 482 2056 522 2090; x_wconf 75' lang='lat' dir='ltr'>in</span> <span class='ocrx_word' id='word_1_220' title='bbox 547 2055 725 2099; x_wconf 74' lang='lat' dir='ltr'>Arpinati</span> <span class='ocrx_word' id='word_1_221' title='bbox 755 2055 790 2089; x_wconf 94' lang='lat' dir='ltr'><strong><em>V</em></strong></span> <span class='ocrx_word' id='word_1_222' title='bbox 810 2056 907 2089; x_wconf 76' lang='lat' dir='ltr'>Non.</span> <span class='ocrx_word' id='word_1_223' title='bbox 931 2054 1052 2099; x_wconf 73' lang='lat' dir='ltr'>Quint.</span> <span class='ocrx_word' id='word_1_224' title='bbox 1074 2067 1106 2090; x_wconf 86' lang='lat' dir='ltr'>a.</span> <span class='ocrx_word' id='word_1_225' title='bbox 1129 2058 1200 2091; x_wconf 82' lang='lat'>710</span> <span class='ocrx_word' id='word_1_226' title='bbox 1226 2058 1314 2099; x_wconf 76' lang='lat'><em>(44).</em></span> <span class='ocrx_word' id='word_1_227' title='bbox 1535 2064 1569 2090; x_wconf 83' lang='lat'>30</span> 
     </span>
     <span class='ocr_line' id='line_1_33' title="bbox 582 2136 1119 2171; baseline 0.002 -1"><span class='ocrx_word' id='word_1_228' title='bbox 582 2136 772 2171; x_wconf 83' lang='lat' dir='ltr'>CICERO</span> <span class='ocrx_word' id='word_1_229' title='bbox 796 2136 987 2171; x_wconf 82' lang='lat' dir='ltr'>ATTICO</span> <span class='ocrx_word' id='word_1_230' title='bbox 1013 2137 1119 2171; x_wconf 86' lang='lat' dir='ltr'><strong><em>SAL.</em></strong></span> 
     </span>
    </p>
   </div>
   <div class='ocr_carea' id='block_1_8' title="bbox 182 2206 1515 2321">
    <p class='ocr_par' dir='ltr' id='par_1_8' title="bbox 182 2206 1515 2321">
     <span class='ocr_line' id='line_1_34' title="bbox 270 2206 1515 2262; baseline 0.002 -15"><span class='ocrx_word' id='word_1_231' title='bbox 270 2206 383 2261; x_wconf 83' lang='lat' dir='ltr'>Ego,</span> <span class='ocrx_word' id='word_1_232' title='bbox 423 2210 472 2248; x_wconf 85' lang='lat' dir='ltr'>ut</span> <span class='ocrx_word' id='word_1_233' title='bbox 510 2208 561 2248; x_wconf 88' lang='lat' dir='ltr'>ad</span> <span class='ocrx_word' id='word_1_234' title='bbox 598 2211 638 2248; x_wconf 91' lang='lat' dir='ltr'>te</span> <span class='ocrx_word' id='word_1_235' title='bbox 676 2208 809 2262; x_wconf 89' lang='lat' dir='ltr'>pridie</span> <span class='ocrx_word' id='word_1_236' title='bbox 841 2208 1107 2262; x_wconf 86' lang='lat' dir='ltr'>scripseram,</span> <span class='ocrx_word' id='word_1_237' title='bbox 1145 2207 1281 2249; x_wconf 75' lang='lat' dir='ltr'>Nonis</span> <span class='ocrx_word' id='word_1_238' title='bbox 1313 2209 1515 2250; x_wconf 87' lang='lat' dir='ltr'>constitu-</span> 
     </span>
     <span class='ocr_line' id='line_1_35' title="bbox 182 2265 1513 2321; baseline 0.003 -17"><span class='ocrx_word' id='word_1_239' title='bbox 182 2278 294 2304; x_wconf 88' lang='lat' dir='ltr'>eram</span> <span class='ocrx_word' id='word_1_240' title='bbox 336 2266 477 2307; x_wconf 88' lang='lat' dir='ltr'>venire</span> <span class='ocrx_word' id='word_1_241' title='bbox 520 2266 565 2306; x_wconf 88' lang='lat' dir='ltr'>in</span> <span class='ocrx_word' id='word_1_242' title='bbox 602 2265 893 2308; x_wconf 86' lang='lat' dir='ltr'>Puteolanum.</span> <span class='ocrx_word' id='word_1_243' title='bbox 955 2265 1022 2307; x_wconf 91' lang='lat' dir='ltr'>Ibi</span> <span class='ocrx_word' id='word_1_244' title='bbox 1059 2267 1192 2321; x_wconf 82' lang='lat' dir='ltr'>igitur</span> <span class='ocrx_word' id='word_1_245' title='bbox 1229 2267 1381 2308; x_wconf 88' lang='lat' dir='ltr'>cotidie</span> <span class='ocrx_word' id='word_1_246' title='bbox 1418 2270 1513 2308; x_wconf 86' lang='lat' dir='ltr'>tuas</span> 
     </span>
    </p>
   </div>
  </div>
 </body>
</html>
