1665 2553
664 65 703 99 P.
725 68 920 100 386—393.
1356 63 1468 99 CXIII

122 160 276 204 Tyrrell.
304 181 349 185 —
375 163 418 194 26
445 151 655 203 Epistulam
674 158 822 193 XLVIII
847 158 934 193 hinc
959 158 1145 203 incipiunt
1168 158 1322 193 Schiche
1342 158 1465 192 Herm.

122 207 241 241 XVIII
266 219 300 252 p.
322 210 401 249 591,
428 205 597 240 Schmidt
621 218 655 250 p.
677 210 756 250 495,
783 205 927 250 Tyrrell
953 216 1009 250 ep.
1031 210 1109 249 594,
1130 218 1161 240 v.
1183 209 1227 239 33
1252 206 1404 250 priores.
1423 227 1467 230 —

124 259 167 288 31
200 255 489 298 eoespectabamus
520 252 607 287 Otto
639 265 730 288 mus.
763 253 877 287 Rhen.
907 256 996 286 1886
1023 265 1058 297 p.
1080 256 1147 287 373
1183 252 1227 287 cf.
1254 265 1288 297 p.
1310 256 1388 286 392.
1411 256 1465 294 21,

124 305 273 344 39412,
308 300 392 334 add.
419 304 557 335 407.18
591 300 651 344 (cf.
677 312 707 334 V.
730 301 806 345 20),
844 299 930 334 fam.
964 300 997 333 X
1018 303 1107 334 142
1139 299 1292 344 probab.
1333 320 1378 324 -—
1422 302 1466 332 33

123 348 189 392 Ep.
210 347 358 381 XLVIII
383 347 457 382 Sor.
485 348 525 380 in
554 348 760 381 Tusculano
785 358 900 381 mense
926 347 1032 381 ΙΙΙαὶο
1058 346 1196 389 Baiter,
1216 346 1389 380 Wesenb.
1454 346 1466 391 Η

171 395 216 429 P.
243 394 334 429 390.
355 398 375 428 5
408 406 438 428 v.
473 393 627 428 Schiche
660 394 782 428 Herm.
815 393 932 427 XVIII
956 406 990 437 p.
1014 398 1098 436 614,
1138 393 1306 427 Schmidt
1330 406 1366 437 p.
1386 396 1465 436 495,

123 442 268 486 Tyrrell
294 453 348 486 ep.
369 444 456 484 597,
483 453 513 474 V.
536 444 650 474 7—10
676 451 761 485 pars
789 440 971 485 epistulae
1002 440 1151 474 XLVIII
1182 441 1283 485 apud
1314 440 1464 484 priores.

124 510 170 514 —
196 492 239 522 10
273 499 416 522 crucem
449 487 578 521 addidi
605 490 642 522 et
669 488 716 521 ad
736 487 847 521 Verba
867 488 960 532 quod
980 488 1096 523 licebit
1116 498 1261 531 quoque
1281 487 1466 532 pertinere

124 535 217 570 volo.
262 535 420 569 Mirifica
444 535 684 579 interpretes:
710 534 802 568 mihi
828 534 1023 569 succurrit:
1051 539 1115 569 aut
1139 546 1200 579 090
1226 535 1274 569 ad
1300 539 1330 569 te
1356 535 1466 569 otio-

123 594 197 617 sus
222 587 287 617 aut
310 587 351 617 tu
377 582 424 616 ad
450 593 514 624 me,
540 593 649 626 quom
675 582 807 625 licebit,
833 581 856 615 i.
883 592 914 616 0.
941 584 1006 616 aut
1032 592 1111 626 ego,
1138 581 1238 624 quod
1262 593 1360 615 nunc
1386 592 1467 614 sum

127 629 267 663 otiosus
294 629 354 672 (cf.
376 632 453 662 387.
476 632 519 662 34
545 630 704 673 vacuus),
733 630 798 662 aut
821 630 874 671 tn,
901 640 983 662 cum
1009 629 1080 662 eris
1107 629 1265 670 otiosus3
1305 639 1351 662 an
1377 626 1467 667 ὅλως

128 677 250 710 ‘unter
276 676 374 709 allen
400 675 665 709 Umstiinden'?
691 697 736 700 —-
763 679 804 709 11
831 675 1025 719 Epistulae
1050 675 1200 709 initium
1224 675 1369 709 faciunt
1390 675 1465 708 edi-

128 726 224 757 tores
262 725 410 767 praeter
448 722 693 756 Schmidtium
731 724 768 756 et
804 722 1041 766 Tyri-ellium,
1079 723 1153 757 Ser.
1185 723 1227 756 in
1262 722 1466 756 Tusculano

126 781 242 804 mense
280 770 386 804 Maio
423 769 566 811 Baiter,
605 768 777 803 Wesenb.
816 790 861 794 —-
899 773 941 803 12
978 770 1093 804 subito
1129 780 1196 814 pro
1224 774 1314 813 puto
1346 768 1465 811 Klotz,

126 817 311 859 WVesenb„
328 816 396 850 del.
413 816 578 859 SchuetZ,
601 816 794 860 ‘explicari
813 827 920 860 posse
940 816 1076 851 verbis:
1101 816 1147 850 ‘si
1166 818 1266 850 recte
1285 815 1465 858 memini',

126 866 168 897 ut
203 863 292 897 olim
316 863 435 896 visum
460 863 726 907 Wesenbergio
758 863 910 897 Emend.
937 875 971 907 p.
994 867 1055 906 50,
1093 874 1166 897 non
1204 863 1334 897 credit⁷
1372 863 1467 896 Boot

126 912 242 953 recte,
256 922 343 944 nam
356 910 528 954 pertinet,
542 912 585 943 ut
598 910 737 954 opinor,
758 910 806 943 ad
819 910 1071 944 urbanitatem
1089 909 1290 951 hominum,
1311 920 1466 953 quorum

127 957 278 991 habitus
293 960 390 991 certe
404 958 484 990 erat
496 957 668 990 urbanus.
684 978 729 981 —
744 960 788 990 24
801 957 986 991 Caesarem
999 957 1122 1001 potius
1138 968 1250 1000 quam
1265 957 1464 991 Ciceronem

126 1004 225 1046 Iacl.,
238 1004 421 1045 W‘esenb„
436 1004 539 1038 Boot.
555 1025 599 1028 —
615 1007 657 1037 27
673 1015 702 1037 V.
720 1003 874 1037 Schiche
887 1003 1009 1038 Herm.
1025 1004 1143 1037 XVIII
1156 1016 1191 1048 p.
1205 1007 1283 1045 614,
1299 1003 1466 1037 Schmidt

127 1063 162 1095 p.
178 1055 257 1094 495,
277 1050 420 1094 Tyri-el]
434 1061 489 1094 ep.
507 1054 586 1093 596,
607 1062 721 1085 mense
736 1051 843 1084 Illaz'o
860 1051 998 1093 Baiter,
1013 1051 1185 1085 Wesenb.
1204 1072 1249 1075 —
1269 1054 1312 1084 33
1327 1050 1466 1084 cousul-
1487 1077 1496 1081 -

126 1103 202 1132 tum
221 1109 299 1140 scr,
320 1098 509 1132 consilium
529 1097 632 1131 codd.
655 1100 692 1131 et
712 1097 806 1141 edd,
822 1109 904 1131 cum
919 1108 1024 1132 cruce
1038 1097 1224 1140 Wesenb.,
1238 1102 1371 1132 certam
1384 1108 1464 1131 con—

126 1145 248 1179 silium
281 1144 402 1178 Moser
433 1155 553 1188 progr.
581 1144 665 1178 Ulm
695 1148 782 1178 1841
804 1157 838 1188 p.
861 1149 990 1188 21·sc1.,
1022 1145 1251 1179 constitutum
1277 1145 1466 1178 consilium

127 1191 317 1225 Lehmann
337 1191 500 1232 Quaestt.
522 1203 556 1235 p.
573 1194 603 1225 8,
654 1189 706 1225 Cf.
726 1191 847 1225 Plaut.
869 1192 962 1225 Rud.
984 1195 1051 1225 225
1070 1203 1181 1235 mque
1201 1212 1246 1216 —
1265 1203 1376 1235 neque
1396 1191 1466 1234 qud

127 1250 309 1282 quaeram,
329 1239 441 1282 (mim)
461 1238 701 1273 consultumst.
734 1240 744 1282 Η
781 1238 826 1272 Ρ.
842 1237 932 1273 391.
949 1242 967 1271 2
987 1251 1018 1272 V.
1037 1238 1192 1272 Schiche
1212 1237 1333 1272 Herm.
1348 1237 1467 1271 XVIII

127 1298 162 1329 p.
173 1289 251 1329 614,
268 1285 435 1318 Schmidt
448 1289 573 1329 p.496,
587 1284 731 1328 Tyrrell
740 1296 794 1329 ep.
805 1289 884 1329 598,
898 1297 1013 1320 ‘mense
1026 1286 1133 1320 BIaio
1146 1285 1283 1328 Baiter,
1291 1284 1463 1318 Wesenb.

128 1353 173 1357 —
188 1336 206 1365 7
227 1336 274 1367 tu
291 1343 387 1366 unus
404 1331 563 1374 Ernesti,
578 1331 763 1375 Wesenb,
778 1332 881 1366 Boot.
907 1333 966 1365 Ad
980 1344 1015 1376 p.
1031 1336 1150 1367 376.6.
1166 1353 1211 1357 -—
1224 1332 1276 1366 Ib.
1291 1336 1322 1366 te
1342 1342 1406 1376 pro
1426 1335 1467 1365 tu

128 1379 255 1412 Baiter
281 1381 318 1412 et
343 1378 510 1413 Schmidt
537 1379 672 1413 ‘errore
697 1379 802 1423 typ’.
829 1401 874 1404 —
902 1384 945 1413 14
972 1384 1011 1413 ut
1035 1384 1137 1414 sunt
1161 1383 1319 1423 tempora
1344 1378 1466 1412 Moser

128 1425 361 1506 Effiffl
373 1429 657 1506 ctffltptfigtq*
684 1425 772 1506 1ῗέ
776 1426 1467 1517 QEZJ}113⁹⁰55?sssssssssstpssjssffiffdpmi²³⁶

130 1494 139 1505 ι
620 1496 631 1506 ·.
719 1501 740 1517 ζ,
1220 1498 1222 1501 ν
1317 1501 1322 1506 .
1350 1493 1395 1497 ’-
1446 1487 1452 1503 5

128 1520 197 1553 scis
222 1521 321 1560 vett,
346 1518 531 1562 Wesenb.,
557 1519 661 1562 Boot,
688 1519 866 1563 Schmidt,
891 1521 924 1554 si
949 1531 1016 1553 om.
1044 1521 1097 1555 ita
1122 1520 1189 1563 Ml,
1214 1520 1301 1554 scito
1326 1520 1380 1554 ita
1399 1519 1465 1561 ΛΡ,

128 1566 271 1608 Baiter,
306 1565 458 1609 Tyrrell.
491 1587 536 1590 —
563 1570 605 1599 25
631 1567 694 1600 hoc
718 1566 912 1610 Wesenh,
937 1567 1040 1601 Boot.
1081 1567 1141 1600 Ad
1165 1579 1200 1611 p.
1222 1570 1276 1600 12.
1293 1570 1324 1600 6.
1350 1587 1395 1590 -
1422 1570 1465 1599 29

129 1625 160 1647 v.
188 1612 343 1646 Schiche
368 1612 489 1646 Herm.
511 1612 627 1646 XVIII
646 1625 681 1657 p.
703 1617 781 1656 614,
809 1613 977 1647 Schmidt
995 1626 1029 1657 p.
1049 1618 1130 1656 496,
1151 1613 1296 1657 Tyr-rell
1315 1623 1370 1656 ep.
1386 1616 1465 1654 599,

129 1671 244 1694 mense
275 1660 381 1694 Maio
418 1659 561 1702 Baiter,
598 1660 771 1693 Wesenb.
826 1661 837 1703 Η
892 1661 937 1694 P.
965 1660 1055 1695 392.
1082 1665 1100 1694 2
1135 1661 1256 1694 XXV
1283 1659 1413 1693 Bosius
1447 1670 1465 1692 e

132 1705 264 1740 ‘Scidis
291 1708 327 1740 et
355 1705 574 1749 Crusellino,
607 1717 702 1750 quae
734 1718 876 1740 summa
901 1706 1058 1741 refertur
1084 1707 1198 1741 etiam
1224 1718 1278 1750 ep.
1302 1711 1354 1739 15.
1378 1705 1465 1739 libri

130 1757 184 1787 16.
211 1763 437 1796 quamquam
461 1752 618 1787 fortasse
644 1753 683 1786 in
710 1753 854 1787 diversa
880 1754 1038 1796 caussa’,
1059 1754 1163 1796 Boot,
1184 1754 1243 1787 cui
1265 1753 1339 1786 ‘vix
1360 1752 1465 1785 dubi-

129 1800 298 1833 tandum’
321 1800 477 1842 Videtur,
506 1800 610 1843 ‘quin
629 1802 786 1843 utroque
805 1800 886 1834 loco
909 1800 953 1834 de
973 1801 1104 1834 eadem
1123 1799 1302 1845 pecuniae
1323 1809 1467 1832 summa

130 1847 290 1891 agatur’,
316 1846 470 1890 Tyrrell.
503 1868 548 1871 —
580 1850 599 1880 9
625 1848 714 1880 mihi
739 1847 820 1880 edd.
854 1850 1001 1891 praeter
1026 1847 1180 1891 Tyrrell.
1230 1846 1288 1879 Ad
1313 1858 1346 1890 p.
1364 1849 1394 1880 9.
1412 1850 1464 1881 19.

130 1914 175 1918 —-
201 1897 243 1927 13
270 1898 340 1928 esto
367 1893 458 1927 coni.
479 1893 584 1935 Boot,
614 1894 741 1936 ‘quum
761 1904 779 1927 e
800 1894 966 1927 Mediceo
988 1893 1163 1927 afferatur
1188 1893 1249 1927 est'
1272 1894 1464 1936 (superscr.

132 1939 295 1984 τ170163’).
322 1961 367 1965 —-
394 1944 436 1973 17
463 1952 493 1974 V.
521 1939 675 1974 Schiche
700 1940 821 1974 Herm.
843 1940 961 1974 XVIII
982 1953 1016 1985 p.
1039 1944 1117 1983 614,
1145 1939 1312 1973 Schmidt
1335 1951 1369 1983 p.
1386 1943 1466 1982 497,

130 1986 273 2030 Tyri-ell
298 1998 352 2030 ep.
375 1991 451 2028 600,
488 1998 601 2021 mense
628 1987 734 2021 Maio
760 1987 897 2030 Baiter,
923 1987 1096 2021 IVesenb.
1124 2008 1168 2011 —
1196 1990 1238 2019 22
1260 1987 1466 2030 postmeri-

129 2033 262 2067 dianae
286 2035 386 2076 vett,
413 2033 584 2067 Wesenb.
635 2035 646 2077 ss
695 2034 740 2068 Ρ.
755 2033 845 2068 393.
867 2038 886 2067 5
913 2046 943 2067 V.
972 2033 1139 2067 Schmidt
1163 2045 1197 2077 p.
1218 2037 1297 2075 497,
1324 2032 1467 2076 Tyrrell

131 2089 186 2123 ep.
208 2083 286 2122 601,
310 2081 375 2114 ΙΧ
398 2080 447 2114 K.
473 2081 557 2115 Iun.
585 2080 739 2114 Schiche
765 2080 887 2115 Herm.
908 2080 1026 2114 XVIII
1050 2092 1085 2124 p.
1108 2084 1192 2122 614,
1220 2090 1333 2114 mense
1360 2080 1466 2114 Maio

129 2126 266 2169 Baiter,
291 2126 463 2160 IVesenb.
491 2148 535 2152 ——
562 2131 581 2161 8
609 2139 734 2172 quam
759 2139 859 2172 quem
885 2129 933 2161 ad
958 2128 1101 2161 ¹modum
1127 2126 1244 2169 codd,
1270 2126 1467 2160 tolerabile

129 2172 275 2206 Videtur
299 2173 364 2207 uni
388 2173 602 2207 Schmidtio.
623 2195 668 2198 —
695 2178 736 2207 12
753 2186 805 2217 sq.
834 2185 938 2216 esse,
965 2178 1001 2208 et
1026 2174 1225 2216 sicunde,
1251 2185 1273 2207 α
1299 2178 1330 2208 te
1348 2174 1468 2207 hortos

130 2219 298 2253 Schmidt
327 2219 455 2263 (etiam
486 2220 617 2254 Philol.
641 2224 729 2255 1896
755 2233 790 2264 p.
813 2222 910 2263 708),
944 2220 1042 2263 quod
1067 2220 1123 2262 id,
1151 2220 1250 2264 quod
1276 2218 1301 2253 C
1328 2222 1365 2253 et
1390 2232 1420 2253 V.
1437 2231 1466 2254 0.

129 2268 168 2300 et
192 2266 333 2310 L(mg0)
360 2268 396 2300 et
422 2267 525 2302 codd.
552 2267 638 2301 Bosi
659 2267 862 2311 (Lehmann
887 2267 963 2301 Att.
984 2279 1019 2311 p.
1042 2269 1121 2311 123)
1141 2267 1292 2310 habent,
1319 2268 1412 2311 quod
1437 2267 1468 2301 si

200 2330 261 2356 Cic.
280 2331 367 2360 epist.
379 2331 419 2356 Π.
1233 2325 1258 2359 11
