1665 2553
216 99 265 133 M.
286 98 425 134 TULLI
446 98 695 134 CICERONIS
716 99 860 134 EPIST.
882 98 946 133 AD
968 99 1183 134 ATTICUM
1209 100 1241 134 X
1270 105 1299 136 1.
1354 101 1439 142 293

100 209 193 236 sum
226 195 413 236 animum
444 209 585 236 meum
617 194 795 249 detineS,
828 195 900 236 sed
933 209 980 236 eo
1012 195 1171 249 minus,
1210 195 1321 250 quod
1352 210 1439 237 non

100 253 266 308 dubito,
299 253 399 307 quid
430 254 555 295 nobis
590 254 798 309 agendum
829 256 964 307 putes.
1028 253 1108 302 Qui
1148 254 1260 295 enim
1291 254 1438 295 Flavio

98 312 309 367 legionem
340 315 382 353 et
415 311 600 353 Siciliam
634 312 723 353 dari
756 312 914 353 scribas
949 315 989 353 et
1015 312 1057 353 id
1088 313 1171 353 iam
1198 313 1301 368 fieri,
1334 327 1440 367 quae

98 374 147 411 tu
178 370 333 412 scelera
370 371 527 424 partim
563 371 703 425 parari
740 371 824 412 iam
867 374 909 412 et
950 372 1148 426 cogitari,
1192 372 1348 426 partim
1389 386 1438 413 ex

64 444 79 470 5
99 432 287 484 tempore
323 429 468 470 futura
500 430 672 471 censes?
732 429 828 484 Ego
861 444 960 471 vero
995 430 1181 485 Solonis,
1219 430 1438 484 popularis

98 488 180 542 tui,
211 490 259 529 ut
290 491 413 542 puto,
452 488 579 529 etiam
611 488 712 543 mei,
748 488 884 543 legem
915 489 1155 543 neglegam,
1195 489 1268 543 qui
1299 489 1438 542 capite

100 547 258 602 sanxit,
296 547 332 587 si
370 547 442 601 qui
480 547 525 587 in
563 547 768 588 seditione
807 561 894 588 non
924 547 1099 588 alterius
1132 548 1270 588 utrius
1302 548 1438 602 partis

98 606 267 661 fuisset,
307 609 358 659 et,
389 606 472 646 nisi
505 605 540 646 si
581 608 629 646 tu
666 606 788 647 aliter
819 620 981 661 censes,
1022 609 1062 647 et
1093 606 1191 647 hinc
1229 606 1355 648 abero
1395 609 1438 647 et

0 677 5 719 μ
97 664 215 705 illim.
280 663 361 705 Sed
399 665 578 705 alterum
616 664 721 705 mihi
760 667 823 705 est
861 665 1033 719 certius,
1070 679 1146 706 nec
1183 665 1438 719 praeripiam

0 721 1 724 ’
44 739 79 764 10
98 725 250 764 tamen.
317 723 589 776 Exspectabo
641 726 762 764 tuum
803 723 1026 764 consilium
1067 726 1108 764 et
1150 738 1219 764 eas
1259 724 1436 778 litteras,

97 781 181 822 nisi
208 781 310 822 alias
342 781 427 822 iam
454 781 616 835 dedisti,
642 796 745 835 quas
773 782 922 835 scripsi
954 785 1002 822 ut
1030 780 1278 836 Cephalioni
1303 782 1435 824 dares,

188 838 307 888 Quod
334 839 497 895 scribis,
520 854 607 881 non
627 855 710 894 quo
732 840 898 881 aliunde
918 840 1113 894 audieris,
1141 841 1213 882 sed
1232 843 1273 881 te
1295 842 1436 895 ipsum

98 900 247 951 putare
277 913 344 939 me
376 901 605 939 attractum
635 899 700 953 iri,
733 899 769 939 si
801 899 849 940 de
880 913 981 953 pace
1013 903 1182 953 agatur,
1213 899 1319 940 mihi
1351 914 1435 940 om-

98 957 199 997 nino
231 971 317 997 non
349 957 463 997 venit
495 957 539 997 in
571 960 771 1012 mentem,
809 972 915 1012 quae
951 958 1089 1012 possit
1121 958 1230 999 actio
1264 972 1354 999 esse
1386 958 1435 999 de

46 1031 79 1056 15
99 1029 217 1068 pace,
258 1029 353 1056 cum
392 1015 456 1056 illi
499 1016 781 1057 certissimum
823 1016 895 1071 sit,
937 1016 974 1057 si
1005 1016 1160 1071 possit,
1201 1017 1436 1071 exspoliare

99 1074 282 1114 exercitu
317 1076 357 1114 et
394 1074 611 1127 provincia
642 1074 907 1129 Pompeium3
944 1075 1027 1116 nisi
1049 1075 1175 1121 ‚forte
1212 1075 1294 1116 iste
1327 1090 1435 1116 sum-

97 1132 255 1173 marius
289 1132 325 1173 ei
357 1135 499 1186 potest
540 1133 810 1187 persuadere,
850 1136 915 1188 ut,
957 1134 1056 1174 dum
1097 1136 1285 1174 oratores
1327 1137 1436 1187 eant,

98 1190 282 1246 redeant,
314 1191 512 1244 quiescat.
562 1190 683 1232 Nihil
714 1192 850 1246 video,
883 1192 996 1246 quod
1029 1207 1191 1246 sperem
1218 1196 1291 1233 aut
1325 1193 1437 1246 quod

98 1249 182 1289 iam
212 1252 357 1303 putem
389 1249 481 1290 fieri
512 1264 648 1303 posse.
700 1248 780 1291 Sed
806 1253 948 1291 tamen
972 1250 1157 1292 hominis
1189 1250 1269 1292 hoc
1294 1251 1436 1305 ipsum

47 1324 80 1348 20
99 1307 223 1361 probi
261 1310 324 1348 est
363 1308 392 1361 †
417 1322 618 1362 magnum
656 1308 712 1349 sit
748 1316 836 1350 τῶν
867 1310 1219 1351 πολιτικωτάτων
1251 1310 1436 1364 σκεμμά-

99 1382 199 1419 των,
230 1366 535 1407 veniendumne
568 1367 624 1407 sit
655 1367 700 1407 in
731 1368 955 1408 consilium
993 1369 1181 1422 tyranni,
1222 1368 1257 1409 si
1296 1368 1332 1409 is
1365 1368 1437 1409 ali-

100 1439 183 1478 qua
214 1424 262 1464 de
292 1439 338 1464 re
368 1424 480 1465 bona
512 1425 818 1466 deliberaturus
853 1426 919 1467 sit.
970 1425 1118 1481 Quare,
1151 1427 1186 1467 si
1213 1426 1314 1480 quid
1346 1426 1436 1467 eius

99 1482 213 1523 modi
239 1483 434 1537 evenerit,
459 1486 508 1523 ut
534 1498 793 1525 arcessamur
813 1483 945 1539 (quod
971 1485 1164 1539 equidem
1188 1499 1275 1526 non
1300 1485 1434 1526 credo.

100 1540 209 1589 Quid
246 1541 357 1582 enim
394 1555 529 1582 essem
566 1542 615 1583 de
652 1556 751 1596 pace
794 1543 999 1597 dicturus,
1044 1543 1146 1597 dix13
1190 1544 1279 1597 ipse
1316 1543 1436 1584 valde

16 1610 18 1636 Ι
48 1615 81 1641 25
100 1599 369 1655 repudiavit),
402 1599 472 1640 sed
503 1602 655 1654 tamen,
689 1601 725 1641 si
756 1601 857 1654 quid
888 1601 1101 1655 acciderit,
1135 1602 1237 1655 quid
1269 1616 1438 1642 censeas

100 1658 204 1698 mihi
235 1658 483 1712 faciendum,
514 1658 662 1711 utique
695 1659 881 1700 scribito.
942 1658 1064 1699 Nihil
1096 1660 1207 1700 enim
1238 1660 1344 1700 mihi
1371 1660 1437 1700 ad-

98 1716 181 1757 huc
213 1717 374 1771 accidit,
407 1717 518 1770 quod
551 1717 724 1757 maioris
757 1717 921 1758 consilii
955 1720 1076 1758 esset.

187 1774 371 1829 Trebati,
403 1775 504 1815 boni
537 1775 617 1816 viri
650 1778 690 1816 et
724 1775 838 1827 civis,
870 1775 1011 1816 verbis
1044 1778 1085 1816 te
1112 1775 1272 1830 gaudeo
1307 1776 1437 1817 delec-

100 1835 250 1887 tatum,
282 1836 438 1887 tuaque
470 1834 553 1874 ista
580 1833 724 1874 crebra
751 1833 995 1887 ἐκφώυησις
1022 1833 1227 1887 εὑπέρευ’
1254 1849 1320 1875 1116
1348 1835 1436 1875 sola

49 1907 82 1932 30
101 1891 235 1932 adhuc
266 1891 499 1933 delectavit.
560 1891 745 1933 Litteras
783 1894 878 1933 tuas
916 1891 1184 1933 vehementer
1222 1895 1436 1947 exspecto3

103 1963 206 2002 quas
247 1950 415 2003 quidem
456 1950 576 1991 credo
618 1951 702 1991 iam
744 1950 862 1991 datas
906 1965 1004 1991 esse.
1068 1950 1129 1991 Tu
1172 1965 1267 1991 cum
1308 1950 1435 1992 Sexto

103 2008 279 2048 servasti
328 2009 582 2062 gravitatem
632 2009 825 2065 eandem,
882 2023 1007 2062 quam
1063 2008 1169 2049 mihi
1217 2009 1436 2063 praecipis.

103 2063 223 2106 Celer
272 2068 372 2107 tuus
422 2067 604 2108 disertus
654 2068 790 2122 magis
842 2070 905 2108 est
950 2082 1076 2121 quam
1127 2067 1305 2120 sapiens.
1374 2067 1437 2108 De

102 2123 324 2164 iuvenibus
363 2139 469 2178 quae
506 2140 555 2166 ex
594 2104 750 2166 TulliaD
771 2125 944 2180 audisti,
985 2140 1083 2166 vela
1121 2128 1228 2166 sunt.
1290 2126 1318 2179 ’ξ’
1350 2125 1438 2166 Ma-

49 2198 81 2224 :35
102 2182 196 2223 coni
242 2182 372 2233 istud,
418 2183 530 2237 quod
574 2184 740 2238 scribis,
783 2198 871 2225 non
910 2183 1015 2224 mihi
1056 2183 1222 2224 videtur
1262 2186 1350 2224 tam
1392 2199 1437 2225 re

102 2254 191 2281 esse
223 2240 345 2281 triste
378 2255 503 2294 quam
535 2242 674 2282 verbo.
737 2241 852 2283 Haec
890 2245 954 2282 est
993 2243 1092 2295 ἄλη,
1128 2242 1173 2282 111
1211 2257 1293 2296 qua
1324 2257 1437 2284 nuno

103 2313 264 2355 sumus,
313 2299 463 2340 mortis
503 2299 649 2340 instar.
716 2299 805 2340 Aut
849 2300 960 2341 enim
1003 2300 1108 2341 mihi
1151 2300 1282 2342 libere
1326 2301 1438 2342 inter
