1665 2553
41 405 56 430 5

24 815 58 840 10

25 1107 59 1134 15

31 1401 62 1425 20

30 1692 62 1718 25

33 1985 66 2009 30

32 2275 65 2301 35

209 47 212 49 ⁵
259 55 598 91 EPISTULARUM
623 56 687 90 AD
714 55 928 91 ATTICUM
954 56 1022 91 VII
1049 60 1091 90 13
1102 61 1228 91 a—15.
1329 57 1412 98 211

76 155 234 194 ceteras
261 150 421 193 Romae
451 154 754 192 remanserunt.
806 151 870 193 Tu
900 151 992 206 ipse
1024 166 1120 193 cum
1147 151 1276 194 Sexto
1311 153 1415 194 scire

76 211 203 252 velim
235 210 336 265 quid
367 210 528 265 cogites
562 211 611 251 de
644 210 831 252 exeundo
860 211 909 251 de
933 213 1109 266 totaque
1134 226 1179 252 re
1206 211 1307 266 quid
1334 212 1416 252 exi-

76 270 234 311 stimes.
296 268 508 323 Equidem
541 270 592 310 ad
623 282 768 323 pacem
797 269 962 310 hortari
993 284 1081 311 non
1112 270 1275 324 desin03
1309 284 1416 324 quae

75 329 142 370 vel
178 328 338 369 iniusta
375 328 525 369 utilior
558 330 621 369 est
653 342 780 382 quam
811 328 1096 370 iustissimum
1128 328 1289 371 bellum
1321 343 1416 370 cum

76 386 249 428 civibus.
317 385 396 428 Sed
427 386 541 441 haec,
573 389 620 427 ut
651 387 739 427 fors
771 387 929 428 tulerit.

699 503 791 545 XV.

362 584 435 618 Ser.
460 584 606 628 Capuae
637 584 671 619 V
693 584 741 619 K.
764 584 868 620 Feltr.
890 597 923 619 α.
947 587 1018 620 705
1044 588 1134 629 (49).

499 665 668 701 CICERO
693 665 866 701 ATTICO
895 666 991 702 SAL.

167 737 227 779 Ut
260 737 311 778 ab
344 737 450 779 urbe
482 737 668 793 discessi,
698 738 863 779 nullum
897 738 1032 780 adhuc
1060 739 1271 780 intermisi
1297 739 1418 794 diem,

79 796 182 851 quin
216 796 376 850 aliquid
404 796 454 837 ad
480 799 522 838 te
546 797 788 837 litterarum
814 797 968 853 darem,
998 812 1085 839 non
1111 812 1193 852 quo
1218 798 1418 839 haberem

77 868 232 909 magno
266 869 406 909 opere,
447 855 560 909 quod
593 855 829 910 scriberem,
872 856 943 897 sed
973 859 1021 897 ut
1051 856 1248 911 loquerer
1278 859 1418 898 tecum

80 914 252 967 absens3
294 927 377 967 quo
410 913 536 969 mihi,
574 928 667 954 cum
701 928 842 955 coram
873 914 919 955 id
949 929 1036 956 non
1066 915 1183 971 licet,
1214 915 1324 956 nihil
1355 918 1419 956 est

77 972 309 1014 iucundius.

167 1029 356 1084 Capuam
394 1044 490 1072 cum
521 1031 731 1073 venissem
771 1046 805 1073 a.
832 1031 869 1073 d.
895 1043 943 1073 VI
973 1031 1066 1073 Kal.
1100 1033 1253 1087 pridie,
1293 1047 1419 1086 quam

78 1089 154 1130 has
192 1089 358 1131 litteras
396 1089 507 1144 dedi,
551 1090 744 1131 consules
784 1090 960 1131 conveni
998 1090 1241 1145 multosque
1280 1091 1419 1132 nostri

81 1147 250 1189 ordinis,
299 1146 453 1189 Omnes
480 1148 706 1202 cupiebant
733 1147 954 1190 Caesarem
981 1149 1172 1190 abductis
1198 1150 1418 1203 praesidiis

81 1210 193 1247 stare
218 1206 534 1248 condicionibus
560 1207 623 1262 iis,
651 1221 754 1261 quas
781 1208 970 1262 tulisset3
996 1208 1070 1248 uni
1090 1207 1276 1249 Favonio
1303 1208 1417 1263 leges

81 1265 133 1306 ab
177 1265 252 1306 illo
294 1265 419 1306 nobis
457 1265 620 1319 imponi
657 1280 743 1307 non
779 1266 986 1320 placebat.
1056 1266 1137 1308 Sed
1168 1267 1204 1308 is
1243 1281 1271 1309 a
1305 1268 1418 1309 nullo

82 1323 251 1365 auditur
280 1323 326 1364 in
358 1324 545 1365 consilio.
598 1323 703 1365 Cato
737 1325 847 1365 enim
879 1325 969 1379 ipse
995 1325 1080 1366 iam
1108 1325 1264 1367 servire
1291 1340 1417 1380 quam

82 1396 271 1437 pugnare
313 1382 493 1437 mavult3
538 1383 611 1424 sed
647 1385 790 1424 tamen
827 1383 887 1424 ait
924 1384 969 1424 in
1007 1386 1156 1425 senatu
1194 1398 1236 1425 se
1275 1385 1419 1425 adesse

81 1441 200 1495 velle,
231 1455 326 1481 cum
358 1441 407 1481 de
437 1441 753 1483 condicionibus
779 1445 941 1497 agatur,
974 1442 1009 1483 si
1036 1441 1189 1484 Caesar
1215 1442 1418 1484 adductus

83 1499 152 1554 sit,
182 1501 231 1540 ut
261 1499 472 1553 praesidia
503 1499 689 1541 deducat.
740 1500 818 1555 Ita,
851 1501 963 1555 quod
993 1502 1176 1542 maxime
1209 1516 1315 1555 opus
1343 1504 1417 1552 est,

81 1558 126 1599 in
159 1556 348 1599 Siciliam
385 1557 447 1598 ire
483 1572 570 1599 non
609 1561 745 1613 curat;
790 1560 903 1613 quod
939 1562 1082 1601 metuo
1119 1574 1173 1600 ne
1206 1560 1338 1615 obsit,
1372 1561 1419 1601 in

83 1619 231 1657 senatu
273 1630 364 1657 esse
394 1616 497 1657 vult.
558 1615 804 1658 Postumius
837 1621 996 1672 autem,
1035 1618 1084 1659 de
1117 1632 1199 1672 quo
1230 1618 1418 1660 nomina-

81 1675 161 1716 tim
203 1678 373 1716 senatus
412 1675 614 1731 decrevit,
650 1678 699 1716 ut
731 1676 877 1717 statim
908 1676 952 1717 in
985 1675 1173 1717 Siciliam
1204 1676 1286 1718 iret
1317 1676 1351 1717 F
1353 1692 1419 1717 ur

82 1733 281 1788 fanioque
318 1734 575 1788 succederet,
610 1737 740 1789 negat
779 1748 822 1775 se
861 1734 949 1775 sine
982 1733 1141 1775 Catone
1178 1735 1338 1775 iturum
1377 1738 1418 1776 et

85 1806 203 1833 suam
243 1792 289 1833 in
320 1794 470 1834 senatu
503 1806 673 1846 operam
705 1792 1084 1858 auctoritatemque
1117 1807 1243 1847 quam
1274 1794 1418 1848 magni

85 1851 290 1892 aestimat.
351 1849 419 1891 Ita
459 1864 526 1892 res
558 1850 609 1891 ad
640 1850 850 1892 Fannium
879 1851 1080 1905 pervenit
1141 1851 1184 1892 Is
1218 1866 1312 1892 cum
1343 1852 1418 1892 im-

84 1908 200 1962 perio
231 1909 277 1949 in
303 1907 490 1950 Siciliam
522 1909 822 1963 praemittitur.
871 1908 924 1950 In
955 1909 1314 1963 disputationibus
1345 1925 1417 1951 no-

86 1967 186 2008 stris
224 1981 388 2009 summa
430 1967 612 2009 varietas
645 1970 719 2009 est.
779 1967 976 2022 Plerique
1006 1971 1164 2022 negant
1197 1967 1416 2009 Caesarem

83 2025 129 2066 in
154 2025 397 2068 condicione
420 2041 666 2068 mansurum
692 2026 992 2080 postulataque
1016 2026 1118 2068 haec
1144 2026 1195 2067 ab
1223 2041 1271 2068 eo
1291 2027 1418 2068 inter-

85 2083 223 2137 posita
255 2098 357 2139 esse,
388 2099 470 2139 quo
502 2085 656 2141 minus,
690 2085 803 2139 quod
835 2099 940 2139 opus
973 2088 1083 2126 esset
1115 2085 1166 2125 ad
1192 2085 1362 2140 bellum,
1393 2101 1417 2126 a

84 2142 207 2183 nobis
245 2146 473 2196 pararetur.
534 2143 629 2198 Ego
669 2146 810 2185 autem
842 2158 937 2184 eum
969 2147 1072 2197 puto
1104 2144 1332 2198 facturum,
1368 2148 1417 2185 ut

85 2200 294 2255 praesidia
326 2201 509 2243 deducat.
559 2201 722 2243 Vicerit
755 2202 878 2257 enim,
910 2202 946 2243 si
977 2202 1125 2243 consul
1154 2202 1290 2244 factus
1323 2202 1415 2256 erit,

85 2261 127 2300 et
149 2259 311 2300 minore
338 2260 490 2301 scelere
514 2260 674 2316 vicerit,
707 2275 832 2314 quam
859 2275 942 2314 quo
967 2260 1182 2315 ingressus
1210 2264 1284 2302 est.
1336 2260 1417 2303 Sed

1137 2330 1203 2362 14*
