1665 2553
183 71 269 112 394
607 71 655 106 M.
682 71 823 106 TULLI
849 70 1098 106 CICERONIS

184 166 453 208 vehementer
479 167 630 222 dilig03
660 181 759 208 nam
785 169 840 221 et,
872 167 1020 221 quanti
1045 169 1210 221 patrem
1235 167 1327 221 feci,
1346 167 1527 222 †totum

184 225 230 266 in
259 225 372 266 hunc
404 226 545 279 ipsum
576 240 651 279 per
684 240 727 267 se
763 239 892 279 aeque
928 240 1023 267 amo
1062 228 1189 279 atque
1220 225 1342 267 illum
1377 226 1527 280 amavi,

183 287 227 325 te
264 299 363 325 vero
405 285 657 339 plurimum,
695 284 768 338 qui
798 283 879 325 hoc
912 284 964 325 ab
997 287 1178 338 utroque
1208 287 1404 326 nostrum
1435 284 1527 326 fieri

184 342 300 384 velis.
353 341 398 384 Si
428 343 578 384 hortos
611 342 859 397 inspexeris,
891 346 932 383 et
959 343 995 383 si
1021 343 1070 383 de
1096 343 1278 396 epistula
1304 343 1527 385 certiorem

183 415 251 441 me
276 401 436 455 feceris,
462 401 625 442 dederis
653 401 771 456 mihi,
797 401 910 454 quod
937 401 987 442 ad
1013 404 1054 442 te
1082 401 1279 456 scribam,
1313 402 1348 442 si
1373 402 1527 457 minus,
1563 418 1579 444 5

186 459 367 500 scribam
399 462 543 501 tamen
574 460 744 514 ahquid.
805 459 1051 514 Numquam
1082 460 1194 501 enim
1226 460 1345 502 derit.

828 599 881 642 Π.

402 679 477 715 Ser.
498 680 540 714 in
568 679 775 715 Tusculano
799 680 865 714 IX
888 680 936 714 K.
957 680 1042 714 Iun.
1064 692 1097 715 α.
1120 682 1192 716 709
1219 683 1307 724 (45).

587 761 778 796 CICERO
804 762 996 797 ATTICO
1021 762 1129 797 SAL.

119 843 158 876 (1)
274 831 446 874 Gratior
489 833 595 874 mihi
639 833 831 875 celeritas
870 837 945 874 tua
984 849 1110 888 quam
1148 834 1241 888 ipsa
1278 849 1356 876 res.
1418 834 1526 883 Quid
1546 853 1582 878 10

185 891 297 933 enim
333 892 579 947 indignius?
631 891 711 934 Sed
748 893 832 933 iam
871 893 922 933 ad
954 892 1037 933 ista
1070 892 1347 934 obduruimus
1380 896 1422 934 et
1452 893 1527 935 hu-

184 951 434 991 manitatem
474 965 641 992 omnem
679 951 880 992 exuimus.
944 951 1054 992 Tuas
1096 951 1262 992 litteras
1302 952 1427 994 hodie
1459 967 1526 993 ex-

187 1009 445 1063 spectabam,
486 1009 595 1050 nihil
626 1010 818 1063 equidem
849 1012 898 1050 ut
930 1024 979 1050 ex
1012 1010 1064 1051 iis
1096 1010 1214 1065 novi3
1254 1010 1354 1064 quid
1385 1011 1526 1052 enim?

185 1082 333 1109 verum
363 1070 507 1109 tamen
540 1093 606 1109 —.

817 1184 901 1226 Ha.
1546 1204 1580 1229 15

411 1264 486 1299 Ser.
506 1265 548 1299 in
577 1265 783 1300 Tusculano
815 1265 873 1299 VI
894 1265 941 1299 K.
962 1265 1047 1299 Iun.
1069 1277 1101 1299 a.
1125 1268 1197 1300 709
1223 1267 1312 1309 (45).

590 1345 780 1381 CICERO
805 1346 996 1381 ATTICO
1021 1346 1130 1381 SAL.

46 1429 125 1459 1(11
146 1429 172 1461 1)
276 1415 413 1472 Oppio
453 1420 495 1459 et
525 1417 660 1458 Balbo
694 1417 898 1471 epistulas
930 1418 1082 1459 deferri
1114 1419 1279 1460 iubebis
1311 1421 1353 1461 et
1383 1422 1526 1461 tamen

184 1475 385 1517 Pisonem
423 1476 557 1517 sicubi
589 1476 638 1517 de
671 1491 784 1518 auro.
839 1476 1044 1518 Faberius
1077 1477 1112 1518 si
1143 1477 1318 1533 venerit,
1348 1478 1526 1534 videbis,

185 1537 234 1575 ut
274 1537 441 1576 tantum
473 1535 750 1587 attribuatur,
790 1535 824 1576 si
855 1535 980 1577 modo
1014 1535 1287 1591 attribuetur,
1318 1540 1524 1591 quantum
1544 1555 1580 1580 ρο

187 1592 373 1634 debetur.
435 1593 629 1648 Accipies
663 1594 714 1634 ab
746 1593 890 1635 Erote.

43 1662 120 1694 2(11
140 1662 167 1695 2)
276 1650 538 1708 Ariarathes,
568 1652 847 1693 Ariobarzani
872 1652 997 1707 filius,
1023 1652 1204 1693 Romam
1229 1653 1354 1694 venit.
1405 1653 1524 1709 Vult,

187 1710 355 1765 opinor,
392 1724 571 1766 regnum
612 1710 784 1765 aliquod
821 1725 955 1752 emere
987 1726 1011 1752 a
1043 1710 1237 1766 Caesare3
1278 1726 1395 1766 nam,
1439 1726 1522 1766 quo

185 1768 310 1810 modo
342 1784 454 1810 nunc
486 1772 569 1824 est,
609 1769 756 1823 pedem
788 1769 862 1810 ubi
894 1772 1026 1824 ponat
1057 1770 1103 1810 in
1134 1784 1228 1824 suo,
1265 1784 1353 1811 non
1382 1770 1522 1811 habet.

187 1826 368 1868 Omnino
401 1843 497 1868 eum
529 1827 692 1868 Sestius
724 1830 886 1881 noster,
927 1828 1136 1882 parochus
1169 1828 1375 1883 publicus,
1407 1843 1522 1869 occu·
1542 1846 1579 1872 25

185 1886 323 1941 pavit3
356 1886 468 1940 quod
501 1886 668 1940 quidem
694 1886 815 1927 facile
840 1887 991 1940 patior.
1042 1886 1200 1928 Verum
1226 1889 1380 1941 tamen,
1412 1887 1524 1941 quod

186 1943 292 1984 mihi
326 1959 489 1986 summo
526 1945 728 1986 beneficio
760 1959 854 1986 meo
879 1959 1034 2000 magna
1059 1959 1153 1986 cum
1178 1945 1381 1986 fratribus
1407 1945 1523 1987 illius

186 2003 515 2057 necessitudost,
560 2004 695 2044 invito
741 2017 837 2044 eum
879 2018 953 2057 per
996 2004 1182 2058 litteras,
1224 2006 1271 2044 ut
1310 2004 1421 2057 apud
1457 2018 1524 2045 me

187 2060 440 2102 deversetur.
500 2061 567 2102 Ad
612 2076 702 2103 eam
734 2076 823 2103 rem
855 2076 949 2103 cum
981 2063 1193 2103 mitterem
1224 2061 1523 2118 Alexandrum,

185 2117 262 2158 has
295 2119 333 2159 ei
365 2119 460 2160 dedi
491 2120 668 2161 litteras.
1542 2139 1579 2163 30
