1665 2553
268 101 355 142 486
692 100 740 134 Μ.
767 99 908 133 TULLI
933 98 1180 134 CICERONIS

898 228 1010 270 XXI.

476 310 550 345 Ser.
571 310 612 343 in
640 309 845 343 Tusculano
872 309 913 343 X
936 309 983 343 K.
1007 308 1129 353 Quint.
1150 320 1183 344 a.
1206 311 1277 344 710
1304 311 1394 352 (44).

668 390 858 425 CICERO
883 390 1075 425 ATTICO
1099 390 1208 425 SAL.

354 462 492 504 Narro
520 462 613 517 tibi,
633 462 815 511 Quintus
842 465 962 516 pater
988 462 1173 503 exsultat
1199 462 1373 504 laetitia.
1426 461 1606 516 Scripsit

268 522 379 563 enim
416 522 530 562 filius
569 535 613 563 se
650 521 802 562 idcirco
842 522 1066 575 profugere
1105 521 1155 562 ad
1190 520 1372 562 Brutum
1409 521 1606 577 voluisse,
1643 539 1656 564 5

268 580 391 634 quod,
423 594 518 621 cum
551 580 634 631 sibi
664 579 885 634 negotium
917 579 1035 620 daret
1066 578 1293 635 Antonius,
1324 582 1373 620 ut
1405 593 1500 620 eum
1524 579 1606 620 dic-

267 641 449 680 tatorem
483 639 684 693 efficeret,
722 638 979 691 praesidium
1012 640 1247 693 occuparet,
1279 638 1321 679 id
1353 640 1605 692 recusasset3

266 712 481 738 recusasse
520 699 662 738 autem
695 711 755 751 se,
792 711 843 737 ne
876 697 1010 750 patris
1045 696 1231 738 animum
1265 696 1510 750 offenderet3
1555 710 1605 737 ex

266 770 314 796 eo
348 756 430 796 sibi
461 755 582 796 illum
614 756 792 796 hostem.
856 755 977 795 ‘Tum
1009 755 1104 809 me’,
1142 755 1282 809 inquit
1293 790 1304 811 ⁷
1343 754 1508 809 ‘collegi
1540 769 1605 795 ve—

266 828 382 868 rens,
424 828 476 854 ne
521 814 622 868 quid
665 813 771 854 mihi
807 813 878 854 ille
916 814 1050 854 iratus
1088 814 1169 854 tibi
1206 816 1385 854 noceret.
1455 812 1604 867 Itaque
1626 831 1651 855 1(

267 887 361 913 eum
393 873 566 926 placavi.
628 872 686 912 Et
720 872 887 926 quidem
921 882 1032 913 CCCC
1065 875 1196 927 certa,
1233 872 1396 926 reliqua
1427 872 1472 912 in
1504 872 1604 925 spe.'

267 930 425 972 Scribit
463 934 605 972 autem
638 930 800 971 Statius
842 931 962 971 illum
995 945 1088 971 cum
1121 934 1241 984 patre
1271 930 1466 971 habitare
1498 930 1605 971 velle

266 988 364 1043 (hoc.
405 1004 500 1030 vero
533 989 707 1045 mirum)
741 992 782 1030 et
813 989 855 1030 id
887 989 1052 1043 gaudet.
1114 989 1303 1043 Ecquem
1334 991 1382 1029 tu
1414 989 1488 1030 illo
1521 1003 1605 1029 cer-

266 1048 420 1089 tiorem
451 1048 735 1089 nebulonem?

351 1105 539 1160 Ἐποχὴν
570 1109 755 1147 vestram
787 1106 836 1147 de
867 1120 912 1147 re
944 1104 1048 1147 Cani
1076 1105 1428 1159 [deliberationis]
1455 1105 1602 1159 probo.
1624 1123 1650 1148 ιε

266 1164 387 1205 Nihil
418 1180 531 1205 eram
564 1165 803 1220 suspicatus
836 1164 884 1205 de
916 1165 1087 1219 tabulis,
1119 1164 1329 1218 ἀκεραίως
1361 1164 1604 1205 restitutam

266 1223 514 1264 arbitrabar.
566 1223 678 1271 Quae
705 1223 861 1278 differs,
893 1225 939 1263 ut
966 1237 1128 1263 mecum
1154 1237 1307 1277 coram,
1340 1222 1601 1276 exspectabo.

265 1281 544 1335 Tabellarios,
583 1281 720 1335 quoad
752 1281 880 1335 voles,
918 1281 1101 1335 tenebis3
1145 1295 1187 1321 es
1221 1281 1331 1322 enim
1365 1283 1602 1334 occupatus.

266 1339 386 1389 Quod
425 1340 476 1380 ad
512 1340 749 1394 Xenonem,
786 1339 928 1393 probe.
992 1339 1112 1388 Quod
1145 1339 1303 1393 scribo,
1342 1353 1436 1380 cum
1469 1339 1604 1379 absol-

265 1412 375 1439 vero.
432 1397 589 1447 Quinto
623 1398 831 1451 scripsisti
864 1401 905 1438 te
938 1398 989 1439 ad
1021 1413 1116 1440 eum
1149 1398 1324 1438 litteras.
1380 1396 1516 1438 Nemo
1544 1399 1604 1437 at-
1624 1415 1650 1439 2(

267 1456 433 1498 tulerat.
498 1457 597 1497 Tiro
641 1459 768 1511 negat
812 1457 897 1497 iam
942 1456 1021 1497 tibi
1054 1457 1218 1510 placere
1250 1456 1524 1497 Brundisium
1562 1457 1604 1496 et

266 1515 433 1568 quidem
472 1516 608 1557 dicere
647 1515 807 1569 aliquid
845 1515 893 1555 de
931 1516 1152 1556 militibus.
1214 1513 1272 1556 At
1314 1528 1392 1569 ego
1423 1515 1508 1555 iam
1540 1513 1605 1554 de-

266 1574 470 1614 stinaram
491 1574 759 1627 Hydruntem
787 1574 967 1627 quidem.
1018 1573 1250 1614 Movebant
1275 1588 1342 1614 me
1367 1575 1466 1613 tuae
1487 1572 1604 1626 quin-

265 1646 346 1685 que
371 1632 511 1673 horae.
562 1632 643 1673 Hic
670 1635 811 1673 autem
839 1635 1022 1685 quantus
1049 1633 1203 1681 πλοῦςῖ
1249 1630 1329 1672 Sed
1355 1631 1602 1672 videbimus.

263 1689 416 1731 Nullas
457 1706 480 1731 a
518 1694 560 1731 te
597 1702 646 1731 XI
683 1690 776 1731 Kal.
845 1690 1024 1744 Quippe,
1064 1690 1164 1744 quid
1204 1690 1317 1731 enim
1354 1690 1438 1730 iam
1473 1688 1602 1729 novi?
1622 1706 1650 1730 εξ

266 1746 373 1789 Cum
406 1749 592 1802 primum
624 1750 756 1803 igitur
787 1749 960 1804 poteris,
991 1749 1145 1790 venies.
1197 1748 1291 1803 Ego
1324 1761 1518 1802 propero,
1550 1760 1603 1787 ne

264 1809 362 1848 ante
396 1807 570 1862 Sextus3
603 1822 729 1861 quem
761 1807 984 1848 adventare
1018 1807 1150 1848 aiunt.

862 1945 1008 1987 XXII.

412 2026 486 2061 Ser.
507 2027 547 2060 in
576 2027 783 2061 Tusculano
816 2027 850 2060 V
871 2026 918 2060 K.
945 2026 1066 2071 Quint.
1087 2036 1192 2059 mane
1218 2036 1250 2059 a.
1274 2027 1344 2059 710
1371 2027 1460 2068 (44).

666 2107 856 2142 CICERO
881 2106 1073 2141 ATTICO
1099 2106 1206 2141 SAL.
1621 2113 1650 2137 3(

354 2178 557 2220 Gratulor
601 2179 725 2220 nobis
764 2178 968 2228 Quintum
1007 2178 1144 2219 filium
1183 2177 1329 2218 exisse.
1396 2177 1602 2218 Molestus

264 2251 350 2278 non
394 2238 485 2278 erit.
553 2237 733 2278 Pansam
778 2238 885 2278 bene
921 2236 1040 2290 loqui
1079 2236 1212 2277 credo.
1282 2234 1454 2289 Semper
1491 2235 1598 2275 enim

265 2296 539 2337 coniunctum
571 2310 661 2337 esse
693 2310 787 2337 cum
819 2295 964 2336 Hirtio
998 2294 1102 2350 scio3
1134 2294 1436 2335 amicissimum
1466 2293 1600 2333 Bruto
