1665 2553
337 83 680 119 EPISTULARUM
706 83 771 117 AD
796 82 1010 118 ATTICUM
1035 82 1087 117 VI
1114 86 1145 126 1,
1173 87 1204 116 2.
1335 82 1418 123 169

75 184 220 223 πυλον
249 179 451 221 Eleusine
482 180 628 220 facere.
690 177 807 220 Num
838 178 974 232 inepti
1005 178 1230 233 fuerimus,
1271 178 1306 219 si
1337 192 1418 219 nos

78 254 246 294 quoque
278 238 527 280 Academiae
564 237 816 278 fecerimus?
861 237 1022 292 ‘Puto’,
1059 236 1238 291 inquies.
1300 236 1418 291 Ergo

77 298 120 340 id
155 299 297 353 ipsum
334 297 492 338 scribes
525 297 578 337 ad
608 312 684 338 me.
746 296 957 351 Equidem
989 295 1110 336 valde
1141 295 1256 350 ipsas
1289 295 1420 336 Athe-

77 372 153 398 nas
191 371 296 398 amo.
357 355 470 397 Volo
509 370 599 396 esse
639 355 810 409 aliquod
846 357 1189 408 monumentum;
1235 354 1304 395 odi
1343 354 1419 394 fal-

42 432 59 459 5
79 431 146 457 sas
186 415 484 468 inscriptiones
523 417 763 455 statuarum
800 413 1043 455 alienarum.
1112 411 1212 468 Sed,
1251 415 1299 453 ut
1337 413 1420 454 tibi

78 475 276 529 placebit,
304 474 517 527 faciesque
546 488 626 527 me,
657 473 702 514 in
728 487 853 527 quem
879 472 990 513 diem
1014 472 1206 513 Romana
1232 471 1421 512 incidant

78 533 293 587 mysteria,
327 532 561 586 certiorem,
594 534 636 572 et
668 546 751 586 quo
783 531 908 572 modo
940 531 1152 571 hiemaris.
1216 529 1340 584 Cura,
1371 533 1421 570 ut

79 592 229 634 valeas.
290 591 395 632 Post
426 590 691 631 Leuctricam
722 604 910 645 pugnam
940 590 1007 631 die
1039 589 1422 644 septingentesimo

80 651 341 706 sexagesimo
375 650 536 704 quinto.

26 786 60 811 10
727 765 780 807 H.

339 848 414 883 Scr.
434 847 637 881 Laodiceae
662 847 712 881 in.
733 858 777 881 m.
799 846 895 881 Mai.
917 858 950 881 α.
974 848 1043 881 704
1071 848 1162 890 (50).

505 927 673 964 CICERO
699 927 872 963 ATTICO
900 927 996 962 SAL.

171 1000 278 1042 Cum
307 1001 562 1056 Philogenes
571 1036 581 1056 ,
620 1000 801 1042 libertus
833 1003 953 1055 tuus,
992 999 1242 1041 Laodiceam
1275 999 1326 1040 ad
1356 1015 1423 1041 me
1451 1012 1468 1042 1
1492 1012 1501 1015 ”

82 1060 295 1101 salutandi
331 1075 456 1101 causa
494 1060 680 1101 venisset
718 1062 760 1100 et
791 1073 835 1100 se
867 1058 1014 1100 statim
1047 1059 1098 1099 ad
1129 1061 1172 1099 te
1203 1059 1424 1113 navigatu-

27 1136 62 1163 15
81 1134 176 1160 rum
213 1133 304 1160 esse
335 1119 509 1174 diceret,
548 1118 625 1159 has
657 1118 696 1159 ei
727 1118 892 1159 litteras
925 1117 1038 1171 dedi,
1080 1117 1235 1171 quibus
1269 1117 1321 1158 ad
1352 1132 1422 1157 eas

81 1177 296 1232 rescripsi,
333 1192 437 1232 quas
475 1191 716 1231 acceperam
754 1192 777 1217 a
807 1176 934 1217 Bruti
971 1176 1208 1217 tabellario.
1270 1175 1330 1216 Et
1361 1190 1424 1216 re-

81 1236 296 1290 spondebo
328 1236 514 1290 primum
544 1238 783 1289 postremae
814 1238 913 1276 tuae
944 1234 1136 1289 paginae,
1179 1249 1286 1289 quae
1317 1235 1422 1275 mihi

80 1309 258 1350 magnae
289 1295 509 1336 molestiae
539 1295 633 1349 fuit,
666 1294 779 1348 quod
810 1294 862 1334 ad
887 1296 929 1334 te
955 1294 1162 1347 scriptum
1188 1295 1252 1334 est
1277 1308 1301 1333 a
1328 1291 1424 1334 Cin-

82 1353 145 1394 cio
184 1353 234 1394 de
266 1352 378 1394 Stati
409 1367 618 1408 sermone3
660 1353 705 1393 in
737 1367 820 1407 quo
852 1352 934 1393 hoc
963 1352 1315 1393 molestissimum
1347 1355 1424 1406 est,

30 1430 64 1455 20
85 1411 271 1453 Statium
320 1411 454 1453 dicere
495 1427 518 1452 a
561 1427 627 1452 me
672 1425 840 1466 quoque
883 1411 926 1452 id
970 1411 1195 1452 consilium
1238 1410 1422 1464 probari.

84 1470 264 1512 Ρνοῦανέ
307 1471 477 1511 autem?
538 1469 602 1511 De
643 1470 725 1511 isto
765 1470 970 1511 hactenus
1012 1470 1209 1524 dixerim,
1252 1484 1318 1510 me
1358 1469 1426 1509 vel

82 1529 267 1583 plurima
314 1529 452 1569 vincla
494 1531 635 1570 tecum
678 1543 865 1569 summae
909 1528 1219 1570 coniunctionis
1264 1531 1425 1582 optare,

84 1588 165 1628 etsi
202 1590 301 1628 sunt
339 1587 495 1628 amoris
533 1587 762 1642 artissima3
804 1589 973 1628 tantum
1005 1587 1143 1641 abest,
1182 1589 1231 1627 ut
1264 1600 1342 1641 ego
1375 1601 1426 1627 ex

85 1661 152 1701 eo,
196 1660 279 1700 quo
318 1646 484 1687 astricti
521 1660 683 1700 sumus,
723 1646 861 1687 laxari
899 1645 1059 1699 aliquid
1096 1645 1235 1686 velim.
1296 1644 1425 1685 Illum

32 1721 65 1747 25
85 1707 227 1746 autem
256 1704 393 1745 multa
423 1704 473 1745 de
503 1704 599 1745 istis
626 1705 752 1745 rebus
779 1704 969 1757 asperius
995 1704 1131 1744 solere
1154 1702 1276 1757 loqui
1302 1717 1425 1756 saepe

87 1777 180 1804 sum
211 1765 421 1817 expertus,
463 1777 585 1816 saepe
617 1762 746 1803 etiam
775 1762 906 1803 lenivi
936 1762 1104 1802 iratum.
1165 1761 1214 1801 ld
1247 1761 1352 1802 scire
1384 1764 1426 1801 te

1450 1656 1471 1685 10

87 1821 281 1863 arbitror.
330 1821 383 1862 In
412 1821 490 1862 hac
516 1824 657 1862 autem
681 1820 1022 1875 peregrinatione
1047 1820 1253 1860 militiave
1279 1822 1428 1860 nostra

88 1894 210 1934 saepe
237 1880 454 1921 incensum
479 1880 542 1920 ira
567 1879 666 1933 vidi,
698 1893 821 1933 saepe
845 1879 1070 1932 placatum.
1122 1877 1231 1926 Quid
1258 1878 1309 1918 ad
1336 1876 1428 1918 Sta-

87 1938 197 1978 tium
231 1938 467 1993 scripserit,
505 1938 658 1979 nescio.
723 1937 933 1991 Quicquid
973 1939 1144 1977 acturus
1184 1936 1231 1976 de
1273 1936 1351 1977 tali
1383 1951 1428 1976 re

34 2013 68 2038 30
87 1996 186 2050 fuit,
224 1997 490 2038 scribendum
529 1999 674 2037 tamen
711 1996 762 2037 ad
798 1996 1003 2037 libertum
1038 2009 1126 2035 non
1162 1995 1255 2035 fuit.
1318 1994 1428 2035 Mihi

89 2057 230 2095 autem
260 2054 340 2096 erit
370 2070 591 2096 maxumae
623 2069 763 2108 curae,
799 2069 853 2095 ne
885 2054 987 2108 quid
1017 2054 1094 2094 fiat
1127 2067 1260 2108 secus,
1301 2067 1429 2107 quam

87 2113 297 2167 volumus,
322 2128 532 2168 quamque
557 2116 738 2167 oportet.
788 2112 878 2154 Nec
904 2112 1009 2153 satis
1037 2114 1100 2152 est
1126 2111 1171 2152 in
1197 2111 1287 2152 eius
1314 2111 1429 2152 modi

87 2186 133 2212 re
177 2185 220 2211 se
258 2186 465 2225 quemque
501 2174 735 2226 praestare,
778 2186 825 2212 ac
861 2184 1082 2211 maxumae
1119 2171 1263 2223 partes
1302 2169 1430 2210 istius

89 2229 219 2270 officii
250 2232 349 2270 sunt
374 2231 494 2283 pueri
520 2229 734 2271 Ciceronis
760 2230 848 2271 sive
872 2229 958 2270 iam
985 2228 1283 2282 adulescentis3
1317 2228 1431 2281 quod

36 2303 69 2330 35
90 2288 259 2342 quidem
291 2288 412 2329 illum
445 2288 558 2329 soleo
589 2288 765 2329 hortari.
820 2287 882 2328 Ac
914 2287 1020 2327 mihi
1052 2286 1218 2327 videtur
1249 2289 1431 2327 matrem
