1665 2553
223 90 280 130 64
648 89 697 124 Μ.
725 90 865 124 TULLI
890 89 1136 125 CICERONIS

219 186 390 238 spectus
430 187 510 238 est3
547 199 645 226 nam
683 185 990 240 gladiatoribus
1030 199 1112 238 qua
1150 185 1344 225 dominus
1379 199 1461 239 qua
1492 185 1560 226 ad-

221 243 362 284 vocati
407 242 544 283 sibilis
589 243 807 297 conscissi3
850 243 962 283 ludis
1000 242 1320 296 Apollinaribus
1359 242 1558 297 Diphilus

222 301 450 356 tragoedus
472 301 517 341 in
535 304 730 342 nostrum
744 301 992 355 Pompeium
1012 301 1251 355 petulanter
1267 302 1457 343 invectus
1478 304 1559 343 est:

283 376 494 418 ‘N6stra
525 378 730 419 miseria
761 380 814 418 tu
848 391 896 418 es
928 390 1137 431 magnus
1170 377 1241 406 —'

222 453 391 494 miliens
424 456 592 494 coactus
626 456 689 494 est
722 453 874 507 dicere3
1597 470 1613 495 5

283 516 519 570 ‘Eandem
557 529 801 570 virtutem
839 527 991 569 istam
1028 528 1196 570 veniet
1228 530 1422 583 te'mpus
1455 543 1559 570 cum

1112 587 1342 642 graviter
1375 587 1560 642 gemes'

223 670 357 711 totius
395 669 552 710 theatri
590 669 772 710 clamore
812 669 919 709 dixit
951 669 1137 722 itemque
1169 671 1315 710 cetera.
1377 668 1488 710 Nam
1521 672 1562 710 et

224 729 313 769 eius
357 728 473 769 modi
511 729 610 768 sunt
651 727 681 767 ii
717 741 883 781 versus,
926 727 989 768 uti
1027 727 1071 767 in
1103 729 1269 781 tempus
1303 728 1354 768 ab
1391 728 1561 768 inimico

223 786 398 840 Pompei
431 786 578 839 scripti
610 800 701 826 esse
732 786 971 826 videantur:
1582 806 1614 829 10

313 861 387 902 ‘Si
419 876 577 916 neque
608 861 745 916 leges
778 876 939 915 neque
971 876 1132 902 mores
1166 864 1353 915 cogunt
1386 861 1474 915 —'‚

225 947 266 985 et
304 946 442 985 cetera
478 958 633 998 magno
671 958 766 984 cum
804 944 976 984 fremitu
1016 946 1057 984 et
1096 943 1277 984 clamore
1309 945 1408 984 sunt
1440 942 1561 984 dicta.

225 1001 379 1043 Caesar
416 1017 511 1043 cum
548 1002 733 1043 venisset
772 1004 941 1042 mortuo
980 1002 1151 1056 plausu,
1188 1000 1315 1043 Curio
1354 1001 1466 1042 filius
1500 1004 1562 1042 est

225 1061 453 1102 insecutus.
514 1060 626 1100 Huic
659 1061 718 1100 ita
750 1060 945 1113 plausum
980 1063 1061 1115 est,
1092 1063 1140 1101 ut
1174 1060 1289 1101 salva
1320 1074 1364 1101 re
1396 1059 1564 1113 publica

226 1119 426 1172 Pompeio
466 1119 609 1172 plaudi
648 1118 822 1159 solebat.
885 1118 1001 1158 Tulit
1034 1118 1187 1159 Caesar
1219 1119 1414 1173 graviter.
1476 1118 1616 1163 Lit-15

225 1181 340 1218 terae
366 1176 554 1230 Capuam
581 1177 632 1217 ad
651 1176 900 1230 Pompeium
925 1177 1067 1232 volare
1094 1177 1350 1217 dicebantur.
1397 1175 1563 1217 Inimici

227 1238 346 1276 erant
373 1235 601 1289 equitibus,
634 1235 706 1288 qui
733 1233 907 1276 Curioni
940 1237 1100 1275 stantes
1131 1235 1389 1289 plauserant,
1418 1234 1562 1275 hostes

227 1294 442 1348 omnibus3
492 1293 669 1334 Rosciae
717 1293 802 1348 legi
812 1327 822 1347 7
873 1293 999 1334 etiam
1049 1293 1349 1334 frumentariae
1398 1293 1564 1333 minita-

227 1352 392 1392 bantur.
474 1350 582 1392 Sane
631 1366 697 1392 res
752 1354 841 1391 erat
893 1352 1150 1405 perturbata.
1226 1351 1438 1405 Equidem
1481 1366 1563 1392 ma-

226 1411 400 1465 lueram,
432 1411 545 1463 quod
570 1412 659 1450 erat
687 1412 929 1463 susceptum
961 1410 1012 1450 ab
1045 1410 1146 1465 illis,
1177 1410 1346 1450 silentio
1379 1410 1564 1464 transiri,
1584 1429 1617 1453 ρο

228 1469 301 1509 sed
332 1483 489 1523 vereor,
519 1483 572 1509 ne
602 1483 689 1508 non
719 1468 854 1509 liceat.
911 1467 1009 1509 Non
1040 1469 1183 1509 ferunt
1213 1468 1420 1523 homines,
1451 1468 1564 1522 quod

227 1527 393 1567 videtur
435 1541 523 1567 esse
564 1530 706 1567 tamen
746 1526 980 1580 ferendum3
1027 1527 1098 1567 sed
1137 1529 1199 1567 est
1242 1527 1326 1567 iam
1362 1541 1446 1567 una
1482 1541 1565 1567 vox

229 1585 418 1626 omnium
450 1585 585 1639 magis
618 1585 713 1626 odio
746 1585 913 1625 firmata
945 1600 1071 1638 quam
1104 1585 1324 1639 praesidio.

315 1642 474 1684 Noster
500 1646 640 1684 autem
665 1643 842 1684 Publius
869 1643 975 1684 mihi
1000 1644 1235 1698 minitatur,
1266 1643 1461 1683 inimicus
1489 1645 1563 1683 est.

227 1700 448 1755 Impendet
491 1702 728 1756 negotium,
776 1702 828 1742 ad
871 1702 985 1755 quod
1033 1705 1081 1742 tu
1132 1702 1291 1742 scilicet
1335 1701 1562 1742 advolabis.
1583 1719 1617 1745 25
1651 1697 1652 1701 ¹

228 1760 388 1801 Videor
418 1760 525 1801 milii
555 1763 750 1801 nostrum
781 1760 903 1801 illum
935 1760 1199 1801 consularem
1232 1759 1461 1800 exercitum
1492 1759 1565 1800 bo-

227 1833 380 1859 norum
413 1819 618 1873 omnium,
651 1819 779 1859 etiam
812 1819 915 1859 satis
948 1818 1157 1860 bonorum
1189 1818 1343 1858 habere
1374 1817 1565 1858 firmissi-

229 1892 355 1917 mum.
416 1875 642 1931 Pompeius
675 1877 885 1931 significat
918 1877 1105 1917 studium
1138 1890 1238 1931 erga
1268 1890 1335 1916 me
1365 1890 1453 1916 non
1482 1890 1564 1917 me-

230 1935 385 1989 diocre3
423 1935 534 1976 idem
572 1935 766 1976 adfirmat
803 1935 978 1976 verbum
1015 1935 1065 1975 de
1101 1949 1167 1975 me
1204 1934 1325 1974 illum
1356 1948 1444 1975 non
1475 1949 1565 1975 esse

228 1994 457 2048 facturum3
494 1994 539 2034 111
571 2008 654 2047 quo
686 2008 771 2034 non
802 2008 869 2034 me
899 1993 972 2033 ille
1002 1993 1132 2047 fallit,
1163 1992 1236 2033 sed
1267 1992 1358 2045 ipse
1389 1992 1562 2033 fallitur.
1584 2010 1617 2035 30

230 2050 436 2092 Cosconio
480 2055 648 2092 mortuo
691 2066 784 2092 sum
824 2052 869 2092 in
913 2052 1001 2092 eius
1045 2051 1183 2091 locum
1228 2051 1444 2092 invitatus.
1516 2049 1565 2091 Id

230 2112 319 2149 erat
350 2111 491 2150 vocari
523 2111 566 2151 in
597 2110 737 2151 locum
771 2109 939 2150 mortui.
999 2107 1120 2149 Nihil
1154 2123 1221 2149 me
1253 2109 1421 2163 turpius
1454 2109 1565 2162 apud

228 2166 422 2208 homines
453 2169 605 2209 fuisset
636 2182 771 2222 neque
802 2182 901 2209 vero
928 2167 980 2207 ad
1003 2167 1132 2208 istam
1158 2167 1295 2221 ipsam
1321 2167 1565 2221 ἀσφάλειαν

230 2225 454 2278 quicquam
498 2227 685 2267 alienius.
761 2225 869 2267 Sunt
913 2225 1023 2266 enim
1067 2225 1131 2266 illi
1175 2226 1286 2279 apud
1330 2226 1464 2266 bonos
1505 2225 1564 2265 in-

230 2282 394 2337 vidiosi,
420 2298 496 2337 ego
524 2285 634 2338 apud
660 2284 876 2338 improbos
903 2298 1039 2324 meam
1059 2284 1328 2325 retinuissem
1351 2283 1565 2339 invidiam,
1585 2299 1617 2325 35
1648 2274 1650 2330 Ι

1649 2081 1652 2167 ὲ
