1665 2553
203 72 288 114 532
628 71 677 106 M.
704 70 846 105 TULLI
871 69 1122 105 CICERONIS

854 165 905 206 X.

463 247 536 282 Ser.
558 247 695 282 Romae
719 247 807 281 med.
829 258 872 281 m.
897 246 1020 291 Quint.
1041 258 1074 280 a.
1096 249 1164 280 711
1193 248 1282 290 (43).

632 328 801 363 CICERO
827 327 987 362 BRUTO
1015 327 1113 362 SAL.

291 400 445 443 Nullas
488 401 623 442 adhuc
662 415 686 441 a
717 403 760 441 te
791 400 958 441 litteras
989 400 1271 453 habebamus,
1307 413 1361 440 ne
1392 400 1548 440 famam

205 461 389 516 quidem,
422 474 527 514 quae
560 459 790 500 declararet
821 462 864 500 te
896 459 1066 514 cognita
1097 461 1269 500 senatus
1295 459 1548 500 auctoritate

203 520 249 561 in
285 519 456 560 Italiam
488 518 690 559 adducere
723 518 971 571 exercitum3
1011 518 1124 571 quod
1155 520 1203 558 ut
1233 517 1390 558 faceres
1422 517 1548 571 idque

203 581 459 632 maturares,
495 591 650 632 magno
694 591 819 631 opere
852 577 1116 617 desiderabat
1148 591 1216 617 res
1247 576 1426 630 publica.
1482 574 1551 616 Iu-

205 637 416 692 gravescit
449 636 561 677 enim
592 636 638 676 in
663 635 752 676 dies
779 636 1032 676 intestinum
1057 635 1230 690 malum,
1260 649 1337 676 nec
1364 635 1548 676 externis

204 696 405 737 hostibus
437 695 574 749 magis
608 709 734 749 quam
768 694 1010 735 domesticis
1042 694 1300 749 laboramus,
1332 693 1404 747 qui
1431 696 1550 734 erant

207 754 381 796 omnino
411 754 462 795 ab
490 754 615 794 initio
642 754 756 805 belli,
778 753 849 794 sed
874 753 1041 794 facilius
1067 753 1385 807 frangebantur.
1423 752 1550 793 Erec-

206 814 291 854 tior
334 816 504 854 senatus
551 815 641 853 erat
683 827 770 853 non
818 812 1039 853 sententiis
1080 812 1219 853 solum
1257 811 1434 865 nostris,
1479 810 1552 852 sed

208 872 335 913 etiam
369 871 739 913 cohortationibus
772 871 992 912 excitatus.
1048 870 1155 911 Erat
1187 870 1233 911 in
1264 872 1414 911 senatu
1445 869 1549 910 satis

206 931 431 972 vehemens
464 933 505 971 et
537 945 630 971 acer
660 929 798 971 Pansa
829 944 924 970 cum
956 930 1000 970 in
1032 932 1194 970 ceteros
1224 928 1352 969 huius
1384 928 1550 983 generis

207 992 299 1030 tum
337 989 519 1030 maxime
564 989 609 1029 in
641 1003 850 1043 socerum,
891 988 957 1029 cui
989 988 1152 1029 consuli
1182 1002 1269 1028 non
1300 987 1464 1028 animus
1497 987 1550 1027 ab

209 1049 347 1102 initio,
377 1062 465 1089 non
495 1048 599 1088 fides
633 1047 685 1088 ad
717 1050 953 1088 extremum
986 1047 1130 1088 defuit.
1180 1046 1346 1087 Bellum
1379 1046 1430 1086 ad
1460 1045 1552 1086 Mu-

208 1108 342 1148 tinam
387 1107 632 1161 gerebatur,
675 1106 785 1147 nihil
827 1109 876 1146 ut
916 1106 960 1146 in
999 1104 1175 1146 Caesare
1214 1104 1552 1159 reprehenderes,

207 1180 295 1206 non
325 1166 443 1206 nulla
474 1166 520 1206 in
551 1164 708 1205 Hirtio.
768 1164 908 1205 Huius
940 1164 1041 1205 belli
1073 1164 1243 1205 fortuna
1277 1164 1353 1204 ‘ut
1390 1163 1442 1204 1‘n
1479 1178 1551 1204 se-

208 1224 384 1265 cundis
416 1224 579 1278 fluxa,
609 1226 664 1263 ut
694 1224 746 1263 in
778 1221 1009 1263 adversis
1041 1222 1198 1263 bona'.
1260 1222 1367 1263 Erat
1398 1222 1551 1262 victrix

209 1297 276 1323 res
314 1282 485 1336 publica
517 1282 648 1322 caesis
680 1281 844 1322 Antoni
876 1282 1019 1335 copiis,
1052 1281 1143 1334 ipso
1177 1280 1364 1334 expulso.
1426 1280 1551 1320 Bruti

209 1341 356 1382 deinde
399 1341 460 1381 ita
504 1341 639 1381 multa
679 1343 866 1394 peccata,
904 1343 953 1380 ut
991 1340 1173 1393 quodam
1209 1339 1333 1380 modo
1372 1338 1553 1380 victoria

210 1400 420 1441 excideret
466 1414 487 1440 e
530 1399 739 1439 manibus.
812 1398 1085 1454 Perterritos,
1134 1398 1337 1452 inermes,
1386 1397 1551 1438 saucios

208 1473 291 1499 non
343 1461 442 1499 sunt
491 1458 628 1498 nostri
672 1457 796 1498 duces
840 1457 1068 1511 persecuti,
1117 1456 1348 1510 datumque
1391 1455 1551 1510 Lepido

209 1520 378 1570 teinpus
417 1519 497 1570 est,
538 1517 584 1557 in
621 1531 705 1570 quo
744 1516 960 1556 levitatem
999 1516 1088 1556 eius
1131 1529 1253 1569 saepe
1290 1517 1554 1569 perspectam

209 1576 443 1616 maioribus
476 1575 521 1615 in
551 1575 675 1615 malis
709 1575 1004 1629 experiremur.
1056 1573 1166 1614 Sunt
1197 1574 1405 1615 exercitus
1437 1573 1553 1627 boni,

211 1635 282 1675 sed
314 1634 439 1674 rudes
472 1634 596 1674 Bruti
629 1636 671 1674 et
701 1633 859 1688 Planci,
892 1636 990 1673 sunt
1022 1632 1267 1674 fidelissima
1300 1635 1340 1673 et
1369 1632 1552 1673 maxima

210 1693 368 1734 auxilia
402 1691 640 1747 Gallorum,
686 1692 758 1733 sed
790 1691 1011 1733 Caesarem
1049 1691 1153 1732 meis
1195 1690 1384 1732 consiliis
1418 1690 1552 1731 adhuc

210 1751 508 1806 gubernatum,
536 1751 750 1804 praeclara
776 1751 916 1804 ipsum
942 1749 1082 1791 indole
1108 1749 1431 1802 admirabilique
1457 1763 1552 1790 con-

212 1810 370 1850 stantia
425 1809 754 1864 improbissimis
810 1808 967 1850 litteris
1025 1808 1197 1862 quidam
1245 1807 1552 1861 fallacibusque

210 1868 516 1922 interpretibus
555 1883 602 1909 ac
637 1868 800 1908 nuntiis
838 1867 1101 1920 impulerunt
1138 1867 1183 1907 in
1221 1881 1339 1920 spem
1370 1865 1553 1907 certissi-

209 1942 322 1968 mam
353 1926 609 1967 consulatus.
674 1926 794 1975 Quod
827 1925 954 1967 simul
986 1928 1113 1979 atque
1146 1925 1269 1980 sensi,
1306 1938 1442 1978 neque
1473 1937 1550 1978 ego

210 1986 332 2026 illum
377 1985 595 2026 absentem
633 1985 790 2025 litteris
834 1998 1007 2025 monere
1052 1984 1197 2025 destiti
1239 1998 1316 2024 nec
1357 1996 1551 2024 accusare

211 2047 453 2097 praesentes
487 2044 575 2084 eius
607 2043 888 2097 necessarios,
925 2042 997 2096 qui
1030 2042 1119 2083 eius
1152 2042 1372 2096 cupiditati
1408 2041 1553 2082 suffra-

211 2103 303 2155 gari
333 2102 599 2156 videbantur,
636 2116 713 2142 nec
745 2101 790 2142 in
822 2103 971 2141 senatu
1004 2100 1427 2142 sceleratissimorum
1458 2114 1554 2140 con-

210 2159 403 2201 siliorum
436 2161 576 2201 fontes
610 2161 771 2214 aperire
803 2159 1003 2200 dubitavi.
1061 2158 1149 2200 Nec
1181 2174 1279 2200 vero
1312 2158 1401 2199 ulla
1432 2158 1478 2198 in
1508 2171 1553 2198 re

209 2219 383 2259 memini
416 2222 488 2260 aut
522 2222 715 2259 senatum
746 2218 963 2259 meliorem
995 2220 1068 2258 aut
1100 2218 1396 2272 magistratus3
1434 2230 1554 2257 num-

211 2290 337 2330 quam
370 2278 481 2318 enim
512 2278 556 2318 in
587 2277 749 2319 honore
783 2275 1118 2318 extraordinario
1151 2276 1340 2330 potentis
1366 2273 1552 2315 hominis

1586 475 1602 501 5

1570 769 1604 794 10

1571 1063 1604 1089 15

1572 1358 1606 1382 20

1572 1644 1604 1670 25

1571 1938 1606 1964 30

1572 2231 1606 2257 35
