1665 2553
154 2176 175 2205 8

212 84 300 125 504
636 87 682 121 M.
709 86 849 121 TULLI
875 86 1123 122 CICERONIS

213 179 441 234 significari
478 183 641 235 putem,
679 184 721 223 et
758 181 926 222 hercule
957 181 1018 222 ita
1049 185 1123 222 est.
1185 181 1308 239 Nam,
1338 195 1418 225 XVI
1449 184 1543 226 Kal.

213 236 325 291 Sept.
352 253 446 279 cum
471 240 680 280 venissem
705 240 882 293 Veliam,
913 239 1073 280 Brutus
1100 240 1278 295 audivit,
1311 245 1400 283 erat
1432 243 1545 284 enim

212 310 307 337 cum
338 297 425 338 suis
456 298 634 338 navibus
667 299 776 352 apud
807 298 1002 340 Heletem
1032 298 1208 340 fluvium
1240 300 1346 341 citra
1377 300 1543 343 Veliam

211 355 296 395 mil.
323 371 430 409 pass.
458 368 519 397 111.
569 356 750 397 Pedibus
782 357 835 398 ad
865 371 932 401 me
959 357 1115 397 statim.
1165 357 1245 398 Dei
1270 359 1542 416 immortales,

212 428 338 467 quam
374 415 492 455 valde
524 415 595 455 ille
626 415 764 456 reditu
795 415 862 456 vel
892 416 1036 468 potius
1068 417 1307 457 reversione
1337 432 1430 458 mea
1460 419 1541 460 lae·
1579 436 1594 460 5

209 474 324 512 tatus
357 473 503 513 effudit
533 473 607 513 illa
639 474 796 528 omnia,
837 488 942 527 quae
972 476 1177 515 tacuerat!
1222 478 1268 515 ut
1299 476 1541 517 recordarer

210 530 315 570 illud
346 533 468 571 tuum
500 530 625 572 ‘Nam
656 531 816 573 Brutus
846 535 992 573 noster
1019 533 1141 573 silet'.
1191 532 1376 575 Maxime
1402 538 1542 576 autem

210 589 378 630 dolebat
409 605 475 630 me
506 589 599 631 Kal.
627 589 738 631 Sext.
769 591 814 631 in
847 594 994 631 senatu
1023 605 1110 632 non
1139 591 1281 633 fuisse.
1342 592 1541 634 Pisonem

208 647 369 688 ferebat
400 648 445 689 in
476 649 655 702 caelum,
700 664 742 690 se
775 652 915 690 autem
945 649 1112 703 laetari,
1154 650 1266 703 quod
1299 651 1540 705 effugissem

210 705 311 746 duas
343 707 548 747 maximas
578 707 929 762 vituperationes,
965 723 1103 762 unam,
1142 723 1269 761 quam
1300 709 1451 750 itinere
1482 710 1539 751 fa-
1560 727 1593 751 10

209 763 352 805 ciendo
385 780 451 806 me
482 765 779 820 intellegebam
813 767 1034 821 suscipere,
1065 767 1370 820 desperationis
1403 783 1449 809 ac
1478 783 1539 809 re-

207 822 392 863 lictionis
430 824 491 864 rei
528 824 719 878 publicae
757 823 924 880 (fientes
956 840 1119 866 mecum
1151 825 1278 880 vulgo
1313 827 1539 880 quereban-

206 884 293 936 tur,
345 882 498 935 quibus
549 883 597 923 de
646 898 739 924 meo
790 883 914 924 celeri
957 884 1095 924 reditu
1144 897 1230 924 non
1273 885 1539 939 probabam),

208 939 401 994 alteram,
441 941 490 982 de
523 956 605 994 qua
636 941 813 996 Brutus,
851 945 892 982 et
924 943 995 996 qui
1028 957 1110 982 una
1143 944 1261 983 erant
1294 941 1437 997 (multi
1469 959 1537 984 au-

206 1001 292 1038 tem
318 998 468 1055 erant),
498 999 779 1054 laetabantur,
806 1000 917 1054 quod
943 1015 1033 1041 eam
1059 1001 1413 1054 vituperationem
1440 1002 1537 1042 effu·
1558 1018 1591 1043 15

205 1057 379 1112 gissem,
422 1073 488 1098 me
535 1059 766 1099 existimari
804 1059 854 1099 ad
895 1057 1100 1112 Olympia.
1163 1058 1256 1100 Hoc
1292 1074 1391 1100 vero
1429 1060 1538 1101 nihil

204 1116 370 1169 turpius
415 1117 564 1170 quovis
602 1117 662 1157 rei
694 1117 886 1170 publicae
918 1121 1123 1171 tempore,
1162 1117 1234 1158 sed
1264 1117 1346 1158 hoc
1377 1118 1538 1160 ἀναπο-

204 1175 401 1227 λόγητον.
462 1175 556 1229 Ego
594 1190 691 1216 vero
730 1179 873 1216 austro
912 1177 1070 1230 gratias
1110 1176 1257 1230 miras,
1295 1177 1367 1229 qui
1404 1191 1471 1217 me
1513 1192 1537 1218 a

203 1234 323 1272 tanta
353 1233 528 1273 infamia
559 1234 770 1274 averterit.

291 1290 559 1332 Reversionis
602 1291 678 1332 has
721 1293 751 1345 ’ξ-
777 1292 986 1345 speciosas
1030 1306 1173 1332 causas
1219 1291 1349 1332 habes
1399 1292 1534 1333 iustas
1555 1310 1589 1333 20

203 1348 298 1389 illas
331 1349 499 1402 quidem
530 1352 572 1390 et
603 1364 795 1403 magnas3
828 1351 901 1390 sed
930 1350 1047 1390 nulla
1072 1350 1236 1404 iustior,
1269 1365 1394 1404 quam
1422 1351 1535 1404 quod

203 1409 251 1446 tu
289 1407 398 1447 idem
435 1407 528 1448 aliis
570 1408 743 1449 litteris:
789 1408 1000 1462 ‘Provide,
1044 1408 1080 1448 si
1117 1409 1183 1449 cui
1216 1409 1317 1461 quid
1349 1408 1536 1464 debetur,

202 1467 250 1505 ut
295 1465 367 1519 sit,
416 1466 525 1506 unde
568 1482 643 1520 par
686 1467 778 1520 pari
821 1467 1131 1520 respondeatur.
1199 1466 1380 1507 Mirifica
1424 1468 1535 1508 enim

203 1524 468 1577 δυσχρηστιά
512 1529 576 1565 est
619 1528 791 1578 propter
833 1529 993 1566 metum
1037 1526 1277 1566 armorum:q
1337 1525 1387 1566 In
1424 1526 1533 1568 freto

202 1582 339 1622 medio
371 1582 479 1623 hanc
510 1583 736 1636 epistulam
760 1584 856 1638 legi,
887 1586 948 1639 ut,
985 1584 1086 1637 quid
1109 1598 1278 1637 possem
1302 1584 1533 1638 providere,
1552 1599 1585 1625 25

202 1641 248 1680 in
278 1644 462 1682 mentem
492 1641 597 1682 mihi
628 1657 714 1682 non
744 1643 917 1695 veniret,
946 1642 1031 1682 nisi
1056 1645 1104 1682 ut
1129 1656 1325 1695 praesens
1351 1656 1417 1682 me
1442 1642 1533 1696 ipse

203 1699 477 1740 defenderem.
540 1698 621 1740 Sed
651 1700 752 1741 haec
781 1701 1004 1755 hactenus,
1035 1700 1197 1754 reliqua
1229 1715 1380 1741 coram.

291 1756 454 1798 Antoni
481 1758 661 1799 edictum
688 1759 772 1814 legi
798 1774 821 1799 a
840 1758 973 1799 Bruto
1001 1762 1042 1799 et
1067 1758 1219 1800 horum
1240 1761 1387 1799 contra
1406 1758 1532 1812 scrip-

202 1817 295 1855 tum
334 1816 558 1870 praeclare,
595 1817 683 1871 sed,
725 1817 825 1870 quid
862 1817 945 1858 ista
976 1817 1111 1858 edicta
1141 1817 1309 1858 valeant
1343 1819 1415 1857 aut
1449 1831 1530 1870 quo

204 1876 410 1928 spectent,
446 1875 570 1927 plane
600 1890 687 1916 non
717 1876 848 1916 video.
911 1874 999 1915 Nec
1031 1889 1107 1929 ego
1140 1889 1261 1929 nunc,
1292 1877 1340 1915 ut
1371 1874 1530 1915 Brutus
1550 1891 1583 1916 30

202 1932 415 1985 censebat,
453 1933 563 1974 istuc
600 1934 651 1974 ad
687 1948 775 1974 rem
812 1933 1025 1986 publicam
1063 1933 1358 1986 capessendam
1396 1933 1529 1973 venio.

203 1989 311 2038 Quid
336 1991 446 2031 enim
471 1991 563 2032 fieri
588 1993 758 2045 potest?
790 1991 905 2032 Num
926 1992 1020 2045 quis
1039 1991 1184 2032 Pisoni
1210 1994 1274 2032 est
1300 1991 1530 2031 adsensus?

200 2062 302 2089 num
339 2049 464 2090 rediit
500 2050 590 2103 ipse
628 2050 860 2103 postridie?
910 2047 991 2090 Sed
1028 2050 1174 2090 abesse
1210 2049 1319 2090 hanc
1349 2052 1530 2089 aetatem

201 2106 326 2161 longe
358 2122 381 2148 a
413 2108 603 2160 sepulcro
635 2111 794 2163 negant
826 2110 1030 2161 oportere.

290 2163 387 2220 Sed,
425 2166 598 2206 obsecro
630 2169 690 2221 te,
730 2166 830 2220 quid
862 2169 937 2221 est,
969 2166 1082 2219 quod
1113 2166 1254 2206 audivi
1286 2165 1335 2205 de
1366 2164 1530 2205 Bruto?
1550 2181 1583 2206 35

200 2221 351 2263 Piliam
405 2225 685 2278 πειράζεσθαι
734 2224 973 2278 παραλύσει
1022 2227 1064 2265 te
1114 2224 1331 2278 scripsisse
1381 2222 1529 2263 aiebat.

200 2279 333 2320 Valde
370 2296 462 2322 sum
500 2285 747 2323 commotus.
808 2282 905 2323 Etsi
936 2282 1046 2323 idem
1077 2285 1120 2323 te
1151 2283 1332 2323 scribere
1364 2294 1531 2334 sperare
