1665 2553
323 115 666 150 EPISTULARUM
690 115 755 149 AD
781 114 997 150 ATTICUM
1020 116 1106 150 XIII
1131 120 1282 152 36—38.
1388 117 1474 158 423

685 269 925 311 XXXVIII.

262 349 336 384 Ser.
358 351 399 384 27on
428 350 634 385 Tusculano
659 351 741 385 circ.
758 351 855 395 prid.
878 351 976 386 Non.
997 351 1092 386 Seoet.
1112 362 1145 386 a.
1167 354 1240 386 709
1266 353 1355 395 (45).

537 431 727 467 CICERO
750 432 943 467 ATTICO
968 432 1076 467 SAL.

224 503 337 546 Ante
373 504 511 545 lucem
548 517 644 544 cum
681 504 907 546 scriberem
945 507 1093 546 contra
1130 504 1382 561 Epicureos,
1426 505 1475 546 de

102 580 117 605 5
137 563 282 604 eodem
315 563 406 604 oleo
440 565 482 604 et
514 577 640 616 opera
673 563 840 604 exaravi
871 563 1012 604 nescio
1040 563 1140 617 quid
1166 563 1218 604 ad
1242 566 1285 604 te
1311 566 1352 604 et
1379 567 1475 605 ante

136 622 272 663 lucem
309 622 413 662 dedi.
474 620 653 676 Deinde,
691 636 786 662 cum
828 637 975 663 somno
1007 622 1189 676 repetito
1222 622 1351 663 simul
1381 637 1476 664 cum

138 681 225 722 sole
269 683 537 734 experrectus
575 694 726 735 essem,
770 681 894 721 datur
930 681 990 721 mi
1030 681 1215 734 epistula
1253 696 1276 721 a
1315 682 1474 722 sororis

136 742 236 780 tuae
267 739 368 795 filio,
399 754 527 793 quam
558 739 694 793 ipsam
725 739 806 780 tibi
838 740 953 793 misi3
985 740 1103 780 cuius
1131 742 1195 780 est
1219 739 1476 794 principium

135 813 224 840 non
261 799 350 839 sine
387 798 572 838 maxima
609 798 876 839 contumelia,
939 797 1020 839 Sed
1056 798 1237 839 fortasse
1270 798 1350 840 οὐκ
1382 799 1476 840 ἕπε’-

85 873 118 898 10
139 868 306 911 στησεν.
373 857 455 898 Est
502 859 643 897 autem
689 857 764 898 sic:
821 857 931 913 ‘Ego
977 856 1106 912 enim,
1153 857 1353 911 quicquid
1389 872 1477 898 11011

138 916 247 957 116116
272 916 317 957 111
336 918 378 956 te
405 915 486 956 dici
505 918 655 969 potest
675 915 758 956 —.'
801 915 931 957 Posse
956 916 1049 956 vult
1074 915 1119 956 in
1143 930 1209 956 me
1235 916 1370 957 multa
1395 916 1476 957 dici

137 989 225 1016 non
253 974 376 1029 belle,
408 974 479 1015 sed
511 988 558 1015 ea
590 989 633 1014 se
664 977 792 1029 negat
825 974 1070 1028 approbare.
1125 973 1219 1015 Hoc
1251 975 1477 1028 quicquam

137 1036 238 1087 pote
281 1033 507 1087 inpurius‘?
556 1031 646 1074 Iam
690 1036 827 1074 cetera
866 1034 981 1087 leges
1021 1033 1136 1089 (misi
1174 1033 1287 1073 enim
1325 1034 1376 1074 ad
1413 1032 1474 1089 te)
1514 1038 1523 1042 ”

138 1092 438 1146 iudicabisque.
489 1091 613 1132 Bruti
638 1092 777 1133 nostri
802 1092 1025 1133 cotidianis
1051 1091 1320 1146 adsiduisque
1344 1092 1477 1133 laudi-

85 1166 118 1192 15
138 1151 236 1206 bus,
280 1165 384 1204 quas
423 1150 474 1191 ab
513 1164 561 1191 eo
600 1150 649 1190 de
686 1150 810 1191 nobis
847 1150 996 1191 haberi
1033 1150 1237 1204 permulti
1274 1150 1379 1191 mihi
1415 1165 1476 1192 re-

139 1209 458 1263 nuntiaverunt,
506 1211 765 1249 commotum
808 1210 940 1250 istum
984 1209 1213 1263 aliquando
1259 1209 1476 1262 scripsisse

139 1268 299 1322 aliquid
332 1267 382 1308 ad
413 1282 479 1308 me
512 1267 633 1308 credo
667 1270 707 1308 et
740 1267 791 1308 ad
822 1271 883 1322 te,
920 1267 1046 1321 idque
1078 1270 1125 1308 ut
1157 1267 1299 1321 sciam,
1336 1268 1475 1309 facies.

137 1326 249 1368 Nam
291 1326 343 1367 ad
386 1329 550 1380 patrem
593 1326 642 1366 de
685 1341 752 1367 me
798 1326 900 1380 quid
945 1327 1177 1380 scripserit,
1223 1327 1383 1380 nescio,
1427 1327 1476 1367 de

138 1388 272 1426 matre
304 1399 431 1439 quam
462 1385 546 1438 pie!
597 1384 872 1440 eVolueram’,
908 1385 1061 1440 inquit,
1095 1385 1158 1425 eut
1191 1399 1315 1439 quam
1348 1385 1478 1438 pluri-

85 1460 120 1484 20
139 1459 256 1484 mum
294 1446 434 1484 tecum
465 1457 619 1498 essem,
658 1443 834 1484 conduci
864 1443 971 1484 mihi
1003 1443 1175 1484 domum
1205 1446 1247 1484 et
1278 1443 1321 1484 id
1352 1444 1405 1484 ad
1435 1446 1477 1484 te

141 1502 401 1556 scripseram.
461 1501 713 1556 Neglexisti.
774 1501 842 1542 Ita
878 1502 1021 1542 minus
1062 1502 1246 1542 multum
1285 1516 1369 1542 una
1401 1502 1478 1542 eri-

139 1575 245 1602 mus.
312 1559 424 1600 Nam
467 1573 545 1614 ego
589 1560 716 1601 istam
760 1560 932 1601 domum
974 1560 1114 1601 videre
1157 1574 1245 1601 11011
1286 1574 1477 1614 possum3

141 1634 224 1673 qua
256 1619 305 1659 de
337 1633 474 1672 causa,
506 1618 614 1659 scis’
664 1618 785 1659 Hanc
817 1621 957 1659 autem
989 1633 1157 1659 causam
1189 1621 1308 1672 pater
1335 1619 1478 1659 odium

139 1678 288 1718 matris
331 1692 420 1718 esse
452 1677 627 1717 dicebat.
689 1676 815 1717 Nunc
846 1691 912 1717 me
942 1677 1057 1730 iuva,
1094 1677 1152 1717 mi
1184 1676 1346 1732 Attice,
1383 1691 1477 1718 con-

86 1752 120 1777 25
142 1737 250 1791 silio,
281 1736 483 1788 (πότερον
514 1736 614 1790 δίκᾳ
643 1742 784 1789 τεῖχος
814 1735 980 1789 ὕψιον’,
1006 1735 1050 1775 id
1075 1738 1139 1776 est
1163 1738 1309 1775 utrum
1334 1738 1477 1788 aperte

138 1794 355 1836 hominem
399 1808 596 1848 asperner
636 1796 676 1834 et
712 1808 908 1847 respuam
954 1793 995 1847 (ἢ
1038 1798 1231 1842 σκολιαῖς
1268 1792 1476 1842 ἀπάταις’.

139 1852 201 1894 Ut
232 1853 344 1893 enim
374 1852 556 1893 Pindaro
588 1852 646 1892 sic
672 1852 787 1906 (δίχα
811 1869 885 1906 μοι
912 1853 1027 1906 νόος,
1060 1851 1286 1906 ἀτρέκειαν
1311 1852 1476 1893 εἰπεῖν’.

142 1910 322 1952 Omnino
363 1911 554 1952 moribus
591 1910 696 1951 meis
734 1911 839 1951 illud
881 1911 1039 1965 aptius,
1079 1910 1149 1951 sed
1186 1910 1267 1951 hoc
1297 1910 1478 1951 fortasse

141 1969 416 2023 temporibus.
479 1969 543 2010 Tu
575 1971 726 2019 autem,
769 1969 880 2023 quod
905 1970 995 2022 ipse
1026 1969 1108 2009 tibi
1140 1969 1335 2022 suaseris,
1367 1969 1479 2010 idem

89 2045 123 2070 30
141 2028 247 2068 mihi·
278 2043 525 2081 persuasum
556 2030 718 2081 putato.
781 2028 993 2082 Equidem
1024 2042 1170 2068 vereor
1200 2027 1395 2082 maxime,
1424 2041 1478 2068 ne

142 2087 188 2127 in
225 2086 461 2127 Tusculano
507 2086 732 2139 opprimar.
800 2085 852 2126 In
887 2086 1015 2127 turba
1055 2086 1157 2126 haec
1199 2088 1339 2126 essent
1379 2086 1478 2127 faci-

141 2145 260 2186 liora.
309 2144 465 2185 Utrum
496 2145 629 2199 igitur
654 2143 866 2185 Asturae?
911 2143 1032 2197 Quid,
1063 2145 1101 2186 si
1128 2143 1281 2185 Caesar
1308 2144 1477 2185 subito?

141 2202 244 2243 Iuva
281 2218 365 2257 me,
404 2217 578 2258 quaeso,
615 2203 803 2244 consilio.
865 2202 975 2244 Utar
1013 2217 1081 2258 eo,
1120 2202 1232 2256 quod
1264 2205 1312 2243 tu
1344 2203 1480 2244 decre-

141 2275 262 2302 veris.

1503 1688 1521 1718 Ν)
