1665 2553
120 971 139 1001 Ν.)

118 2313 139 2343 3

170 100 224 141 86
594 100 641 136 Μ.
669 102 809 136 TULLI
835 101 1083 137 CICERONIS

167 195 330 250 aliquid
360 211 384 237 a
416 196 600 238 comitiis
634 197 901 253 audierimus,
930 211 1010 239 nos
1041 198 1087 239 in
1115 196 1264 240 Asiam
1295 201 1508 241 converte-

165 269 277 309 mus3
313 268 450 309 neque
483 255 616 297 adhuc
648 256 808 311 stabat,
846 270 929 310 quo
961 256 1250 313 potissimum,
1288 258 1360 299 sed
1392 259 1505 299 scies.

165 312 278 355 Data
309 325 374 354 XII
407 314 588 356 Sextiles
620 314 952 356 Thessalonicae.

791 431 882 473 XV.

345 512 419 548 Ser.
449 512 719 547 Thessalonicae
744 512 848 546 XIV
870 512 918 546 K.
946 512 1038 557 Sept.
1066 524 1098 548 α.
1127 516 1199 548 696
1225 515 1317 557 (58).
1393 496 1396 497 ⁷
1539 515 1558 544 5

583 592 756 633 CICERO
783 593 957 629 ATTICO
985 594 1081 629 SAL.

254 665 407 721 Accepi
448 665 594 708 Idibus
633 665 865 708 Sextilibus
911 669 1113 720 quattuor
1157 667 1358 722 epistulas
1403 682 1426 708 a
1464 670 1506 708 te

165 725 328 780 missas,
354 741 493 781 unam,
520 740 603 778 qua
628 739 694 766 me
718 724 918 779 obiurgas
939 727 979 766 et
998 739 1138 781 rogas,
1163 728 1211 766 ut
1233 725 1313 767 sim
1331 725 1505 780 firmior,

166 784 361 840 alteram,
400 798 482 838 qua
515 782 657 824 Crassi
693 783 898 824 libertum
936 783 997 825 ais
1035 784 1116 825 tibi
1149 784 1199 825 de
1228 798 1321 826 mea
1353 784 1505 826 sollici-

165 843 313 883 tudine
337 843 551 897 macieque
575 856 780 895 narrasse,
805 842 988 898 tertiam,
1015 857 1096 896 qua
1122 843 1384 884 demonstras
1412 846 1506 885 acta
1526 861 1558 885 10

167 901 212 942 in
238 904 398 956 senatu,
430 904 624 956 quarta-m
650 901 699 942 de
728 915 787 954 60,
821 901 933 955 quod
965 917 988 942 a
1018 900 1211 943 Varrone
1243 902 1393 943 scribis
1424 901 1505 943 tibi

168 974 258 1001 esse
295 960 591 1001 confirmatum
629 959 678 1000 de
715 960 936 1000 voluntate
971 959 1157 1015 Pompei.
1219 959 1288 1002 Ad
1325 960 1507 1015 primam

166 1019 248 1059 tibi
279 1019 359 1060 hoc
392 1019 549 1074 scribo,
580 1032 647 1059 me
678 1018 739 1059 ita
771 1018 922 1072 dolere,
956 1021 1004 1059 ut
1034 1033 1123 1060 non
1152 1019 1278 1060 modo
1311 1034 1334 1060 a
1365 1021 1506 1061 mente

165 1092 254 1119 11011
279 1078 456 1132 (1686131,
484 1077 555 1118 86(1
581 1077 623 1117 id
648 1076 787 1131 ipsum
809 1077 983 1132 doleam,
1009 1092 1087 1132 1116,
1113 1080 1202 1118 13111
1222 1078 1344 1119 firma
1365 1080 1506 1119 mente

166 1136 241 1176 ubi
272 1138 368 1177 utar
401 1139 442 1176 et
474 1136 743 1191 quibuscum,
779 1149 867 1175 non
895 1135 1061 1176 habere.
1123 1134 1253 1189 Nam,
1292 1136 1328 1177 si
1359 1139 1407 1177 tu
1437 1151 1505 1178 me
1525 1153 1557 1179 15

167 1209 251 1235 uno
288 1208 376 1235 non
414 1194 503 1235 81116
538 1208 728 1235 maerore
759 1208 892 1248 cares,
930 1194 1031 1247 quid
1062 1208 1128 1235 me
1160 1208 1321 1259 censes,
1359 1194 1432 1248 qui
1464 1197 1505 1236 et

167 1255 209 1294 16
242 1256 283 1293 61
316 1253 541 1294 omnibus?
604 1255 663 1307 61,
698 1252 733 1292 81
765 1254 813 1292 111
844 1252 1067 1293 1110011111118
1098 1266 1164 1293 1116
1195 1252 1389 1308 requiris,
1421 1267 1503 1307 quo

166 1311 291 1352 modo
336 1326 359 1352 a
399 1326 465 1351 me
509 1311 646 1364 ipsam
695 1310 1031 1352 incolumitatem
1081 1310 1308 1352 desiderari
1349 1311 1503 1365 putas?

165 1368 278 1410 Nolo
317 1384 662 1424 commemorare,
701 1369 854 1423 quibus
886 1369 1012 1410 rebus
1045 1369 1125 1410 sim
1158 1370 1383 1425 spoliatus,
1417 1383 1506 1412 non

167 1428 305 1469 solum
338 1429 435 1482 quia
466 1443 554 1469 non
584 1428 773 1483 ignoras,
807 1428 879 1469 sed
911 1428 1039 1469 etiam
1069 1442 1122 1469 ne
1151 1428 1383 1469 rescindam
1413 1428 1504 1483 ipse
1525 1446 1557 1471 20

165 1487 354 1528 dolorem
382 1501 541 1542 meum,
571 1486 652 1528 1100
683 1486 896 1541 confirmo,
927 1501 1063 1540 neque
1094 1487 1226 1527 tantis
1258 1487 1381 1528 bonis
1414 1501 1504 1529 esse

166 1545 380 1598 privatum
407 1560 662 1600 quemquam
685 1559 822 1600 neque
847 1545 892 1586 in
915 1548 1057 1586 tantas
1080 1545 1272 1586 miserias
1297 1545 1502 1588 incidisse.

166 1603 267 1645 Dies
307 1607 447 1645 autem
485 1619 571 1646 non
613 1604 737 1645 modo
780 1618 868 1645 non
903 1604 1016 1645 levat
1055 1604 1215 1645 luctum
1259 1603 1388 1658 hunc,
1432 1604 1504 1646 sed

168 1662 294 1703 etiam
321 1666 457 1717 auget.
507 1662 619 1704 Nam
646 1663 772 1704 ceteri
799 1663 964 1703 dolores
995 1662 1249 1717 mitigantur
1278 1664 1502 1717 vetustate,

165 1721 235 1762 hic
276 1735 364 1762 non
405 1723 547 1775 potest
586 1735 676 1763 non
715 1724 756 1762 et
798 1735 923 1762 sensu
960 1721 1194 1775 praesentis
1230 1720 1424 1762 miseriae
1461 1724 1502 1762 et
1523 1738 1555 1763 25

166 1780 458 1820 recordatione
484 1780 737 1834 praeteritae
764 1780 877 1821 vitae
908 1779 1063 1821 cotidie
1093 1779 1248 1834 augeri.
1298 1778 1502 1820 Desidero

168 1838 279 1878 enim
303 1853 391 1879 non
415 1853 508 1879 mea
535 1839 672 1880 solum
696 1852 832 1892 neque
857 1852 985 1893 meos,
1012 1838 1084 1879 sed
1108 1852 1175 1879 me
1199 1838 1349 1891 ipsum.
1394 1837 1503 1886 Quid

167 1897 277 1937 enim
321 1897 442 1938 sum?
507 1897 587 1939 Sed
623 1911 710 1938 non
745 1897 914 1951 faciam,
957 1899 1005 1937 ut
1047 1899 1120 1937 aut
1156 1899 1279 1937 tuum
1316 1896 1503 1937 animum

167 1969 318 2009 angam
362 1955 543 2010 querelis
588 1958 660 1996 aut
702 1955 807 1996 meis
856 1955 1102 1996 vulneribus
1147 1954 1312 2008 saepius
1353 1969 1502 1996 manus

167 2013 362 2055 adferam.
433 2012 561 2068 Nam,
612 2014 725 2068 quod
767 2028 923 2068 purgas
975 2027 1063 2068 eos,
1113 2027 1219 2067 quos
1270 2027 1347 2068 ego
1396 2013 1502 2054 mihi
1523 2031 1555 2056 30

167 2071 317 2124 scripsi
348 2072 568 2125 invidisse,
602 2075 642 2113 et
674 2072 719 2112 in
750 2072 809 2113 eis
843 2071 1063 2126 Catonem,
1096 2085 1172 2126 ego
1204 2085 1302 2112 vero
1334 2074 1502 2113 tantum

165 2129 287 2169 illum
319 2134 423 2183 puto
457 2131 508 2171 ab
541 2131 625 2172 isto
659 2130 812 2171 scelere
844 2130 1016 2184 afuisse,
1048 2132 1096 2170 ut
1127 2130 1308 2171 maxime
1339 2130 1502 2171 doleam

165 2186 261 2239 plus
289 2188 399 2241 apud
424 2203 491 2230 me
517 2189 830 2230 simulationem
856 2188 1036 2229 aliorum
1065 2202 1191 2241 quam
1222 2188 1346 2229 istius
1377 2189 1502 2229 fidem

166 2244 359 2286 valuisse.
423 2245 596 2288 Ceteros
636 2247 749 2301 quod
785 2260 959 2302 purgas,
1001 2246 1153 2287 debent
1189 2247 1296 2288 mihi
1331 2246 1502 2301 probati

167 2316 267 2358 esse,
299 2303 381 2344 tibi
415 2304 449 2345 si
482 2308 592 2347 sunt.
657 2305 737 2347 Sed
767 2305 869 2346 haec
900 2319 992 2346 sero
1026 2305 1201 2359 agimus.
1521 2321 1554 2347 35
