1665 2553
62 723 96 748 10

64 1016 98 1041 15

68 1308 102 1333 20

72 1600 106 1625 25

75 1873 121 1917 30⁹

310 80 651 116 EPISTULARUM
676 81 740 115 AD
768 80 983 115 ATTICUM
1008 80 1058 114 XI
1086 85 1138 124 11,
1168 84 1220 114 12.
1368 80 1463 121 337

109 181 276 219 tamen
318 177 508 218 audebo
554 180 726 231 petere
765 190 850 230 aps
889 179 954 231 te,
1000 175 1129 230 quod
1158 180 1353 230 potero,
1395 191 1452 217 ne

111 235 229 291 quid
271 236 532 277 existimes
566 235 624 276 ab
657 235 749 276 illo
781 235 969 276 factum
1002 248 1126 289 esse,
1160 249 1255 288 quo
1288 235 1450 275 minus

110 309 214 336 mea
251 295 300 335 in
338 297 386 335 te
426 294 603 335 officia
645 296 960 347 constarent,
998 293 1225 334 minusve
1257 295 1306 333 te
1339 292 1453 333 dili-

112 368 294 409 gerem,
338 353 612 407 potiusque
657 367 853 406 semper
893 352 1038 393 illum
1077 354 1334 393 auctorem
1371 365 1454 392 no-

120 415 253 453 strae
293 411 675 452 coniunctionis
713 411 876 451 fuisse
907 411 1102 464 meique
1134 410 1345 451 itineris
1378 424 1454 450 co-

112 471 301 524 mitem,
350 484 448 511 non
498 470 677 510 ducem.
750 468 908 518 Quare
957 469 1143 510 ceteris
1194 469 1244 509 in
1292 468 1454 509 rebus

113 531 315 570 tantum
368 529 412 569 ei
460 528 678 582 tribues,
733 531 979 581 quantum
1027 527 1321 568 humanitas
1372 530 1455 567 tua

115 587 441 641 amicitiaque
484 590 658 628 vestra
701 587 948 640 postulat.
1011 586 1116 641 Ego
1159 587 1201 628 ei
1240 600 1298 626 ne
1338 585 1457 639 quid

115 646 243 700 apud
279 648 326 686 te
365 645 542 700 obsim,
585 645 634 686 id
671 648 718 686 te
756 645 1082 686 vehementer
1121 646 1273 686 etiam
1305 647 1456 698 atque

116 705 261 746 etiam
298 705 448 759 rogo’

203 762 353 818 Quare,
385 763 421 803 si
453 763 547 816 quis
581 776 830 817 congressus
856 762 986 804 fuerit
1012 761 1120 802 mihi
1146 777 1241 803 cum
1267 761 1458 816 Caesare,

117 822 195 863 etsi
225 836 312 863 non
342 821 503 875 dubito,
536 821 639 875 quin
669 822 705 862 is
738 821 845 862 lenis
876 821 923 862 in
954 821 1076 861 illum
1110 821 1278 862 futurus
1313 821 1368 861 sit
1400 820 1458 861 id—

117 895 198 935 que
234 881 320 921 iam
356 880 648 934 declaraverit,
691 894 766 934 ego
805 883 948 921 tamen
985 880 1021 920 is
1056 894 1144 933 ero,
1189 880 1262 933 qui
1294 893 1458 933 semper

116 940 189 980 fui.
241 938 334 994 Sed,
364 941 412 979 ut
443 938 577 993 video,
608 938 743 979 multo
776 939 911 993 magis
938 941 1002 979 est
1027 938 1152 979 nobis
1179 938 1458 979 laborandum

118 998 167 1038 de
204 996 365 1052 Africa3
411 1012 537 1051 quam
570 997 738 1051 quidem
770 1000 818 1038 tu
850 997 1000 1038 scribis
1033 997 1272 1038 confirmari
1305 997 1457 1038 cotidie
1509 995 1516 998 ”

119 1057 255 1111 magis
288 1056 340 1096 ad
371 1056 629 1096 condicionis
664 1071 781 1109 spem
813 1071 940 1110 quam
967 1056 1179 1097 victoriae.
1232 1055 1352 1104 Quod
1377 1055 1458 1096 uti-

118 1130 217 1156 nam
254 1115 315 1156 ita
352 1116 480 1155 esset!
532 1113 613 1155 Sed
651 1115 778 1169 longe
816 1115 938 1155 aliter
977 1122 1067 1155 esse
1099 1114 1300 1169 intellego
1334 1117 1459 1168 teque

118 1174 261 1227 ipsum
303 1173 364 1214 ita
407 1173 648 1214 existimare
690 1174 892 1227 arbitror,
937 1173 1060 1213 aliter
1097 1176 1239 1214 autem
1279 1173 1460 1214 scribere

118 1247 206 1272 non
244 1231 435 1287 fallendi,
479 1232 550 1272 sed
587 1232 862 1273 confirmandi
899 1232 982 1272 mei
1024 1246 1167 1287 causa,
1210 1232 1460 1286 praesertim

122 1305 217 1332 cum
250 1290 505 1344 adiungatur
537 1290 588 1331 ad
619 1291 807 1332 Africam
840 1291 966 1331 etiam
998 1289 1217 1344 Hispania.

210 1348 330 1398 Quod
361 1363 428 1389 me
459 1349 670 1403 admones,
701 1353 749 1390 ut
782 1349 964 1390 scribam
997 1349 1049 1389 ad
1079 1349 1317 1390 Antonium
1344 1352 1384 1389 et
1410 1348 1462 1388 ad

123 1410 303 1461 ceteros,
342 1408 378 1448 si
410 1408 512 1461 quid
542 1408 755 1449 videbitur
786 1408 867 1449 tibi
900 1422 1005 1462 opus
1039 1422 1139 1462 esse,
1177 1408 1303 1448 velim
1333 1407 1461 1448 facias

123 1466 177 1521 id,
209 1466 321 1519 quod
351 1480 474 1519 saepe
504 1466 654 1507 fecisti.
705 1465 827 1507 Nihil
859 1467 971 1507 enim
1002 1466 1107 1506 mihi
1138 1467 1254 1507 venit
1281 1467 1326 1506 in
1350 1480 1463 1506 men-

125 1528 228 1578 tem,
267 1524 380 1578 quod
419 1524 685 1565 scribendum
722 1528 880 1578 putem.
944 1524 1063 1572 Quod
1100 1539 1166 1565 me
1205 1524 1322 1565 audis
1356 1538 1463 1565 erec-

125 1583 278 1624 tiorem
310 1597 399 1623 esse
432 1583 592 1637 animo,
634 1583 734 1636 quid
765 1586 910 1637 putas,
942 1597 1036 1623 cum
1068 1583 1210 1623 videas
1243 1583 1464 1623 accessisse

126 1642 177 1681 ad
218 1641 455 1694 superiores
491 1641 775 1695 aegritudines
807 1642 1040 1695 praeclaras
1074 1642 1217 1695 generi
1249 1641 1464 1682 actiones?

126 1699 189 1741 Tu
220 1703 363 1740 tamen
394 1699 521 1740 velim
554 1714 607 1740 ne
638 1700 909 1753 intermittas,
943 1699 1055 1753 quod
1087 1700 1176 1740 eius
1207 1700 1343 1740 facere
1374 1702 1466 1752 pot-

127 1759 229 1813 eris,
273 1758 453 1799 scribere
498 1757 549 1798 ad
591 1773 676 1813 me,
719 1758 890 1799 etiamsi
934 1773 1040 1811 rem,
1089 1757 1137 1798 de
1177 1772 1258 1811 qua
1296 1758 1467 1812 scribas,

126 1831 213 1857 non
241 1817 428 1857 habebis.
480 1815 652 1870 Semper
684 1817 795 1858 enim
829 1817 1021 1857 adferunt
1049 1815 1213 1869 aliquid
1238 1816 1343 1856 mihi
1369 1819 1467 1856 tuae

129 1875 308 1916 litterae.

219 1932 415 1974 Galeonis
456 1933 732 1974 hereditatem
764 1934 884 1974 crevi.
946 1932 1055 1973 Puto
1090 1933 1202 1973 enim
1236 1933 1469 1973 cretionem

132 1992 365 2089 {implicem
393 1992 536 2046 fuisse,
568 1992 767 2045 quoniam
792 1992 844 2033 ad
868 2006 934 2032 me
959 1991 1076 2032 nulla
1103 1991 1232 2032 missa
1259 1994 1332 2031 est.
1385 2003 1469 2032 VIII

155 2050 231 2090 dus
262 2049 449 2092 Martias.

206 2357 268 2382 Cic.
289 2358 372 2388 epist.
393 2358 431 2383 Π.
1218 2356 1262 2387 22

1487 1347 1520 1389 Υἱὲ-Υ
