1665 2553
222 92 308 134 502
644 91 692 125 Μ.
719 90 861 124 TULLI
887 89 1137 124 CICERONIS

223 187 387 241 reliqua
428 186 600 240 reliqu13
645 185 716 226 sed
760 199 866 238 opus
905 187 968 225 est
1007 183 1244 238 diligentia,
1287 182 1561 224 coheredibus

224 260 300 300 pro
348 244 551 286 Cluviano
596 243 688 284 Kal.
730 242 875 284 Sextil.
919 242 1184 296 persolutum
1225 244 1275 282 ut
1319 241 1385 282 sit.
1453 240 1561 282 Cum

224 303 410 345 Publilio
449 318 532 357 quo
571 302 696 343 modo
731 301 939 356 agendum
972 301 1039 355 sit,
1070 300 1243 341 videbis.
1303 299 1404 341 Non
1434 299 1560 341 debet

224 376 387 417 urgere,
419 361 618 415 quoniam
649 361 739 401 iure
770 374 857 400 non
887 359 1059 400 utimur.
1111 359 1192 400 Sed
1222 361 1366 399 tamen
1397 358 1433 399 ei
1461 372 1561 412 quo-

226 435 307 474 que
346 420 449 461 satis
487 420 579 460 fieri
617 419 740 472 plane
778 418 886 459 volo.
948 417 1168 458 Terentiae
1204 432 1303 458 vero
1344 417 1444 471 quid
1481 431 1559 472 ego
1599 433 1614 459 5

227 479 390 520 dicam?
434 478 580 519 Etiam
605 481 702 518 ante
727 477 850 532 diem,
882 476 917 517 si
943 479 1074 530 potes.
1126 475 1248 530 Quin,
1280 476 1327 529 si,
1352 478 1401 516 ut
1427 489 1562 530 spero,

226 538 415 579 celeriter
446 537 491 577 in
522 536 720 590 Epirum,
758 536 856 590 1100,
893 534 1006 588 quod
1038 535 1241 575 satisdato
1274 534 1424 589 debeo,
1462 536 1561 587 peto

227 612 250 637 a
287 599 329 637 te
370 598 417 636 ut
449 598 547 636 ante
578 595 801 648 provideas
834 593 1042 647 planeque
1075 593 1268 647 expedias
1301 596 1342 633 et
1375 592 1564 633 solutum

225 655 450 708 relinquas.
514 653 595 695 Sed
625 653 674 694 de
705 653 772 693 his
807 652 921 706 satis,
957 654 1196 707 metuoque,
1226 665 1279 693 ne
1305 654 1353 692 tu
1383 650 1562 691 nimium

228 716 364 767 putes.
1579 725 1616 750 10

314 770 438 812 Nunc
480 770 793 825 neglegentiam
833 783 969 809 meam
1008 782 1224 822 cognosce.
1292 767 1370 808 tDe
1412 767 1562 821 gloria'

226 830 383 871 librum
421 829 472 870 ad
509 833 551 870 te
589 829 697 869 misi.
759 828 818 868 At
855 828 901 868 in
937 841 984 867 eo
1023 826 1318 880 prohoemium
1354 826 1461 867 idem
1498 828 1563 867 est

227 888 340 942 quod
376 889 423 929 in
464 887 716 929 Academico
760 886 897 927 tertio.
966 885 1014 925 Id
1059 886 1198 925 evenit
1243 885 1296 925 ob
1335 899 1427 926 eam
1463 899 1564 939 rem,

228 947 340 1000 quod
382 947 518 988 habeo
563 947 760 986 volumen
803 944 1157 998 prohoemiorum.
1219 943 1285 984 Ex
1324 957 1371 984 eo
1410 943 1564 997 eligere

228 1005 355 1059 soleo,
388 1020 482 1046 cum
515 1005 686 1059 aliquod
718 1004 978 1057 σύγγραμμα
1005 1003 1184 1043 institui.
1235 1001 1383 1056 Itaque
1408 1002 1493 1042 iam
1517 1001 1563 1042 in
1582 1018 1615 1043 15

227 1064 478 1118 Tusculano,
514 1064 586 1117 qui
616 1078 703 1104 non
732 1062 1017 1103 meminissem
1048 1075 1114 1101 me
1146 1061 1323 1101 abusum
1355 1061 1438 1101 isto
1471 1074 1564 1114 pro-

226 1123 415 1178 hoemio,
458 1123 616 1163 conieci
658 1122 701 1162 id
743 1121 788 1161 in
825 1135 920 1161 eum
957 1120 1131 1173 librum,
1177 1134 1302 1173 quem
1337 1119 1418 1160 tibi
1454 1119 1563 1159 misi.

228 1180 335 1222 Cum
368 1184 510 1222 autem
535 1181 580 1221 in
604 1180 702 1221 navi
727 1180 909 1233 legerem
929 1178 1212 1230 Academicos,
1244 1177 1426 1232 adgnovi
1455 1191 1563 1218 erra-

227 1242 320 1280 tum
358 1254 510 1280 meum.
572 1238 722 1292 Itaque
761 1237 906 1277 statim
944 1251 1101 1277 novum
1138 1236 1433 1289 prohoemium
1471 1249 1563 1276 exa-

227 1298 317 1338 ravi
356 1301 397 1338 et
436 1298 516 1338 tibi
546 1298 653 1338 misi.
716 1296 780 1336 Tu
811 1295 917 1336 illud
948 1294 1178 1349 desecabiS,
1215 1294 1296 1335 hoc
1327 1294 1561 1349 adglutina-
1582 1310 1616 1335 ρο

227 1356 304 1397 bis.
367 1356 499 1396 Piliae
542 1356 720 1396 salutem
764 1354 874 1395 dices
920 1356 960 1394 et
1003 1352 1188 1406 Atticae,
1233 1352 1392 1393 deliciis
1437 1355 1563 1406 atque

228 1415 445 1456 amoribus
476 1415 591 1455 meis.

848 1528 940 1569 VH.

250 1611 404 1655 Scripsit
427 1611 607 1656 waviymzs
632 1610 680 1644 ced
705 1609 966 1653 Pompeiammz
992 1608 1097 1642 XIV
1118 1608 1165 1642 K.
1188 1607 1280 1652 Sept.
1302 1619 1335 1642 α.
1358 1609 1429 1641 710
1455 1608 1544 1650 (44).

628 1690 818 1726 CICERO
842 1689 1034 1724 ATTICO
1059 1689 1167 1724 SAL.
1582 1694 1616 1720 25

317 1776 399 1805 VIII
429 1764 529 1804 Idus
562 1762 707 1804 Sextil.
734 1777 828 1803 cum
860 1777 883 1802 a
908 1761 1169 1814 Leucopetra
1199 1760 1412 1813 profectus
1446 1757 1562 1814 (inde

228 1823 340 1864 enim
382 1820 692 1877 tramittebam)
738 1821 873 1862 stadia
916 1821 1080 1861 circiter
1125 1829 1207 1860 CCC
1251 1817 1563 1871 processissem,

226 1882 405 1922 reiectus
451 1896 544 1921 sum
588 1883 732 1920 austro
775 1879 1014 1920 vehementi
1056 1877 1108 1918 ad
1145 1877 1317 1917 eandem
1355 1875 1563 1929 Leucope-

226 1943 348 1981 tram.
408 1939 476 1980 Ibi
512 1953 608 1980 cum
646 1940 821 1978 ventum
859 1939 1145 1990 exspectarem
1176 1934 1286 1990 (erat
1318 1935 1429 1975 enim
1461 1934 1563 1974 villa

227 1998 371 2039 Valeri
406 1998 562 2052 nostri,
598 2000 646 2037 ut
684 1996 951 2037 familiariter
989 2009 1123 2036 essem
1161 1997 1202 2034 et
1232 1991 1451 2048 libenter),
1483 1991 1561 2033 Re·
1581 2009 1615 2034 30

228 2057 318 2110 gim'
350 2056 520 2110 quidam
550 2055 738 2096 illustres
769 2054 961 2095 homines
994 2068 1041 2094 eo
1067 2055 1272 2093 venerunt
1296 2051 1433 2092 Roma
1458 2065 1563 2092 sane

228 2117 427 2168 recentes,
458 2114 503 2155 in
532 2114 586 2154 iis
617 2113 741 2154 Bruti
771 2112 909 2153 nostri
938 2112 1106 2166 hospes,
1138 2110 1212 2164 qui
1242 2110 1425 2151 Brutum
1455 2107 1563 2149 Nea-

228 2173 318 2226 poli
360 2173 615 2227 reliquisset.
675 2171 790 2212 Haec
832 2171 1095 2224 adferebant,
1138 2169 1321 2210 edictum
1356 2167 1480 2209 Bruti
1521 2169 1564 2208 et

230 2229 368 2285 Cassi,
407 2234 448 2272 et
478 2231 568 2272 fore
599 2231 859 2284 frequentem
894 2232 1086 2270 senatum
1116 2227 1337 2281 Kalendis,
1373 2241 1397 2267 a
1427 2225 1562 2266 Bruto

230 2291 272 2329 et
304 2288 450 2330 Cassio
491 2290 657 2331 litteras
695 2289 846 2329 missas
889 2287 939 2329 ad
971 2286 1211 2328 consulares
1244 2287 1285 2327 et
1316 2284 1563 2339 praetorios,
1582 2298 1615 2325 35
