1665 2553
122 1992 165 2022 10

190 80 246 121 28
615 80 662 115 Μ.
691 80 830 114 TULLI
855 79 1105 114 CICERONIS

191 175 366 216 discidio
411 177 573 230 vestro,
617 175 689 216 sed
725 174 945 216 voluntate
983 189 1029 215 ac
1065 174 1218 215 iudicio
1256 176 1331 215 tuo
1368 174 1527 215 factum

191 248 282 275 esse
308 233 510 274 videatur.
561 232 698 282 Quare
725 236 765 274 et
790 233 875 288 illa,
907 247 1013 286 quae
1032 233 1202 287 violata-7
1231 233 1527 287 expiabuntur,

192 295 233 333 et
258 292 361 333 haec
384 295 545 347 nostra,
572 307 676 346 quae
703 295 802 332 sunt
829 292 1093 332 sanctissime
1118 294 1377 347 conservata,
1408 306 1528 332 suam

191 351 440 405 religionem
472 351 737 391 obtinebunt.

280 408 371 450 Nos
402 409 471 449 hic
502 409 547 449 in
571 424 616 450 re
641 408 809 463 publica
834 408 1013 463 infirma,
1042 408 1196 449 misera
1221 407 1527 449 commutabili-
1565 423 1580 450 5

193 481 273 521 que
304 482 532 509 versamur.
583 466 717 509 Credo
751 467 862 508 enim
893 470 935 507 te
967 466 1133 508 audisse
1159 470 1331 508 nostros
1364 467 1526 521 equites

191 541 322 580 paene
371 540 395 567 a
443 529 593 567 senatu
643 540 733 566 esse
786 525 1012 579 diiunctos3
1070 525 1143 579 qui
1191 525 1375 580 primum
1424 525 1529 565 illud

190 584 310 625 valde
342 585 528 639 graviter
560 584 768 639 tulerunt,
803 584 1120 638 promulgatum
1151 598 1201 624 ex
1233 587 1402 624 senatus
1435 598 1528 624 con-

193 643 305 683 sulto
337 643 481 698 fuisse7
512 646 560 683 ut
592 643 641 683 de
674 643 745 697 eis,
778 642 851 696 qui
883 642 936 683 ob
966 642 1234 683 iudicandum
1260 642 1529 697 accepissent,

193 704 473 755 quaereretur.
525 700 615 749 Qua
640 702 685 742 in
716 716 760 741 re
791 701 1046 742 decernenda
1077 715 1172 742 cum
1204 714 1280 755 ego
1313 715 1412 741 casu
1441 715 1529 741 non
1548 715 1581 739 10

193 759 421 801 adfuissem
464 760 772 814 sensissemque
814 759 858 800 id
901 762 1140 814 equestrem
1183 759 1371 800 ordinem
1419 759 1528 800 ferre

190 819 369 859 moleste
411 833 546 872 neque
591 821 733 872 aperte
774 818 925 874 dicere,
969 818 1191 873 obiurgavi
1229 821 1438 873 senatum,
1480 820 1528 858 ut

192 877 298 917 mihi
336 877 451 918 visus
491 891 602 932 sum,
640 891 803 918 summa
841 891 934 918 cum
972 877 1224 918 auctoritate
1257 879 1297 917 et
1328 876 1374 917 in
1404 890 1529 917 causa

192 950 279 976 non
310 936 542 977 verecunda
575 936 798 976 admodum
830 935 970 990 gravis
1003 938 1044 976 et
1075 935 1270 989 copiosus
1299 935 1371 975 fui.
1421 934 1528 975 Ecce

193 994 298 1034 aliae
330 994 502 1035 deliciae
534 995 726 1048 equitum
757 994 829 1034 vix
859 994 1068 1035 ferendae!
1102 1008 1205 1048 quas
1239 1007 1316 1048 ego
1346 1007 1434 1034 non
1466 1007 1528 1033 so-
1548 1006 1581 1032 15

191 1052 281 1093 lum
312 1053 411 1107 tuli,
443 1053 514 1093 sed
546 1052 673 1093 etiam
706 1052 861 1093 ornavi.
917 1051 1064 1093 Asiam
1097 1052 1172 1106 qui
1204 1052 1253 1092 de
1285 1051 1527 1092 censoribus

192 1111 501 1165 conduxerunt,
539 1111 677 1165 questi
710 1113 809 1151 sunt
841 1110 886 1151 in
917 1114 1066 1151 senatu
1100 1125 1143 1151 se
1176 1110 1405 1163 cupiditate
1435 1124 1529 1163 pro-

191 1169 334 1222 lapsos
371 1169 552 1209 nimium
587 1183 741 1223 magno
781 1169 1048 1224 conduxisse,
1087 1171 1135 1209 ut
1165 1168 1433 1209 induceretur
1470 1168 1528 1208 lo-

192 1228 314 1281 catio,
349 1227 683 1281 postulaverunt.
745 1227 839 1282 Ego
873 1227 1065 1281 princeps
1097 1227 1142 1267 in
1173 1227 1438 1267 adiutoribus
1471 1229 1528 1267 at-

193 1299 273 1338 que
311 1286 412 1326 adeo
452 1286 674 1339 secundus3
711 1300 828 1340 nam,
864 1288 912 1326 ut
943 1286 1007 1326 illi
1039 1286 1238 1326 auderent
1269 1285 1349 1326 hoc
1386 1287 1528 1338 postu·
1548 1300 1582 1324 ρο

190 1342 296 1395 lare,
353 1341 531 1382 Crassus
587 1358 657 1381 eos
712 1344 892 1396 impulit.
976 1343 1191 1384 Invidiosa
1244 1357 1329 1398 res,
1389 1343 1528 1396 turpis

191 1399 424 1452 postulatio
458 1402 499 1439 et
531 1400 737 1439 confessio
770 1401 1032 1442 temeritatis.
1090 1399 1310 1442 Summum
1342 1404 1431 1442 erat
1462 1416 1529 1455 pe-

191 1457 383 1512 riculum‚
413 1471 478 1511 ne,
510 1457 544 1497 si
570 1457 679 1497 nihil
703 1457 1013 1511 impetrassent,
1043 1458 1166 1510 plane
1192 1458 1475 1499 alienarentur
1506 1474 1530 1499 a

191 1518 350 1556 senatu.
419 1514 531 1555 Huic
572 1530 740 1569 quoque
783 1515 843 1555 rei
888 1515 1140 1556 subventum
1183 1519 1246 1556 est
1282 1517 1462 1557 maxime
1506 1532 1530 1556 a

190 1573 315 1614 nobis
346 1572 680 1628 perfectumque,
717 1576 765 1613 ut
802 1573 1144 1627 frequentissimo
1177 1576 1325 1615 senatu
1357 1576 1397 1614 et
1427 1574 1529 1614 libe·
1548 1589 1581 1615 25

191 1631 401 1672 ralissimo
433 1634 666 1685 uterentur,
697 1631 915 1686 multaque
948 1647 971 1673 a
1001 1646 1067 1672 me
1099 1632 1148 1672 de
1175 1632 1370 1673 ordinum
1394 1631 1527 1686 digni-

191 1693 280 1731 tate
307 1692 347 1731 et
374 1690 595 1730 concordia
621 1690 731 1730 dicta
759 1693 857 1730 sunt
882 1689 974 1731 Kal.
1001 1690 1217 1731 Decembr.
1245 1692 1286 1731 et
1311 1690 1526 1744 postridie.

190 1747 340 1802 Neque
385 1748 519 1789 adhuc
557 1763 622 1789 res
660 1749 849 1790 confecta
886 1752 968 1803 est,
1012 1749 1082 1789 sed
1122 1749 1317 1789 voluntas
1357 1751 1526 1789 senatus

191 1809 428 1861 perspecta3
466 1821 575 1847 unus
615 1807 725 1847 enim
763 1809 909 1848 contra
947 1807 1109 1848 dixerat
1145 1806 1343 1847 Metellus
1380 1807 1528 1848 consul

192 1865 456 1920 designatus,
501 1868 673 1919 eratque
717 1865 923 1921 dicturus,
966 1866 1017 1906 ad
1064 1879 1189 1919 quem
1231 1867 1405 1918 propter
1445 1865 1527 1906 diei
1547 1881 1580 1906 30

191 1923 445 1964 brevitatem
476 1927 725 1977 perventum
756 1938 841 1964 non
874 1926 949 1979 est,
978 1923 1103 1964 heros
1135 1923 1207 1964 ille
1238 1926 1382 1963 noster
1409 1921 1526 1965 Cato.

194 1979 262 2022 Sic
288 1995 365 2036 ego
393 1996 644 2023 conservans
673 1982 881 2022 rat-ionem
912 1982 1307 2035 institutionemque
1338 1984 1528 2022 nostram

192 2041 333 2095 tueor,
373 2042 421 2080 ut
459 2054 649 2095 possum,
690 2040 805 2081 illam
843 2055 867 2080 a
897 2055 962 2081 me
995 2040 1330 2094 conglutinatam
1361 2054 1528 2081 concor-

192 2097 313 2137 diam.
384 2097 464 2138 Sed
506 2102 666 2154 tamen,
710 2098 909 2152 quoniam
951 2098 1034 2138 ista
1075 2100 1173 2138 sunt
1216 2100 1305 2138 tam
1347 2098 1527 2153 infirma,

190 2155 382 2195 munitur
428 2157 631 2209 quaedam
670 2156 794 2197 nobis
838 2156 889 2196 ad
931 2155 1168 2196 retinendas
1217 2170 1315 2210 opes
1359 2159 1525 2198 nostras
1545 2172 1578 2198 35

191 2215 306 2267 tuta,
344 2216 391 2253 ut
423 2229 563 2269 spero,
601 2215 687 2270 via3
729 2230 855 2268 quam
886 2214 965 2255 tibi
995 2214 1150 2254 litteris
1185 2215 1288 2255 satis
1320 2215 1526 2269 explicare

191 2285 278 2311 non
298 2285 483 2326 possum,
510 2272 818 2327 significatione
837 2287 966 2326 parva
993 2272 1209 2313 ostendam
1228 2275 1379 2314 tamen.
1415 2272 1526 2315 Utor
