1665 2553
359 105 697 141 EPISTULARUM
721 106 786 140 AD
812 105 1014 140 BRUTUM
1040 107 1055 140 I
1082 110 1136 149 17,
1164 110 1218 142 18.
1368 107 1450 147 551

122 202 390 256 amplissimis
421 201 690 255 fortunisque
721 201 936 255 maximis,
974 201 1164 255 coniuge,
1194 201 1354 256 liberis,
1384 215 1454 242 vo-

121 260 188 300 bis
226 261 436 302 adfinibus
480 262 655 301 ornatus
699 260 858 301 bellum
895 260 955 300 rei
993 260 1186 314 publicae
1225 260 1452 300 indixerit?

123 318 224 372 quid
243 320 378 360 dicam
405 319 465 359 ‘in
490 321 610 359 tanto
639 321 808 359 senatus
835 319 1066 372 populique
1092 318 1325 373 consensu’,
1358 333 1452 359 cum

122 379 284 419 tantum
324 378 506 418 resideat
547 377 661 418 intra
700 392 844 418 muros
885 377 1015 418 mali?
1072 377 1258 418 Maximo
1301 379 1454 432 autem,
1479 388 1498 417 3

88 452 104 478 5
124 450 219 476 cum
249 435 347 478 haec
379 436 627 491 scribebam,
664 436 887 477 adficiebar
919 436 1074 489 dolore,
1107 436 1232 490 quod,
1263 450 1358 476 cum
1388 450 1454 476 me

123 508 200 548 pro
245 495 552 536 adulescentulo
597 509 644 535 ac
687 509 817 548 paene
861 509 991 548 puero
1032 509 1098 534 res
1139 494 1308 548 publica
1345 508 1454 534 acce-

123 553 256 606 pisset
282 554 434 607 vadem,
466 553 536 593 vix
563 553 749 608 videbar,
781 553 894 607 quod
918 553 1209 608 promiseram,
1240 555 1454 606 praestare

124 625 258 665 posse.
315 612 396 653 Est
439 614 579 652 autem
611 612 779 666 gravior
811 614 852 652 et
885 611 1097 652 difficilior
1129 612 1259 652 animi
1290 613 1333 652 et
1366 625 1454 651 sen-

124 670 293 723 tentiae,
323 670 516 711 maximis
548 670 797 724 praesertim
823 671 868 710 in
892 670 1032 724 rebus,
1063 684 1139 723 pro
1167 670 1299 710 altero
1327 684 1453 723 quam

71 745 105 770 10
124 729 323 782 pecuniae
363 729 579 783 obligatio.
641 728 756 769 Haec
798 729 909 769 enim
954 728 1061 769 solvi
1103 731 1264 782 potest,
1308 730 1349 768 et
1390 730 1454 768 est

123 787 185 827 rei
227 787 445 828 familiaris
488 787 650 828 iactura
693 787 946 841 tolerabilis3
1001 787 1062 827 rei
1104 787 1298 840 publicae
1343 785 1454 840 quod

125 845 409 899 spoponderis,
443 860 567 899 quem
593 846 642 886 ad
669 846 842 886 modum
869 846 1020 899 solvas,
1042 845 1077 885 si
1103 845 1139 885 is
1167 845 1346 886 debitam
1372 858 1454 886 mm

125 904 297 958 dependi
333 904 451 945 facile
488 904 668 958 patitur,
705 918 782 958 pro
822 918 905 958 quo
945 904 1249 957 spoponderis?
1305 902 1455 951 Quam·
1479 914 1502 944 4

126 977 252 1016 quam
271 963 301 1016 ’ἧ-
316 965 356 1003 et
381 962 501 1017 hunc,
521 965 569 1003 ut
596 977 729 1016 spero,
750 963 903 1003 tenebo
930 962 1077 1002 multis
1105 962 1454 1016 repugnantibus.
1496 1000 1505 1003 -

73 1037 106 1063 15
126 1021 306 1062 Videtur
344 1021 452 1061 enim
489 1036 578 1062 esse
609 1021 788 1075 indoles,
834 1021 904 1061 sed
935 1020 1134 1061 flexibilis
1168 1024 1282 1061 aetas
1314 1020 1456 1060 multi-

127 1094 207 1133 que
240 1079 291 1120 ad
322 1079 630 1132 depravandum
659 1079 817 1133 parati3
850 1079 923 1133 qui
955 1079 1175 1132 splendore
1206 1079 1302 1119 falsi
1325 1078 1456 1119 hono-

125 1138 184 1178 ris
223 1138 387 1178 obiecto
426 1138 553 1179 aciem
590 1138 691 1179 boni
728 1138 888 1192 ingenii
919 1138 1176 1192 praestringi
1206 1136 1330 1190 posse
1362 1151 1457 1177 con-

126 1196 272 1237 fidunt.
345 1195 493 1250 Itaque
543 1197 594 1237 ad
636 1197 822 1249 reliquos
864 1196 932 1236 hic
977 1210 1144 1250 quoque
1187 1196 1309 1236 labor
1352 1195 1458 1235 mihi

127 1255 318 1309 accessit,
360 1257 409 1295 ut
450 1269 591 1296 omnes
630 1255 852 1295 adhibeam
889 1254 1105 1295 machinas
1143 1253 1194 1294 ad
1230 1253 1459 1294 tenendum

74 1313 454 1367 2o‘adulescentem,
490 1328 543 1354 ne
579 1313 736 1354 famam
774 1313 948 1353 subeam
978 1312 1243 1353 temeritatis.
1307 1312 1458 1361 Quam-

128 1386 254 1425 quam
286 1386 391 1425 quae
422 1372 637 1412 temeritas
670 1371 761 1412 est‘?
805 1371 944 1424 Magis
971 1371 1081 1411 enim
1106 1371 1239 1424 illum,
1270 1385 1347 1424 pro
1375 1385 1458 1424 quo

128 1430 356 1484 spopondi,
395 1444 520 1482 quam
556 1445 622 1470 me
659 1430 799 1483 ipsum
837 1430 1042 1484 obligavi3
1083 1444 1157 1469 nec
1188 1443 1286 1469 vero
1319 1429 1460 1482 paeni-

127 1491 215 1528 tere
247 1490 390 1541 potest
420 1502 509 1528 rem
540 1488 752 1540 publicam
782 1502 848 1528 me
880 1502 955 1541 pro
989 1502 1037 1528 eo
1065 1487 1355 1541 spopondisse,
1387 1487 1460 1540 qui

127 1546 209 1586 fuit
239 1546 284 1586 in
314 1545 439 1586 rebus
471 1546 668 1600 gerundis
701 1560 796 1586 011111
829 1560 904 1586 suo
934 1546 1104 1600 ingenio
1132 1548 1224 1586 tum
1248 1559 1342 1585 mea
1366 1559 1461 1598 pro-

75 1621 109 1646 25
130 1604 331 1645 missione
363 1604 634 1645 constantior.

216 1662 428 1703 Maximus
459 1665 610 1716 autem,
640 1662 723 1702 nisi
754 1676 820 1702 me
850 1661 962 1702 forte
991 1661 1115 1713 fallit,
1147 1661 1191 1701 in
1222 1675 1267 1701 re
1292 1661 1462 1714 publica
1488 1671 1507 1701 5

127 1720 263 1761 nodus
302 1724 366 1761 est
405 1721 548 1774 inopia
585 1721 644 1761 rei
681 1720 954 1773 pecuniariae.
1017 1719 1313 1760 Obdurescunt
1351 1720 1462 1759 enim

129 1779 263 1834 magis
308 1779 460 1820 cotidie
504 1779 605 1819 boni
647 1779 725 1819 viri
771 1778 822 1818 ad
861 1792 1007 1819 vocem
1046 1778 1218 1832 tribut13
1262 1777 1374 1831 quod
1412 1792 1461 1818 ex

131 1838 359 1878 centesima
395 1837 596 1878 collatum
631 1837 660 1889 ’ξ-
680 1837 915 1890 impudenti
953 1850 1080 1876 censu
1110 1835 1387 1889 locupletium
1418 1836 1464 1876 in

77 1913 112 1937 30
131 1896 307 1936 duarum
337 1896 555 1950 legionum
586 1895 782 1949 praemiis
817 1909 938 1935 omne
969 1894 1243 1935 consumitur.
1299 1892 1463 1947 Impen-

131 1953 229 1994 dent
273 1957 414 1995 autem
457 1954 614 1994 infiniti
657 1957 852 2007 sumptus
896 1967 991 1993 cum
1035 1953 1080 1992 in
1122 1952 1201 1992 hos
1243 1952 1463 2007 exercitus,

131 2012 284 2065 quibus
328 2027 439 2053 nunc
483 2012 759 2065 defendimur,
803 2014 893 2051 tum
938 2025 1036 2051 vero
1075 2011 1119 2051 in
1159 2013 1290 2050 tuum.
1352 2009 1464 2050 Nam

131 2069 301 2111 Cassius
350 2073 494 2112 noster
543 2071 710 2111 videtur
758 2084 882 2123 posse
932 2069 1036 2109 satis
1087 2071 1262 2109 ornatus
1311 2069 1462 2109 venire.

132 2127 214 2169 Sed
250 2131 292 2169 et
326 2128 429 2170 haec
467 2131 508 2169 et
544 2129 680 2169 multa
717 2128 799 2169 alia
837 2142 978 2168 coram
1017 2127 1141 2180 cupio
1181 2126 1306 2179 idque
1339 2141 1465 2180 quam

78 2203 112 2229 35
131 2187 324 2240 primum.

219 2244 283 2286 De
321 2245 479 2286 sororis
517 2248 615 2286 tuae
646 2244 747 2285 filiis
778 2258 864 2284 non
895 2243 1152 2297 exspectavi,
1188 2242 1333 2297 Brute,
1365 2241 1464 2282 dum
1491 2252 1511 2283 6

133 2303 346 2344 scriberes.
409 2302 591 2344 Omnino
629 2303 722 2356 ipsa
758 2304 949 2355 tempora
987 2300 1165 2356 (bellum
1204 2300 1316 2341 enim
1348 2300 1467 2341 duce-
