1665 2553
72 724 105 747 10

73 1016 104 1040 15

73 1601 105 1625 25

73 1892 106 1916 30

73 2183 105 2207 35

319 81 658 116 EPISTULARUM
684 81 749 115 AD
775 80 990 116 ATTICUM
1015 81 1100 116 XIV
1128 85 1182 125 18,
1211 86 1264 116 19.
1374 82 1458 123 457

124 180 232 219 ram!
283 177 384 232 Sed,
415 192 510 218 cum
542 192 591 218 ex
623 176 870 218 Dolabellae
902 177 1027 217 aritia
1067 175 1148 232 (sic
1182 177 1294 218 enim
1329 179 1378 218 tu
1410 177 1461 218 ad

125 252 191 278 me
240 235 486 291 scripseras)
536 251 690 292 magna
739 236 1031 290 desperatione
1083 235 1270 276 adfectus
1315 250 1460 290 essem,

125 310 215 337 ecce
253 295 333 336 tibi
372 298 414 336 et
444 294 569 335 Bruti
607 297 648 335 et
679 297 776 335 tuae
807 295 991 335 litterae!
1041 293 1118 335 Ille
1151 294 1347 335 exsilium
1378 309 1460 335 me-

126 354 263 395 ditari.
325 353 416 394 Nos
455 356 595 394 autem
634 353 764 394 alium
794 356 966 407 portum
997 353 1237 406 propiorem
1268 352 1366 393 huic
1397 367 1460 394 ae-

125 413 205 454 tati
236 412 499 467 videbamus3
530 412 575 452 in
607 426 732 465 quem
762 412 932 453 mallem
964 412 1156 465 equidem
1187 411 1359 466 pervehi
1388 411 1460 452 fio-

124 474 242 513 rente
269 471 403 512 Bruto
430 473 577 511 nostro
605 471 920 524 constitutaque
946 485 990 511 re
1015 470 1193 524 publica.
1242 468 1325 511 Sed
1349 485 1461 511 nunc

126 530 314 585 quidem,
354 532 401 570 ut
446 530 615 582 scribis,
657 544 743 570 non
788 529 1009 570 utrumvis.
1069 528 1310 569 Adsentiris
1349 529 1460 570 enim

124 589 229 629 mihi
264 590 455 629 nostram
495 591 676 629 aetatem
708 603 731 629 a
763 588 931 643 castris,
968 588 1219 642 praesertim
1251 587 1460 643 civilibus,

125 647 361 688 abhorrere.

212 705 425 746 Antonius
451 704 503 745 ad
528 719 594 745 me
619 707 787 745 tantum
814 705 862 745 de
890 703 1038 746 Clodio
1065 705 1293 760 rescripsit,
1322 719 1458 745 meam

123 764 343 805 lenitatem
381 766 422 804 et
460 764 724 804 clementiam
764 767 805 804 et
847 763 929 804 sibi
961 777 1051 804 esse
1083 766 1248 817 gratam
1281 766 1322 803 et
1353 763 1458 804 mihi

124 823 335 876 voluptati
372 836 549 876 magnae
586 822 688 863 fore.
751 820 831 863 Sed
868 821 1005 862 Pansa
1042 822 1180 862 furere
1212 822 1377 862 videtur
1409 822 1458 862 de

125 880 273 922 Clodio
306 881 492 934 itemque
518 881 567 921 de
593 880 795 921 Deiotaro
823 882 864 921 et
889 880 1081 934 loquitur
1107 895 1261 935 severe,
1293 880 1328 920 si
1353 880 1457 921 velis

125 940 299 981 credere.
349 938 462 980 Illud
493 941 637 980 tamen
667 954 753 980 non
784 939 905 993 belle,
936 941 984 979 ut
1015 938 1120 980 mihi
1154 939 1320 992 quidem
1349 939 1458 979 vide-

124 1001 211 1052 tur,
261 998 373 1052 quod
421 998 580 1038 factum
622 997 869 1038 Dolabellae
922 997 1190 1038 vehementer
1233 997 1456 1051 improbat.

123 1056 187 1098 De
231 1057 460 1111 coronatis,
503 1070 598 1096 cum
643 1057 799 1097 sororis
838 1059 934 1096 tuae
972 1056 1086 1096 filius
1125 1070 1148 1096 a
1185 1058 1305 1109 patre
1343 1070 1457 1096 accu-

124 1118 240 1156 satus
285 1118 406 1169 esset,
450 1115 668 1168 rescripsit
712 1130 755 1156 se
800 1129 998 1155 coronam
1040 1114 1240 1158 habuisse
1284 1114 1457 1155 honoris

125 1173 317 1215 Caesaris
361 1188 504 1228 causa,
547 1173 740 1226 posuisse
783 1173 922 1213 luctus
961 1173 1117 1227 gratia3
1161 1175 1376 1226 postremo
1416 1187 1458 1213 se

123 1233 304 1273 libenter
352 1232 710 1285 vituperationem
761 1232 920 1284 subire,
971 1231 1084 1285 quod
1128 1234 1286 1272 amaret
1331 1232 1459 1272 etiam

72 1309 86 1321 ο
124 1294 339 1332 mortuum
373 1289 604 1332 Caesarem.

211 1349 279 1390 Ad
310 1349 588 1404 Dolabellam,
620 1363 742 1402 quem
775 1348 826 1389 ad
850 1348 1022 1389 modum
1048 1348 1129 1388 tibi
1156 1348 1258 1388 dicis
1285 1347 1459 1402 placere,

126 1408 275 1462 scripsi
321 1408 555 1461 diligenter.
623 1407 716 1462 Ego
762 1408 890 1448 etiam
927 1407 978 1447 ad
1023 1406 1204 1460 Siccam3
1248 1407 1330 1447 tibi
1379 1406 1458 1447 hoc

125 1467 264 1507 oneris
307 1480 394 1506 non
436 1466 619 1519 impono.
665 1444 798 1506 UNolo
842 1468 885 1506 te
928 1465 1049 1506 illum
1093 1465 1251 1506 iratum
1292 1464 1457 1506 habere.

126 1524 244 1566 Servi
282 1524 517 1565 orationem
549 1537 774 1578 cognosco3
818 1524 864 1564 in
895 1538 978 1577 qua
1009 1523 1104 1576 plus
1137 1523 1304 1564 timoris
1336 1523 1457 1564 video

126 1598 253 1636 quam
285 1582 464 1623 consilii.
520 1560 625 1634 Sed?
645 1557 845 1635 quoniam
876 1581 1090 1634 perterriti
1123 1595 1266 1622 omnes
1300 1595 1460 1637 sumus,

125 1641 339 1682 adsentior
373 1639 529 1681 Servio.
590 1639 800 1680 Publilius
841 1642 979 1680 tecum
1011 1640 1188 1680 tricatus
1226 1641 1301 1679 est.
1363 1638 1459 1680 Huc

124 1700 235 1740 enim
273 1698 478 1740 Caerellia
514 1698 644 1738 missa
682 1698 732 1738 ab
770 1698 865 1738 istis
905 1701 969 1738 est
1006 1697 1146 1752 legata
1185 1697 1235 1738 ad
1265 1711 1349 1750 me3
1393 1698 1461 1738 cui

123 1758 245 1799 facile
270 1757 461 1811 persuasi
487 1756 593 1796 mihi
618 1756 672 1810 id,
705 1756 817 1809 quod
842 1758 1026 1811 rogaret,
1050 1770 1102 1796 ne
1127 1755 1251 1796 licere
1278 1756 1460 1811 quidem,

123 1831 211 1857 non
241 1816 366 1857 modo
398 1830 485 1855 non
515 1814 671 1855 lubere.
733 1814 969 1855 Antonium
1001 1814 1037 1854 si
1067 1813 1229 1867 videro,
1268 1817 1460 1854 accurate

126 1889 249 1929 agam
280 1874 330 1914 de
361 1873 586 1914 Buthroto,

213 1933 349 1973 Venio
382 1932 433 1972 ad
458 1931 711 1972 recentiores
737 1930 920 1984 litteras;
954 1945 1210 1984 quamquam
1237 1930 1285 1970 de
1313 1928 1458 1972 Servio

125 1991 210 2032 iam
241 1990 449 2044 rescripsi.
501 1989 584 2030 Me
615 1989 751 2029 facere
775 2002 973 2042 magnam
998 1988 1157 2042 πρᾶξιν
1184 1987 1458 2030 Dolabellae.²

125 2049 233 2090 Mihi
271 2047 508 2090 mehercule
545 2047 606 2088 ita
642 2047 825 2101 videtur,
861 2061 949 2087 non
986 2047 1174 2100 potuisse
1212 2047 1345 2087 maior
1382 2047 1460 2087 tali

125 2122 169 2148 re
213 2107 373 2160 talique
410 2109 610 2159 tempore.
679 2104 759 2146 Sed
796 2108 955 2157 tamen,
994 2104 1193 2158 quicquid
1234 2104 1271 2145 ei
1303 2104 1459 2160 tribuo,

126 2165 268 2206 tribuo
307 2180 358 2206 ex
395 2164 481 2205 tuis
517 2163 685 2204 litteris.
747 2163 844 2204 Tibi
881 2177 980 2203 vero
1013 2163 1226 2203 adsentior
1257 2163 1459 2204 maiorem

124 2223 282 2277 πρᾶξιν
319 2223 409 2263 eius
450 2222 560 2276 fore,
603 2222 638 2262 si
681 2221 805 2277 mihi,
846 2221 960 2274 quod
1001 2221 1162 2275 debuit,
1206 2221 1458 2263 dissolverit.

124 2281 284 2322 Brutus
325 2280 452 2321 velim
493 2280 549 2320 sit
587 2278 781 2320 Asturae.
854 2278 973 2327 Quod
1014 2282 1155 2320 autem
1194 2279 1341 2320 laudas
1381 2295 1460 2335 me7

1485 717 1504 745 Ν)

1486 2290 1505 2320 6
