1665 2553
224 88 308 129 548
646 87 693 121 M.
721 87 862 121 TULLI
888 86 1136 122 CICERONIS

226 182 308 224 Sed
346 182 549 236 quaedam
586 183 691 223 mihi
722 181 890 222 videtur
922 207 977 210 —
1011 181 1112 235 quid
1149 181 1315 222 dicam?
1364 181 1561 235 imperite

224 242 289 282 vir
327 241 515 282 omnium
554 240 909 295 prudentissimus
941 255 995 281 an
1026 240 1251 281 ambitiose
1281 240 1447 295 fecisse,
1487 240 1561 294 qui

224 300 562 340 valentissimum
593 299 829 340 Antonium
862 299 1072 352 suscipere
1103 313 1179 352 pro
1212 313 1257 339 re
1282 298 1451 352 publica
1474 313 1561 339 non

226 358 430 399 dubitarit
476 358 706 398 inimicum.
761 356 935 413 Nescio,
977 357 1080 411 quid
1123 357 1305 398 scribam
1342 357 1442 413 tibi,
1476 358 1560 398 nisi

226 431 373 471 unum,
413 417 533 470 pueri
572 419 613 457 et
651 416 926 469 cupiditatem
962 419 1005 457 et
1042 416 1257 456 licentiam
1294 416 1436 469 potius
1470 430 1559 456 esse

226 476 435 516 irritatam
469 490 595 529 quam
626 489 861 528 repressam
893 489 917 515 a
942 473 1155 529 Cicerone,
1186 477 1438 528 tantumque
1467 488 1562 515 eum

226 534 410 574 tribuere
447 533 546 574 huic
582 533 888 587 indulgentiae,
931 535 978 573 ut
1012 547 1055 573 se
1085 533 1320 574 maledictis
1352 547 1439 573 non
1470 533 1561 574 abs-

226 593 360 633 tineat
397 592 449 632 iis
489 592 670 647 quidem,
710 607 815 645 quae
853 592 897 632 in
934 592 1074 645 ipsum
1105 591 1328 645 dupliciter
1359 591 1561 646 recidunt,

229 651 341 704 quod
378 654 419 692 et
450 650 592 704 plures
626 651 778 691 occidit
809 665 893 691 uno
927 664 1053 703 seque
1084 651 1202 704 prius
1235 652 1403 703 oportet
1434 650 1561 691 fatea-

227 712 298 750 tur
324 709 534 764 sicarium,
565 724 691 763 quam
719 709 874 749 obiciat
902 708 1066 762 Cascae,
1099 709 1212 762 quod
1238 709 1379 762 obicit,
1405 711 1447 749 et
1472 709 1562 749 imi-

228 770 344 809 tatur
376 768 420 808 in
452 766 581 808 Casca
613 767 812 809 Bestiam.
862 767 943 822 An,
975 768 1073 821 quia
1103 782 1191 808 non
1223 767 1417 808 omnibus
1443 767 1560 807 horis

228 827 433 867 iactamus
464 825 563 867 Idus
596 826 772 866 Martias
806 826 1013 881 similiter,
1045 829 1171 879 atque
1202 826 1273 866 ille
1304 824 1451 866 Nonas
1483 825 1562 866 De-

228 885 414 926 cembres
447 900 544 925 suas
576 885 620 925 in
653 899 723 925 ore
754 884 900 940 habet,
937 899 985 925 eo
1017 884 1190 925 meliore
1223 884 1466 925 condicione
1498 883 1563 925 Ci-

230 958 322 985 cero
362 943 690 997 pulcherrimum
731 944 890 984 factum
933 943 1210 996 vituperabit,
1256 957 1382 997 quam
1419 942 1562 983 Bestia

229 1005 270 1042 et
303 1001 476 1043 Clodius
508 1002 810 1056 reprehendere
842 1002 956 1042 illius
990 1002 1255 1042 consulatum
1289 1001 1405 1042 soliti
1435 1001 1561 1041 sunt?

231 1061 494 1102 Sustinuisse
531 1060 637 1101 mihi
669 1061 876 1115 gloriatur
909 1060 1067 1100 bellum
1098 1060 1261 1100 Antoni
1291 1062 1465 1114 togatus
1498 1058 1563 1101 Ci-

230 1134 324 1160 cero
354 1121 517 1160 noster!
561 1119 668 1167 Quid
699 1119 780 1160 hoc
808 1119 912 1159 mihi
939 1119 1124 1173 prodest,
1156 1119 1192 1159 si
1217 1133 1375 1159 merces
1400 1118 1561 1158 Antoni

231 1178 422 1231 oppressi
466 1178 654 1231 poscitur
697 1178 741 1217 in
784 1176 945 1218 Antoni
989 1177 1128 1217 locum
1173 1177 1399 1231 successio,
1443 1179 1485 1218 et
1527 1176 1562 1217 si

230 1237 383 1276 vindex
410 1236 524 1276 illius
551 1236 652 1276 mali
679 1238 825 1276 auctor
852 1235 1015 1276 exstitit
1042 1235 1215 1275 alterius
1243 1235 1563 1276 fundamentum

232 1298 273 1335 et
304 1295 462 1334 radices
494 1294 683 1334 habituri
714 1294 899 1347 altiores,
931 1294 967 1333 si
998 1293 1236 1346 patiamur?
1278 1296 1326 1333 ut
1358 1293 1442 1334 iam
1468 1293 1563 1346 ista,
1582 1309 1597 1332 2

232 1367 337 1406 quae
368 1352 482 1407 facit,
512 1352 843 1393 dominationem
875 1367 927 1392 an
960 1352 1177 1392 dominum
1210 1351 1283 1405 [an
1306 1350 1561 1405 Antonium]

230 1411 422 1452 timentis
456 1411 551 1451 sint.
602 1411 697 1464 Ego
730 1413 869 1451 autem
897 1410 1078 1464 gratiam
1104 1425 1190 1450 non
1214 1410 1363 1464 habeo,
1395 1410 1430 1450 si
1457 1410 1565 1465 quis,

230 1470 330 1510 dum
378 1484 431 1510 ne
480 1469 588 1510 irato
640 1469 810 1523 serviat,
854 1483 943 1509 rem
993 1468 1129 1522 ipsam
1177 1483 1264 1509 non
1306 1468 1562 1522 deprecatur.

230 1527 366 1569 Immo
411 1528 652 1581 triumphus
695 1530 736 1568 et
774 1527 1030 1581 stipendium
1069 1530 1110 1568 et
1148 1527 1345 1568 omnibus
1387 1527 1563 1568 decretis

230 1587 437 1640 hortatio,
474 1601 526 1626 ne
558 1586 646 1627 eius
678 1586 833 1640 pudeat
865 1586 1156 1639 concupiscere
1187 1586 1414 1640 fortunam,
1446 1585 1562 1626 cuius
1583 1618 1596 1626 .

230 1660 384 1686 nomen
417 1645 658 1700 susceperit,
689 1644 920 1685 consularis
951 1648 1024 1684 aut
1050 1642 1264 1685 Ciceronis
1291 1644 1383 1684 est‘?
1428 1643 1564 1692 Quon-

231 1705 316 1744 iam
352 1704 458 1744 mihi
494 1706 632 1744 tacere
668 1717 754 1744 non
790 1703 928 1757 licuit,
965 1703 1096 1756 leges,
1136 1717 1241 1756 quae
1279 1702 1360 1742 tibi
1398 1715 1564 1743 necesse

233 1765 296 1803 est
340 1762 519 1803 molesta
563 1776 662 1802 esse.
731 1761 904 1802 Etenim
947 1761 1037 1815 ipse
1076 1761 1227 1814 sentio,
1273 1763 1430 1814 quanto
1470 1775 1563 1801 cum

233 1820 377 1861 dolore
407 1820 510 1861 haec
541 1820 593 1861 ad
623 1823 664 1861 te
697 1820 950 1875 scripserim,
980 1834 1055 1859 nec
1086 1819 1249 1874 ignoro,
1282 1818 1383 1872 quid
1408 1819 1564 1859 sentias

231 1880 274 1919 in
308 1894 351 1919 re
383 1879 562 1932 publica,
595 1881 636 1920 et
669 1893 795 1932 quam
827 1879 1089 1931 desperatam
1123 1892 1289 1931 quoque
1322 1877 1461 1917 sanari
1492 1891 1564 1931 pu-

232 1940 296 1978 tes
328 1951 462 1990 posse.
519 1936 607 1978 Nec
637 1937 873 1978 mehercule
898 1940 952 1991 te,
982 1935 1135 1989 Attice,
1167 1935 1437 1989 reprehendo.
1486 1935 1566 1976 Ae-

233 1998 299 2036 tas
331 1995 454 2050 enim,
485 2010 636 2050 mores,
667 1995 790 2035 liberi
823 2009 992 2049 segnem
1020 1995 1224 2049 efficiunt,
1257 1993 1370 2047 quod
1396 1993 1564 2047 quidem

235 2054 361 2094 etiam
396 2069 445 2095 ex
477 2053 623 2094 Flavio
655 2056 802 2094 nostro
834 2053 1038 2107 perspexi.
1102 2052 1183 2093 Sed
1213 2053 1336 2093 redeo
1369 2052 1420 2092 ad
1452 2051 1564 2092 Cice-

232 2126 387 2152 ronem.
439 2111 547 2160 Quid
572 2113 682 2152 inter
709 2111 994 2152 Salvidienum
1021 2114 1062 2152 et
1088 2126 1181 2151 eum
1207 2110 1412 2151 interest?
1457 2109 1566 2158 Quid

233 2173 373 2210 autem
405 2171 585 2224 amplius
612 2170 683 2210 ille
708 2170 976 2211 decerneret?
1021 2169 1203 2224 ‘Timet',
1234 2169 1388 2223 inquis,
1421 2168 1565 2209 etiam

231 2242 342 2268 nunc
374 2229 574 2282 reliquias
606 2229 707 2269 belli
739 2229 901 2269 civilis.²
957 2227 1189 2281 Quisquam
1222 2241 1320 2281 ergo
1353 2227 1413 2267 ita
1444 2226 1566 2267 timet

231 2287 524 2343 profligatum,
560 2290 607 2329 ut
644 2302 778 2341 neque
816 2287 1049 2341 potentiam
1089 2286 1195 2339 eius,
1234 2285 1307 2339 qui
1339 2285 1568 2326 exercitum

1582 727 1614 750 10

1582 1018 1615 1043 15

1584 1894 1618 1918 30

1585 2184 1618 2209 35
