1665 2553
212 81 309 114 XLII
636 78 914 114 ADNOTATIO
941 77 1128 112 CRITICA

212 173 353 207 fuerint
371 172 477 217 pueri
499 171 702 215 Cicerones,
730 173 886 207 ascivero
902 182 1033 216 pueros
1051 171 1118 215 Ml,
1143 182 1228 206 uero
1247 172 1402 206 ascivero
1416 181 1547 215 pueros

214 222 279 254 aut
287 231 391 264 puer.
405 221 512 254 acciv.
525 219 590 253 ΜΣ.
623 219 755 254 Verum
770 230 813 253 ex
827 220 903 253 virro
917 218 1085 252 fecerunt
1099 219 1202 253 codd.
1217 219 1330 253 etiam
1343 230 1377 262 p.
1393 222 1469 252 112.
1485 222 1544 260 153

212 268 293 301 ueri
318 268 443 300 autem
468 266 604 301 arcessi
629 277 703 300 non
728 267 894 310 possunt,
922 276 1008 309 ergo
1028 266 1137 309 pueri
1161 265 1262 300 facti.
1283 287 1328 290 —
1349 269 1368 299 9
1389 265 1546 310 †animo

212 314 308 348 Boot
333 313 424 348 coni.
445 314 582 355 habita,
608 324 688 348 voce
712 312 891 356 Pluygers
917 312 1050 346 Mnem.
1074 315 1162 346 1881
1189 325 1222 356 p.
1239 315 1316 346 127.
1332 333 1377 337 —
1398 315 1441 346 10
1466 312 1547 356 ipsa

214 363 265 395 Es
285 360 489 404 (Lehmann
508 360 630 404 Attp.
643 362 713 403 43),
734 370 801 393 om.
812 359 860 401 M,
882 359 963 393 edd.
984 380 1029 383 —
1050 359 1279 403 l4ilZaqne‘?
1300 380 1344 384 -—
1364 362 1407 392 32
1430 359 1547 393 Min-

213 412 309 442 turn.
329 408 399 441 1100
424 407 504 441 1000
532 409 569 440 et
595 410 671 440 132.
695 410 755 449 20,
796 410 872 439 294.
897 409 956 447 15,
989 405 1058 449 leg.
1082 416 1158 449 agr.
1178 406 1211 439 Π
1238 410 1290 440 14.
1306 409 1431 447 36eX.,
1447 424 1450 427 -
1469 405 1545 439 red.

214 453 312 495 Quir.
342 458 372 488 8.
395 457 456 497 20,
495 453 586 487 Sest.
609 457 663 487 22.
686 456 746 494 50,
784 452 856 486 Pis.
879 456 932 486 19.
953 456 1014 495 43,
1052 452 1176 486 Plane.
1199 456 1252 486 10.
1275 456 1318 486 26
1346 453 1468 494 codd,
1505 454 1548 486 ut

213 501 375 543 videtur,
415 502 451 534 et
485 501 584 543 edd,
623 500 708 533 fam.
729 499 813 533 XIV
838 504 868 533 4.
891 503 910 532 2
936 500 983 543 (p.
1005 503 1083 533 435.
1105 503 1166 542 20,
1204 499 1268 533 ubi
1300 499 1449 543 erravi),
1486 499 1548 533 hic

215 552 293 582 209.
316 551 376 589 20,
410 550 486 581 238.
510 551 541 590 2,
568 550 645 581 279.
668 550 723 589 34,
749 550 826 580 316
849 550 881 587 5,
908 550 985 580 506.
1008 550 1062 587 31,
1090 549 1166 580 510.
1188 549 1208 580 6
1236 547 1348 581 Ment.
1371 546 1474 580 codd.
1503 567 1547 571 —-

215 598 257 628 33
279 595 321 628 de
340 606 374 628 se
393 595 479 646 post
497 598 529 628 te
549 594 632 627 add
659 593 760 637 ng.
777 593 808 626 l
817 575 1007 626 Lehmann
1021 592 1096 626 Att.
1106 605 1141 637 p.
1152 595 1244 637 101),
1263 595 1348 637 post
1366 593 1548 637 scripsisse

215 642 315 675 idem
353 652 434 675 00111
438 650 590 680 eceram.
635 641 646 684 ΙΙ
689 640 734 674 P.
762 639 852 674 131.
880 643 899 673 9
937 640 1128 682 mandavi,
1164 640 1225 674 sed
1260 639 1387 674 Kahnt
1423 651 1544 684 progr.

214 688 313 722 Zeitz
343 692 432 721 1844
456 699 491 740 Ρ
509 691 563 730 12,
589 686 734 731 Tyrrell
760 697 813 730 ep.
838 690 915 729 185,
943 687 1041 730 quod
1066 686 1105 720 in
1131 686 1234 720 codd
1251 688 1308 720 est
1326 687 1544 721 mandasti

215 756 259 760 —
299 739 339 768 11
377 735 618 778 provinciam
657 733 722 767 Pio
760 735 909 767 auctore
946 733 1042 778 vulg.
1072 733 1171 776 edd,
1204 733 1269 767 sed
1300 745 1330 767 v.
1356 733 1547 767 Lehmann

218 781 437 815 ‘Jahresber
461 781 524 815 des
549 780 677 825 philol.
699 779 867 814 Vereins’
898 783 987 814 1888
1013 792 1047 824 p.
1069 783 1147 814 257.
1168 800 1214 804 —
1234 783 1276 813 17
1302 780 1349 814 iis
1372 779 1545 815 Wesenb.

214 829 272 862 Ad
302 840 336 872 Ρ.
359 831 412 861 37.
435 831 488 861 37.
527 848 573 852 -
612 830 654 860 18
687 827 957 870 στρατηγήματι
983 826 1134 870 Tyrrell.
1174 847 1219 851 —
1257 830 1301 860 20
1332 826 1485 860 tertium
1517 831 1548 862 et

214 875 355 908 habent
387 874 489 908 codd.
517 876 567 916 Σ,
606 885 673 907 om.
703 877 735 907 Δ
766 874 970 917 (Lehmann
1001 874 1077 907 Att.
1104 885 1138 917 p.
1160 877 1216 916 47,
1243 876 1317 917 89),
1355 875 1548 916 tamquam

216 921 436 955 additicium
474 921 580 954 scrib.
607 920 735 954 Baiter
779 923 815 954 et
851 919 1022 954 Wesenb.
1073 941 1118 944 —
1167 923 1210 953 28
1244 920 1393 954 laudari
1424 918 1548 954 CONP

214 968 418 1008 (Lehmann
450 968 525 1001 Att.
546 979 581 1011 p.
603 972 664 1010 29,
690 971 752 1010 34,
778 971 834 1009 39,
861 969 958 1011 155),
990 966 1179 1009 Wesenb,
1211 966 1320 1009 Boot,
1353 967 1479 1001 audiri
1504 971 1546 1009 Δ,

214 1015 352 1053 Baiter,
378 1014 530 1058 Tyri-cll.
551 1035 596 1039 —
622 1018 667 1047 34
681 1025 732 1056 sq.
760 1014 906 1055 debebit,
931 1025 1009 1047 cum
1035 1024 1077 1047 ea:
1097 1013 1214 1057 Epiro
1239 1014 1398 1048 redieris.
1424 1013 1546 1047 Stern-

215 1062 309 1106 kopf
330 1061 507 1095 Fleckeis.
531 1060 651 1094 annal.
675 1063 766 1094 1894
791 1072 825 1104 Ρ.
846 1063 914 1094 488
929 1071 1025 1103 sqq.,
1052 1060 1195 1094 debebit.
1248 1060 1334 1094 Cum
1361 1071 1404 1094 eoe
1428 1060 1547 1104 Epiro

214 1109 374 1150 redieris,
406 1109 447 1142 de
472 1119 509 1142 re
529 1119 567 1151 p.
590 1107 670 1140 edd.
715 1108 726 1151 ΙΙ
768 1107 813 1141 Ρ.
835 1106 923 1141 132.
946 1111 963 1140 1
991 1107 1133 1141 odorere
1158 1106 1328 1150 Ursinus,
1361 1106 1545 1150 Wesenb.,

213 1156 319 1198 Boot,
344 1154 499 1198 Tyrrell,
524 1165 670 1197 operare
694 1153 743 1196 M,
770 1154 954 1197 opperiare
979 1153 1140 1197 Ascens,
1165 1153 1302 1187 Baiter.
1333 1174 1379 1178 -
1406 1157 1448 1187 13
1474 1154 1548 1189 sint

213 1204 300 1246 post
335 1212 493 1236 rumores
525 1201 681 1234 addend.
710 1202 835 1234 censet
869 1200 1024 1234 Schiche
1053 1211 1174 1244 progr.
1201 1200 1319 1234 Berol.
1342 1203 1431 1234 1895
1458 1213 1492 1244 p.
1514 1205 1544 1235 6.

216 1248 258 1282 V.
286 1248 476 1282 Lehmann
515 1258 569 1291 ep.
597 1247 658 1281 sel.
686 1247 702 1280 Ι
735 1250 752 1280 7
790 1259 824 1291 p.
854 1251 896 1281 58
935 1247 988 1280 ed.
1017 1246 1075 1281 Ἦ.
1133 1246 1206 1280 Sed
1242 1248 1367 1281 tamen
1410 1247 1545 1290 nescio,

215 1295 306 1338 quid
348 1294 546 1338 impediat,
590 1293 784 1337 quominus
823 1293 1084 1337 intellegamus
1123 1294 1186 1338 qui
1220 1297 1323 1328 sunt
1358 1294 1400 1328 de
1437 1305 1474 1328 re
1507 1306 1544 1338 p.

215 1352 390 1383 rancores,
422 1343 464 1375 ut
489 1352 663 1376 sermones
686 1341 894 1375 scribuntur
917 1352 950 1384 p.
974 1344 1051 1374 252.
1074 1343 1127 1374 27.
1154 1361 1199 1365 —-
1232 1344 1274 1374 15
1300 1341 1347 1374 iis
1372 1339 1543 1375 Wesenb.

215 1389 278 1432 (ad
302 1401 335 1432 p.
358 1391 411 1422 37.
433 1391 501 1431 37).
542 1387 612 1421 Sed
643 1398 762 1430 neque
792 1388 840 1421 iis
869 1397 989 1430 neque
1020 1387 1075 1421 his
1100 1397 1226 1420 verum
1249 1387 1412 1429 videtur3
1450 1388 1547 1422 villis

215 1435 307 1469 coni.
334 1434 486 1479 Madvig
516 1434 606 1468 Adv.
627 1434 676 1467 ΙΠ
708 1445 742 1478 Ρ.
769 1437 852 1476 175,
889 1435 958 1468 viis
995 1433 1147 1478 Ussing,
1182 1433 1273 1467 mihi
1310 1433 1349 1467 in
1385 1436 1547 1468 mentem

214 1483 366 1516 venerat
396 1482 481 1516 meis
511 1483 589 1514 tam
619 1480 745 1515 incert.
768 1491 879 1523 quam
903 1480 986 1523 illa,
1019 1481 1173 1515 discessu
1191 1480 1285 1514 Boot
1304 1480 1437 1514 Mnem.
1455 1484 1544 1515 1892

212 1533 312 1618 {3213}
319 1528 647 1609 Stinssi'hiltifwff
663 1527 1273 1616 5ξῇἕᾶῖυῖᾗῖΞῖῂΒὲξέῂέῗἛΟῇ
1286 1527 1545 1608 ἳίἓεὶέἰὲἒῖἷῗ

214 1624 337 1656 tutum
364 1631 442 1655 esse
470 1632 488 1655 0
511 1621 641 1665 primis
666 1621 786 1654 verbis
814 1620 918 1665 epist.
942 1631 1014 1663 seq.
1031 1621 1223 1664 ‘apparere'
1245 1621 1357 1654 ratus.
1402 1619 1546 1664 Tyrrell

216 1680 268 1713 ep.
287 1672 352 1702 186
380 1669 571 1712 comparat
593 1679 628 1712 p.
645 1671 722 1701 352.
739 1672 770 1709 9,
796 1671 874 1701 435.
897 1671 957 1709 253
985 1667 1068 1701 add.
1083 1670 1161 1701 461.
1177 1671 1209 1709 4,
1236 1666 1274 1707 Q.
1291 1666 1332 1700 fr.
1348 1666 1381 1699 Π
1400 1670 1430 1700 5.
1446 1670 1477 1700 4.
1500 1688 1545 1692 —

215 1720 258 1750 27
272 1715 531 1750 existimationi
545 1725 709 1748 senmus.
719 1714 833 1748 Rhen.
846 1717 936 1747 1898
950 1725 983 1757 Ρ.
996 1717 1062 1747 124
1076 1713 1134 1757 (cf.
1144 1713 1245 1747 Verr.
1261 1713 1311 1747 ΙΠ
1325 1717 1379 1747 58.
1391 1717 1457 1747 133
1470 1716 1543 1757 111),

215 1774 284 1798 esse
310 1763 399 1797 satis
425 1761 487 1805 (ad
510 1773 545 1805 p.
562 1765 615 1794 24.
632 1762 667 1805 8)
688 1761 803 1802 codd,
830 1760 958 1794 seclus.
974 1760 1082 1803 Bait,
1109 1772 1191 1794 cum
1211 1770 1316 1794 cruce
1335 1759 1434 1793 VVes.
1451 1760 1542 1794 coni.

215 1810 248 1844 ei
273 1809 412 1844 civitati
438 1810 474 1842 et
498 1808 593 1841 Boot
618 1807 708 1841 coni.
730 1808 819 1851 ipsis
838 1807 1063 1842 Samnitibus
1088 1808 1125 1840 et
1143 1806 1543 1850 Τγ11·.00111,ἀηδεστά-

213 1869 300 1899 τοις,
327 1853 468 1899 νεμέσει
488 1854 591 1888 Koch
616 1865 735 1898 progr.
752 1854 848 1888 Port.
866 1857 955 1887 1868
981 1865 1016 1897 p.
1033 1857 1087 1895 24,
1113 1854 1303 1898 diliqentia
1320 1853 1426 1888 sociis
1445 1853 1544 1887 idem

213 1914 304 1936 mus.
326 1902 441 1936 Rhen.
456 1901 523 1935 XII
541 1913 575 1945 Ρ.
592 1904 670 1943 270,
696 1901 960 1935 Beneventanis
979 1900 1034 1933 Fr.
1052 1899 1218 1933 Schmidt
1235 1910 1355 1944 progr.
1370 1899 1542 1934 Wurceb.

216 1953 305 1983 1892
331 1961 366 1992 p.
390 1952 442 1983 18.
464 1969 510 1973 —
530 1951 574 1981 34
599 1958 637 1982 eo
661 1948 739 1991 ipso
765 1958 808 1981 ex
835 1946 921 1980 edit.
943 1947 1109 1980 Romana
1129 1946 1312 1989 Wesenb.,
1338 1946 1443 1988 Boot,
1469 1948 1545 1990 ipse

214 2007 252 2030 eo
277 1995 325 2038 M,
351 1996 429 2038 ipso
454 2006 491 2029 eo
515 1994 612 2039 vulg.
668 1995 679 2037 ΙΙ
732 1994 777 2028 Ρ.
795 1993 885 2027 133.
902 1997 919 2027 1
941 2004 964 2027 α
984 1994 1114 2027 Pontio
1133 1994 1177 2026 ut
1193 2005 1228 2037 Ρ.
1248 1996 1322 2026 132.
1339 1997 1382 2027 27
1405 2022 1412 2035 ,
1430 1997 1506 2027 196.
1522 1998 1545 2027 4

214 2041 367 2084 Manut,
388 2041 525 2085 Baiter,
545 2040 729 2083 Wesenb,
750 2039 893 2083 Tyrrell
914 2050 967 2083 ep.
986 2043 1062 2082 187,
1083 2039 1127 2073 L.
1143 2040 1274 2074 Pontio
1290 2039 1339 2082 M,
1358 2039 1403 2073 L.
1420 2040 1546 2075 Pontii

214 2088 357 2129 Muret.,
383 2088 486 2122 Boot.
532 2086 583 2121 Cf.
603 2100 638 2132 p.
662 2090 738 2121 131.
761 2091 780 2120 5
806 2087 847 2120 in
875 2086 1076 2120 Trebulano
1102 2087 1201 2130 apud
1221 2086 1403 2129 Pontium,
1431 2091 1508 2122 132.
1524 2091 1543 2121 9

212 2136 254 2169 in
283 2135 524 2169 Trebulanum
550 2135 598 2168 ad
623 2134 804 2168 Pontium.
840 2153 885 2157 —-
922 2136 941 2166 5
967 2133 1017 2166 mi
1042 2133 1104 2176 (ad
1127 2144 1162 2176 p.
1185 2137 1215 2166 9.
1238 2135 1294 2175 19)
1319 2133 1380 2167 ille
1404 2134 1545 2178 quidem

209 2182 329 2225 placet
360 2181 450 2214 coni.
477 2180 668 2224 IVesenb„
701 2180 733 2214 S.
761 2179 903 2213 Brandt
936 2190 1026 2212 mus.
1054 2179 1169 2213 Rhen.
1193 2183 1280 2214 1881
1313 2192 1347 2224 p.
1371 2183 1455 2223 630,
1492 2191 1545 2214 me

214 2228 283 2262 ille.
303 2228 398 2261 illud
422 2226 476 2269 M,
513 2239 564 2262 me
595 2227 688 2261 illud
713 2227 853 2271 quidem
884 2226 983 2259 labat
1006 2235 1139 2270 marg,
1172 2237 1224 2260 me
1248 2226 1308 2260 ille
1332 2227 1426 2261 illud
1450 2226 1545 2270 quod

215 2275 313 2308 labat
338 2274 394 2316 Zb,
419 2285 471 2308 me
496 2274 589 2308 illud
614 2274 708 2318 quod
733 2274 831 2308 labat
855 2272 890 2306 N
915 2271 1117 2315 (Lehmann
1143 2272 1218 2307 Att.
1239 2285 1273 2317 p.
1296 2275 1364 2316 29),
1389 2274 1412 2318 †
1427 2284 1468 2307 ac
1493 2284 1544 2308 me
