1689 2572
181 97 232 131 VI
599 92 876 128 ADNOTATIO
904 91 1090 126 CRITICA

182 191 215 223 Π
244 189 403 223 mutavit
431 188 470 222 in
500 188 633 222 volunt.
671 208 717 212 -
754 190 774 220 8
799 186 1016 229 familiares,
1045 184 1180 219 ‘nobiles
1205 184 1305 227 edd,
1338 183 1386 218 ad
1412 184 1503 218 Sest.

181 249 215 281 p.
233 240 285 270 12.
301 240 356 279 30,
375 236 460 269 fam.
473 238 551 269 308.
564 238 619 276 22,
638 234 720 268 infr.
733 246 766 277 p.
781 236 833 266 13.
848 236 901 275 18,
924 235 975 266 17.
990 235 1044 274 24,
1065 231 1113 265 ad
1126 235 1179 265 24.
1192 235 1224 275 4,
1245 235 1363 274 3216,
1380 234 1433 265 72.
1449 235 1504 272 30,

185 287 259 317 168.
282 287 337 325 32,
371 286 454 324 449,
476 285 528 315 13.
562 302 607 306 —
644 284 686 314 25
719 280 895 314 nondum
926 279 998 312 vid.
1030 277 1208 322 Pluygers
1239 278 1386 322 <Mnem.
1415 281 1503 311 1881

182 342 217 374 p.
240 331 319 373 121)
344 330 494 373 propter
517 340 551 372 p.
573 331 603 361 5.
625 331 686 370 26,
717 327 858 368 Baiter,
890 324 1063 359 Wesenb.
1089 346 1135 350 —
1166 328 1209 358 35
1234 325 1291 359 At
1313 325 1354 358 in
1378 336 1413 359 se
1437 325 1505 358 Bo-

185 377 259 410 sius
294 377 352 409 ‘ex
383 374 610 417 Decurtato’,
642 373 784 417 Tyrrell
816 383 870 417 ep.
892 376 922 406 8.
960 374 971 416 ΙΙ
1009 372 1055 406 Ρ.
1076 371 1113 406 5.
1135 375 1221 415 1sq.
1253 382 1316 406 ‘nec
1345 372 1415 406 sibi
1444 382 1507 406 ‘nec

183 424 249 458 tibi
267 422 385 465 Klotz,
411 421 565 466 Tyn-eu,
585 432 647 455 nec
666 421 732 454 tibi
749 431 812 454 nec
831 420 900 453 sibi
919 418 1059 461 GraeV.,
1078 418 1216 461 Baiter,
1240 418 1426 460 VVesenb.,
1444 429 1508 453 nec

184 471 249 504 tibi
274 469 390 511 codd,
422 480 503 502 cum
529 478 635 502 cruce
659 467 763 510 Boot,
790 466 848 500 cui
876 465 1012 510 ‘potius
1034 465 1155 499 deleto
1175 469 1225 499 est
1241 466 1326 509 post
1345 469 1508 508 expertus

186 516 421 550 scribendum
445 515 606 548 videtur:
640 518 683 548 at
707 515 747 547 in
770 524 805 547 se
830 517 994 556 eoepertus
1018 512 1122 546 illum
1146 523 1216 546 esse
1240 512 1360 546 minus
1384 522 1508 546 emora-

186 564 287 597 bilem
317 574 430 596 meum
460 562 620 596 studium
649 564 777 605 oieyat
807 560 873 594 tibi
903 559 1082 601 defuisse'.
1109 579 1154 583 —
1180 562 1223 592 10
1253 559 1365 593 seatio
1391 558 1508 599 codd.,

184 608 327 653 Tyrrell
358 619 412 652 ep.
435 611 471 651 9,
503 618 620 642 censeo
650 607 835 648 Lambin,
868 606 1009 648 Baiter,
1041 604 1232 645 Wesenb.,
1264 605 1366 639 Boot.
1393 626 1438 630 —
1465 608 1508 638 15

185 657 268 698 iam,
294 666 366 689 non
391 667 468 689 eam
493 654 665 688 codd..ut
688 666 722 697 p.
746 657 821 687 189.
845 656 904 694 17,
937 652 1108 686 Wesenb.
1135 673 1180 676 —
1206 655 1248 685 22
1275 652 1361 686 Erit
1384 651 1508 696 potius

186 713 297 745 quam
321 702 390 736 Est
408 701 585 735 Meierum
610 700 648 734 in
670 700 870 733 ‘dissertat
891 699 1076 732 Bonnensi
1103 698 1147 732 de
1173 698 1387 743 gladiatura
1406 699 1507 732 Rom.

186 749 279 782 thes.
299 748 362 781 IX’
390 758 592 792 proponere
618 749 787 780 notatum
811 746 948 788 habeo,
979 746 1062 779 fort.
1083 755 1177 788 vere,
1203 749 1240 779 et
1265 745 1369 779 codd.
1395 766 1440 770 —
1465 748 1510 779 24

185 796 325 840 insiyne
351 806 418 828 om.
440 794 488 837 M,
515 794 642 828 seclus.
670 794 776 834 Bait,
802 793 943 826 habent
968 792 1072 826 codd.
1092 791 1296 826 Lehmanni
1317 795 1362 836 (p.
1379 795 1434 834 25,
1454 795 1509 834 29,

187 847 264 884 110,
280 844 370 885 134),
389 841 574 883 WVesenb„
599 840 703 881 Boot,
724 839 877 883 Tyr-rell.
898 860 943 864 —
963 843 1006 873 28
1029 839 1200 873 Caietam
1220 838 1336 881 codd,
1356 838 1510 881 Tyrrell,

188 889 398 923 Caietcamm
431 887 646 931 Pluygersio
677 887 809 920 Mnem.
833 890 919 920 1881
946 898 980 930 p.
1003 889 1067 919 121
1095 887 1132 919 et
1156 896 1214 918 me
1241 886 1352 919 auctt.
1374 885 1511 928 Baiter,

186 935 376 977 Wesenb.,
414 935 507 968 Boot
538 933 637 976 fals.3
673 933 716 967 cf.
743 946 776 977 p.
799 937 875 967 228.
899 936 959 974 10,
991 936 1070 966 438.
1092 935 1144 965 24.
1173 952 1218 957 —-
1244 935 1287 965 30
1312 931 1511 966 *conserva

187 982 357 1015 Wesenb.
383 982 471 1015 mihi·
496 983 561 1014 aut
584 981 686 1014 nobis
711 980 837 1013 deesse
862 981 964 1012 ratus
990 978 1093 1012 nulla
1120 978 1210 1021 alia,
1243 978 1362 1021 credo,
1389 988 1511 1020 causa,

186 1029 259 1062 nisi
290 1028 388 1071 quod
418 1040 452 1072 p.
475 1031 527 1061 12.
550 1031 593 1060 10
625 1028 680 1060 est
710 1027 811 1060 nobis
835 1037 1010 1060 conserva.
1061 1024 1198 1065 Quidni
1222 1037 1255 1068 p.
1276 1028 1332 1058 43.
1354 1028 1397 1058 26
1423 1035 1511 1067 quo-

187 1086 257 1118 que
284 1075 486 1108 scribamus
512 1078 553 1108 ut
576 1074 699 1107 nobis
724 1077 924 1107 conserves?
962 1071 1013 1106 Cf.
1035 1072 1083 1104 ad
1107 1083 1141 1115 p.
1158 1075 1255 1105 9.11.
1301 1072 1312 1115 ΙΙ
1355 1071 1400 1105 P.
1414 1071 1452 1105 6.
1467 1075 1511 1104 22

186 1122 475 1156 intermissione
506 1119 682 1161 Bembus,
714 1119 850 1152 Baiter.
899 1118 941 1152 V.
963 1118 1226 1152 Friedlaender
1249 1118 1323 1152 Iuv.
1345 1121 1375 1151 2.
1398 1122 1450 1151 39.
1468 1139 1512 1142 -

188 1172 231 1202 26
263 1168 505 1201 audieramus
537 1165 737 1209 Sternkopf
764 1177 883 1210 progr.
910 1165 1100 1198 Elberfeld
1135 1167 1224 1197 1889
1255 1177 1289 1209 p.
1310 1168 1332 1197 4
1352 1164 1434 1198 fals.
1467 1185 1512 1189 —-

188 1219 231 1248 29
263 1225 348 1248 ozon
378 1214 471 1247 nihil
502 1213 679 1256 Pluygers
712 1212 843 1245 Mnem.
868 1215 954 1245 1881
982 1224 1015 1255 p.
1039 1215 1122 1252 121,
1153 1211 1281 1255 †m·hz'l
1305 1211 1415 1253 Boot,
1448 1211 1512 1254 qui

190 1261 297 1294 ‘nihil
321 1271 340 1293 e
365 1261 452 1294 mihi
478 1259 717 1303 depravatum
741 1259 875 1302 putaff.
919 1260 931 1302 Η
973 1259 1018 1292 P.
1037 1259 1106 1292 7.4
1135 1258 1252 1300 etiam,
1276 1258 1308 1292 si
1324 1257 1512 1291 Lehmann

189 1307 352 1348 Quaestt.
378 1319 412 1350 p.
440 1310 522 1348 132,
561 1316 627 1350 ego
660 1305 799 1339 dubito.
856 1305 914 1338 Ad
944 1305 1030 1338 fam.
1057 1317 1090 1348 p.
1120 1308 1172 1338 25.
1201 1308 1255 1338 25.
1287 1325 1333 1328 —
1364 1308 1383 1338 5
1416 1309 1513 1339 teneo

189 1353 320 1396 Orelli,
351 1353 492 1395 Baiter,
524 1352 632 1394 Boot,
665 1352 807 1395 Tyrrell
833 1362 886 1396 ep.
909 1355 940 1394 1,
965 1352 1064 1386 video
1089 1362 1163 1394 me,
1201 1352 1243 1384 ut
1268 1350 1337 1393 ait,
1364 1352 1513 1384 auctore

188 1399 378 1442 Wesenb.,
414 1400 486 1434 scio
518 1399 592 1432 alii.
619 1420 663 1423 —
690 1403 708 1431 9
734 1400 914 1433 voluntate
938 1409 990 1432 me
1015 1398 1198 1439 Lambin,
1230 1397 1326 1441 vulg.
1347 1399 1513 1439 1·ecentt.,

188 1448 415 1481 volantatem
436 1446 471 1488 Z,
486 1446 666 1480 voluntate
679 1445 717 1478 M
731 1447 741 1487 ζ
744 1457 777 1488 p.
790 1449 842 1478 11.
853 1447 921 1488 11),
935 1445 1000 1478 vol.
1013 1449 1165 1479 statuere
1179 1455 1230 1478 me
1243 1443 1394 1487 Tyrrell.
1410 1465 1455 1469 -—
1469 1448 1512 1478 23

188 1494 212 1538 †
225 1498 257 1528 et
274 1492 446 1526 Wesenb.
463 1492 544 1526 coni
563 1503 604 1526 ea
624 1493 689 1525 aut
708 1496 738 1526 et
758 1503 799 1526 ea
818 1496 849 1526 te
869 1493 933 1524 aut
952 1491 1021 1524 del.
1037 1496 1078 1533 et,
1098 1491 1174 1536 [et]
1193 1491 1295 1524 Boot.
1318 1512 1362 1515 —
1383 1494 1426 1524 33
1443 1502 1515 1535 par

189 1541 235 1573 i‘n
259 1540 334 1573 hoe
365 1539 453 1573 mihi
478 1539 581 1572 codd.
612 1540 648 1571 Σ
669 1538 870 1581 (Lehmann
896 1538 972 1572 Att.
999 1550 1032 1582 p.
1054 1540 1122 1581 46).
1145 1558 1189 1562 ——
1210 1541 1252 1570 35
1280 1537 1334 1570 M.
1357 1537 1515 1572 Fontius

190 1586 238 1629 M,
263 1586 372 1628 Boot,
405 1586 460 1619 M.
480 1585 699 1629 †Fontina8
724 1585 790 1628 (sic
816 1585 839 1618 Z
867 1586 903 1618 et
929 1584 1007 1628 alii)
1038 1583 1223 1626 Wesenb.,
1250 1584 1318 1617 M?
1340 1583 1516 1618 Fonteius

189 1633 360 1675 Ursinus,
398 1632 539 1673 Baiter,
579 1631 722 1675 Tyrrell
753 1642 806 1675 ep.
835 1635 864 1665 2.
909 1633 920 1675 Η
963 1632 1007 1665 P.
1035 1631 1071 1665 8.
1100 1634 1119 1664 5
1158 1643 1181 1665 a
1211 1631 1314 1664 nobis
1345 1631 1516 1665 discessit

189 1679 356 1723 Madvig,
382 1678 517 1720 Baiter,
544 1678 727 1720 VVesenb.,
754 1689 843 1721 quos
867 1677 962 1711 bene
987 1678 1152 1711 refutant
1176 1677 1270 1711 Boot
1295 1678 1332 1710 et
1358 1676 1512 1720 Tyrrell.

188 1729 307 1767 ΞΠ
339 1730 477 1760 caraest
501 1725 538 1757 M
569 1726 671 1767 (cara
696 1726 772 1767 est),
805 1735 910 1759 carae
943 1729 991 1759 est
1017 1724 1097 1758 edd.
1124 1724 1183 1757 Ad
1208 1736 1240 1768 p.
1265 1727 1295 1757 1.
1318 1727 1371 1757 11.
1398 1744 1444 1748 —
1471 1727 1513 1757 18

191 1772 338 1806 XXOD
364 1772 472 1814 Boot,
505 1771 653 1805 XXCD
684 1771 780 1814 vulg.
809 1773 845 1804 et
870 1771 922 1804 sic
948 1771 1094 1815 saepius
1120 1770 1227 1804 infra.
1254 1791 1299 1795 —
1326 1774 1368 1803 19
1396 1770 1529 1804 emisse

190 1823 226 1853 te
256 1819 397 1861 Baiter,
429 1818 570 1862 Tyrrell
602 1828 656 1862 ep.
687 1821 706 1850 3
738 1818 838 1851 haud
863 1817 937 1851 scio
965 1828 1011 1850 an
1037 1828 1129 1851 vere.
1182 1818 1230 1851 Te
1256 1818 1382 1850 contra
1409 1817 1512 1850 codd.

191 1864 247 1898 vel
278 1875 400 1898 omnes
430 1864 487 1898 ve]
517 1866 661 1908 partem
693 1864 835 1898 addunt
860 1864 1018 1898 editores
1044 1876 1078 1908 p.
1102 1867 1176 1897 106.
1198 1867 1217 1896 2
1239 1865 1276 1897 et
1295 1868 1326 1905 6,
1361 1867 1438 1897 118.
1460 1867 1515 1906 26,

192 1915 267 1945 123.
284 1915 315 1953 8,
344 1915 490 1954 13314,
518 1914 665 1953 14833,
694 1914 839 1952 18010,
867 1915 942 1944 192.
960 1915 990 1953 2,
1018 1914 1165 1952 25124,
1193 1913 1341 1953 25212,
1369 1913 1515 1953 20811,

190 1961 267 1990 348.
284 1962 315 1998 5,
342 1962 489 2000 35015,
515 1961 653 1992 417.14
667 1959 704 1991 et
718 1962 772 1998 29,
798 1961 875 1991 453.
891 1961 947 1999 30,
972 1961 1050 1991 454.
1067 1960 1109 1990 37
1131 1956 1248 2000 (alter.
1267 1957 1339 2000 Te),
1365 1960 1443 1990 496.
1460 1960 1516 1999 27,

191 2007 334 2045 51723,
362 2008 496 2037 54217
517 2009 548 2038 te
567 2015 634 2038 om.
648 2004 719 2045 Ml,
747 2004 789 2037 cf.
804 2004 851 2037 ad
875 2016 909 2046 p.
931 2007 1056 2043 3910,
1084 2007 1138 2037 59.
1156 2007 1209 2043 18,
1236 2006 1290 2037 89.
1307 2007 1338 2044 9,
1367 2007 1442 2037 189.
1462 2007 1516 2044 31,

191 2051 315 2091 2034,
342 2052 419 2083 222.
435 2053 488 2091 20,
516 2053 594 2084 301.
617 2053 672 2091 24,
698 2052 775 2082 369.
792 2052 846 2090 20,
874 2051 952 2082 395.
969 2050 999 2090 7,
1026 2050 1105 2081 437.
1129 2050 1159 2088 7,
1186 2050 1266 2081 452.
1287 2050 1343 2088 28,
1370 2050 1518 2090 54816,

192 2097 268 2128 550.
286 2098 304 2127 2
326 2096 417 2138 (561.
434 2097 506 2139 11),
534 2096 581 2128 ad
606 2096 703 2130 fam.
723 2107 759 2139 p.
774 2099 829 2129 49.
846 2097 906 2137 283
932 2105 984 2127 me
1009 2105 1043 2137 p.
1061 2097 1245 2127 11.11.—
1268 2096 1312 2126 33
1332 2098 1520 2128 recusaret

188 2144 350 2187 Ernesti,
388 2144 572 2187 Wesenb,
609 2145 718 2186 Boot,
756 2147 940 2178 recusarat
976 2142 1098 2185 codd,
1135 2144 1309 2177 recusarit
1344 2143 1516 2187 Malasp„

188 2191 330 2233 Baiter,
362 2191 506 2234 Tyr-reli
531 2202 584 2235 ep.
607 2195 625 2225 5
652 2191 809 2224 fortasse
834 2191 944 2232 recte;
972 2189 1015 2223 cf.
1036 2201 1070 2233 p.
1094 2192 1171 2223 148.
1194 2193 1248 2223 34.
1293 2191 1304 2232 ΙΙ
1346 2190 1391 2224 P.
1414 2190 1451 2224 9.
1474 2193 1516 2223 11

190 2238 257 2271 loci
280 2238 300 2258 ³¹<
319 2238 340 2258 ³⁸
356 2238 376 2258 *
395 2237 566 2271 Wesenb.
593 2237 824 2271 intercidisse
856 2238 958 2270 ratus
985 2247 1087 2280 quem
1110 2240 1151 2270 tu
1174 2246 1248 2270 non
1272 2237 1420 2281 iynoras
1453 2237 1519 2269 aut

189 2283 267 2318 sim.
288 2283 345 2328 (cf.
367 2296 400 2327 p.
423 2288 452 2317 8.
469 2288 500 2326 9,
528 2287 580 2317 10.
597 2287 665 2328 25),
691 2284 784 2318 Boot
809 2294 881 2317 non
906 2282 1024 2327 magis
1051 2282 1204 2326 probab.
1234 2293 1345 2325 quam
1369 2295 1404 2327 p.
1426 2286 1456 2316 5.
1474 2286 1518 2316 30
