1665 2553
204 88 289 129 302
628 87 675 122 M.
704 87 845 121 TULLI
870 86 1117 122 CICERONIS

203 184 284 225 lari
324 182 575 237 Siciliaeque
619 183 831 237 diffidens,
877 182 912 223 si
949 181 1177 236 Pompeius
1215 182 1415 236 navigare
1452 195 1541 222 coe-

203 243 348 297 pisset.

294 299 499 349 Quintum
546 315 724 354 puerum
772 300 911 364 accepi
956 298 1235 340 vehementer.
1303 298 1542 339 Avaritiam

205 359 326 400 video
365 359 496 400 fuisse
534 362 576 399 et
615 373 730 412 spem
768 357 913 412 magni
950 357 1164 412 congiarii.
1225 356 1431 412 Magnum
1460 357 1542 398 hoc

206 418 366 459 malum
399 421 479 471 est,
519 417 589 458 sed
622 417 756 457 scelus
789 416 911 470 illud,
950 416 1063 470 quod
1094 416 1386 469 timueramus,
1419 430 1541 469 spero
1580 433 1596 459 5
1628 423 1629 426 ’

205 477 373 517 11111111111
406 476 546 517 fuisse.
609 474 703 516 Hoc
734 478 874 516 autem
906 475 1059 515 vitium
1090 477 1194 528 puto
1227 477 1269 515 te
1301 475 1543 516 existimare

206 550 295 576 non
337 549 364 576 α
406 538 552 575 nostra
597 534 879 589 indulgentia,
925 533 996 574 sed
1039 548 1062 574 a
1101 536 1253 574 natura
1297 533 1542 587 profectum.

210 593 342 642 Quem
374 596 516 634 tamen
546 607 624 634 nos
657 592 879 646 disciplina
910 606 1114 646 regemus.

296 651 360 693 De
387 651 535 706 Oppiis
561 651 831 692 Veliensibus
858 651 961 705 quid
986 651 1159 704 placeat,
1191 664 1286 691 cum
1311 649 1543 690 Philotimo
1632 696 1633 701 ¹

208 711 380 751 videbis.
431 711 613 764 Epirum
643 712 834 751 nostram
865 709 1126 765 putabimus,
1158 709 1232 750 sed
1263 708 1369 750 alios
1397 722 1543 750 cursus
1564 727 1598 751 10
1632 718 1638 759 ξ

209 769 456 810 videbamur
487 769 688 810 habituri.

818 883 935 926 VIII.

422 966 494 1001 Ser.
516 967 556 1000 in
583 965 745 1001 Cumano
777 966 835 1000 VI
855 965 951 999 Non.
974 965 1068 999 Mai.
1091 977 1123 1000 α.
1148 967 1219 1000 705
1245 967 1335 1008 (49).

634 1047 803 1082 CICERO
830 1046 1002 1081 ATTICO
1030 1047 1126 1085 SAL,

298 1120 357 1160 Et
385 1134 450 1160 res
477 1119 569 1173 ipsa
594 1119 806 1173 monebat,
838 1122 879 1160 et
904 1122 953 1159 tu
980 1119 1233 1173 ostenderas,
1265 1121 1307 1160 et
1333 1132 1410 1173 ego
1436 1119 1546 1160 vide-
1567 1136 1600 1162 15
1630 1114 1631 1127 ³

210 1179 309 1219 bam
352 1178 401 1219 de
444 1178 496 1218 iis
540 1178 684 1231 rebus,
729 1192 832 1231 quas
871 1178 1066 1231 intercipi
1102 1177 1387 1230 periculosum
1425 1180 1547 1231 esset,

211 1238 339 1277 finem
369 1236 479 1277 inter
510 1250 587 1277 nos
621 1235 831 1276 scribendi
862 1236 955 1276 fieri
980 1238 1148 1289 tempus
1176 1250 1275 1276 esse.
1328 1233 1419 1289 Sed,
1452 1250 1546 1277 cum

213 1295 263 1336 ad
301 1310 367 1336 me
407 1309 528 1348 saepe
566 1309 659 1335 mea
691 1293 830 1334 Tullia
868 1293 1026 1334 scribat
1066 1308 1209 1349 orans,
1252 1296 1318 1348 ut,
1363 1294 1466 1348 quid
1502 1294 1548 1334 in

212 1353 420 1407 Hispania
446 1355 628 1407 geratur,
661 1355 909 1406 exspectem,
942 1355 982 1393 et
1010 1367 1174 1406 semper
1201 1352 1410 1393 adscribat
1436 1352 1547 1394 idem
1634 1389 1637 1410 =

211 1412 344 1452 videri
375 1411 468 1466 tibi,
507 1411 632 1464 idque
663 1411 753 1465 ipse
785 1411 912 1452 etiam
945 1425 994 1451 ex
1026 1410 1111 1451 tuis
1142 1410 1299 1451 litteris
1332 1411 1546 1452 intellexe-
1567 1429 1600 1454 20
1632 1423 1638 1461 ξ

211 1470 309 1525 rim,
346 1484 434 1511 non
464 1472 569 1523 puto
601 1484 691 1510 esse
723 1469 906 1510 alienum
937 1483 1003 1510 me
1036 1469 1086 1510 ad
1118 1475 1171 1524 te,
1210 1469 1313 1523 quid
1344 1469 1393 1510 de
1424 1484 1473 1511 ea
1502 1483 1547 1511 re
1632 1479 1638 1524 J

214 1529 406 1582 sentiam,
438 1528 628 1569 scribere.
1632 1529 1637 1543 “’

301 1585 537 1628 Consilium
568 1586 683 1627 istud
714 1589 815 1627 tunc
847 1589 957 1627 esset
988 1586 1188 1641 prudens,
1229 1589 1277 1627 ut
1301 1586 1406 1627 mihi
1437 1587 1547 1628 vide-

213 1649 300 1700 tur,
345 1646 380 1686 si
424 1648 592 1687 nostras
630 1645 815 1687 rationes
858 1646 908 1686 ad
946 1645 1268 1699 Hispaniensem
1305 1659 1447 1686 casum
1485 1659 1547 1686 ac-

214 1704 521 1746 commodaturi
566 1718 768 1759 essemus3
813 1704 924 1758 quod
967 1704 1059 1744 fieri
1102 1703 1125 1729 '¹‘
1158 1703 1192 1744 ἧς,
1259 1702 1440 1744 Necesse
1484 1707 1546 1744 est
1566 1721 1599 1746 25

214 1764 324 1804 enim
357 1766 445 1817 aut,
484 1763 526 1803 id
560 1763 671 1817 quod
702 1763 885 1804 maxime
916 1763 1059 1817 velim,
1091 1762 1192 1816 pelli
1223 1761 1353 1802 istum
1387 1762 1439 1802 ab
1471 1761 1545 1802 Hi-

215 1822 360 1876 spania
404 1824 478 1862 aut
522 1821 635 1862 trahi
679 1821 721 1862 id
762 1821 921 1862 bellum
959 1824 1031 1862 aut
1069 1821 1216 1874 istum,
1253 1823 1301 1861 ut
1339 1820 1545 1861 confidere

213 1881 396 1935 videtur,
435 1880 745 1934 apprehendere
787 1879 1027 1933 Hispanias.
1097 1877 1142 1920 Si
1161 1879 1376 1933 pelletur,
1420 1893 1546 1932 quam

215 1942 361 1993 gratus
411 1942 484 1979 aut
529 1953 655 1992 quam
697 1938 901 1979 honestus
944 1941 1036 1979 tum
1079 1937 1160 1978 erit
1203 1937 1254 1978 ad
1295 1936 1545 1990 Pompeium

214 2000 358 2038 noster
391 1997 611 2051 adventus,
649 2011 741 2038 cum
774 1997 914 2050 ipsum
947 1995 1172 2038 Curionem
1203 1995 1254 2036 ad
1285 2010 1381 2036 eum
1411 1999 1545 2036 trans·
1565 2013 1598 2038 30

216 2057 375 2097 iturum
418 2056 592 2109 putem?
643 2054 688 2096 Si
728 2055 912 2096 trahitur
950 2054 1124 2108 bellum,
1169 2053 1272 2108 quid
1309 2056 1546 2108 exspectem

215 2117 287 2155 aut
326 2129 452 2168 quam
489 2114 588 2155 diu‘?
636 2113 926 2167 Relinquitur,
970 2115 1036 2167 ut,
1073 2113 1108 2153 si
1145 2112 1352 2153 vincimur
1389 2112 1435 2153 in
1470 2111 1545 2153 Η1-

217 2173 373 2226 spania,
406 2172 678 2226 quiescamus.
734 2171 780 2212 Id
812 2186 890 2226 ego
923 2174 1069 2213 contra
1099 2172 1215 2224 puto.
1264 2170 1401 2211 Istum
1433 2171 1544 2211 enim

214 2232 416 2271 vict-orem
458 2231 595 2285 magis
639 2230 960 2284 relinquendum
1002 2232 1106 2283 puto
1146 2244 1273 2283 quam
1308 2229 1466 2270 victum
1504 2231 1545 2269 et

216 2288 479 2329 dubitantem
523 2289 659 2343 magis
705 2303 830 2342 quam
867 2289 1066 2329 fidentem
1105 2288 1191 2329 suis
1229 2287 1366 2328 rebus.
1432 2286 1543 2328 Nam
1564 2303 1597 2330 35
