1665 2553
641 92 680 127 P.
701 95 897 127 448—458.
1260 91 1438 125 CXXXIII

102 198 216 221 mann
241 186 317 221 Att.
338 198 372 231 p.
396 189 462 220 158
478 197 529 229 sq.
554 186 669 220 ‘certe
694 185 895 230 genuinam
919 184 1129 226 lectionem,
1154 195 1229 218 non
1254 183 1437 218 coniectu-

101 244 181 268 ram
207 234 300 268 esse’
330 233 513 278 opinatus.
560 233 610 266 At
635 233 721 266 fam.
742 232 792 266 IX
813 236 856 265 14
882 231 1145 266 Mendelssohn
1169 232 1331 265 testatur
1351 242 1439 274 qua-

102 282 186 316 dam
222 281 359 314 habere
390 280 458 323 A3,
495 280 519 313 i.
535 290 564 313 e.
586 280 682 314 Med.
703 283 759 314 49.
782 282 824 313 18
865 279 911 312 ab
949 279 1029 323 ipso
1068 278 1245 312 collatum
1277 279 1363 321 (non
1395 288 1440 310 ex

103 327 313 362 coniectura
339 337 439 369 sane,
466 326 531 360 sed
552 337 571 360 e
590 338 620 360 v.
636 331 673 369 8;
701 326 748 360 ad.
766 338 801 370 p.
818 329 871 359 24.
892 327 937 369 8),
963 337 1043 360 cum
1061 325 1099 358 M
1119 325 1156 367 (i.
1172 335 1199 359 e.
1221 324 1318 358 Med.
1333 328 1386 358 49.
1403 326 1437 366 9)

101 374 248 417 H²DA2,
274 386 381 419 qaam
407 374 444 419 (i.
460 384 489 407 e.
511 384 629 418 quom,
661 373 708 406 ad
726 375 893 418 p.40.2l)
913 372 974 414 ΑΙ,
1001 383 1069 406 om.
1089 371 1152 415 H1,
1178 372 1336 415 quadam
1359 382 1439 405 cum

102 432 145 456 ex
171 421 273 455 nullo
301 420 415 455 affert.
456 420 688 463 Quamquam
707 431 779 454 non
799 421 877 453 tam
896 419 1038 452 nullam
1058 419 1169 452 fidem
1186 418 1327 452 habent
1345 417 1439 451 haee

102 468 223 511 verba,
244 479 356 512 quam
376 478 523 502 censere
542 467 688 501 videtur
708 466 972 501 O.E.Schmidt
993 465 1080 499 ‘Der
1090 465 1250 499 Briefw.’
1272 467 1436 509 p.450.2.

101 515 199 549 Nam
232 515 287 548 ita
319 525 414 558 esse,
447 515 605 558 quadam
636 525 732 556 eam,
764 524 837 547 non
869 513 987 547 solum
1018 513 1056 546 in
1082 511 1437 553 Hamilt.-Berolin.,

103 562 166 596 sed
205 562 319 596 etiam
355 562 394 595 in
430 561 568 595 Harlei.
591 564 680 594 2491
716 560 829 594 refert
860 560 994 593 Purser
1025 559 1215 593 Hermath.
1236 558 1321 591 VIII
1347 561 1438 592 1893

101 621 134 653 p.
158 612 234 643 361.
281 608 352 642 Sed
385 610 483 642 errat
508 608 715 650 Lehmann,
752 619 834 641 eum
858 606 1043 640 neminem
1070 606 1334 651 ‘maymtaclme
1358 616 1438 639 cum

102 656 217 690 (mimi
247 655 286 689 in
317 658 422 689 textu
453 655 673 699 positurum’
708 656 842 698 sperat.
887 653 1093 687 Posuerunt
1119 653 1167 686 ad
1192 653 1278 686 fam.
1298 652 1437 694 Baiter,

101 702 286 741 Wesenb.,
312 702 574 736 Mendelssohn
600 704 636 735 et
661 701 814 734 Andres.
831 701 885 734 ed.
900 700 950 733 III
976 702 1013 734 et
1036 700 1172 743 probat
1190 700 1285 733 Boot
1302 698 1436 732 Mnem.

103 753 191 783 1892
218 762 251 793 p.
275 753 351 782 125.
391 769 436 773 —
474 752 515 782 11
549 753 580 783 et
609 748 790 793 gradatim
819 747 960 781 habent
986 747 1089 781 codd.
1114 747 1161 780 ad
1186 746 1290 788 fam,
1324 745 1439 779 etiam

100 796 227 830 Baiter
252 796 338 829 fam.
360 795 410 829 IX
430 799 490 837 14,
529 806 597 829 om.
619 794 673 837 M,
711 794 837 828 Baiter
864 794 912 835 ad
936 794 1030 836 Att,
1068 794 1173 835 Boot,
1211 792 1364 837 Tyrrell.
1392 813 1438 817 —

102 847 145 876 29
172 847 203 878 et
226 842 328 886 prius
355 853 423 876 om.
445 841 617 875 Wesenb.
651 862 695 866 —
733 845 777 874 30
805 852 844 875 se
870 853 893 875 a
917 845 955 875 te
981 840 1098 883 codd,
1128 840 1266 881 Baiter,
1293 839 1437 883 Tyrrell

103 900 157 933 ep.
181 893 258 931 726,
285 894 316 923 te
341 901 364 923 a
388 900 422 923 se
447 888 605 930 Ernesti,
631 887 816 928 Wesenb,
842 888 937 921 Boot
960 886 1112 931 probab.
1146 908 1191 911 —
1227 886 1278 919 Π).
1300 887 1438 921 eadem

102 948 211 971 causa
237 936 380 978 Baiter,
415 935 520 977 Boot,
546 935 698 978 Tyrrell.
739 956 783 959 —
822 938 864 967 32
891 935 1145 978 impudentem
1171 935 1213 975 Σ,
1241 933 1306 966 alii
1332 933 1437 977 (Leh-

102 994 214 1016 mann
239 983 314 1016 Att.
336 994 370 1026 p.
391 986 447 1023 49,
469 984 543 1025 98),
575 983 762 1025 pudentem
788 986 841 1023 A,
874 981 954 1014 edd.
1000 981 1059 1014 Ad
1082 992 1117 1024 p.
1142 984 1194 1014 17.
1211 984 1265 1013 27.
1304 1001 1349 1004 —
1393 984 1437 1013 34

105 1030 176 1074 Ope
203 1028 317 1063 Cobet
342 1028 427 1062 Var.
448 1028 552 1062 leet.²'
576 1040 610 1072 p.
626 1032 711 1071 460,
743 1028 837 1061 Boot
862 1027 1034 1071 (obser-v..
1055 1039 1089 1071 p.
1106 1029 1176 1071 60),
1207 1026 1363 1070 Tyrrell,
1399 1038 1437 1060 eo

103 1077 225 1119 codd,
263 1075 406 1118 Baiter,
444 1075 616 1109 Wesenb.
656 1096 701 1099 —
737 1074 959 1117 1b.sq.lz·cet
990 1095 1035 1099 —
1061 1078 1166 1117 putes
1197 1073 1236 1107 in
1266 1073 1435 1118 parenth.
1493 1076 1501 1079 ”

102 1122 274 1157 IVesenb.
296 1123 359 1166 (ad
384 1134 417 1166 p.
441 1124 587 1165 1614),
614 1121 720 1156 Libet
745 1120 860 1155 Cobet
884 1121 941 1155 11.
992 1122 1003 1165 ΙΙ
1058 1120 1104 1155 Ρ.
1126 1119 1216 1154 456.
1238 1122 1258 1153 8
1290 1131 1437 1164 suspen-

102 1171 224 1205 diatas
249 1174 298 1204 est
322 1169 434 1212 M¹Z1,
467 1180 550 1203 eum
575 1179 681 1202 cruce
706 1168 897 1210 Wesenb,
929 1167 1179 1210 suppeditatas
1204 1178 1238 1201 es
1262 1167 1328 1209 ΜΞ,
1355 1178 1438 1200 eum

103 1227 209 1250 cruce
228 1217 333 1259 Boot,
358 1216 582 1259 suppetiatus
601 1226 635 1250 es
653 1215 939 1259 Montagnanus,
964 1213 1102 1255 Baiter,
1128 1213 1283 1258 Tyrrell,
1309 1225 1436 1257 suppe-

102 1264 255 1298 ditatum
282 1267 331 1298 est
358 1262 534 1305 hambin„
559 1263 834 1306 suppeditat-isti
859 1262 950 1295 coni.
972 1260 1144 1294 Wesenb.
1167 1262 1204 1294 et
1227 1260 1333 1302 Boot,
1359 1272 1439 1294 cum

104 1310 284 1354 impendio
321 1310 477 1344 solatum
513 1313 563 1343 est
598 1308 641 1342 Η.
657 1309 698 1342 Α.
721 1308 823 1342 Koch
859 1319 980 1352 progr.
1008 1307 1173 1341 Portens.
1204 1311 1292 1341 1868
1324 1319 1358 1351 p.
1381 1311 1435 1341 30.

104 1356 244 1398 Quibus
271 1356 439 1390 omnibus
464 1355 633 1400 praefero
658 1356 941 1390 succenturiatus
965 1365 1008 1389 es.
1029 1375 1075 1379 —
1101 1358 1143 1388 27
1164 1366 1194 1388 v,
1209 1354 1328 1387 Ruete
1349 1354 1435 1388 diss.

103 1404 219 1437 Marb.
236 1406 324 1437 1883
344 1415 379 1447 p.
395 1407 427 1445 8,
448 1403 544 1437 Non.
560 1403 655 1436 Mai.
670 1402 806 1436 Baiter.
828 1423 873 1427 ——
893 1406 935 1435 31
958 1401 1155 1445 Perquam
1174 1401 1296 1435 Moser
1315 1412 1436 1445 progr.

104 1450 189 1483 Ulm
216 1453 304 1483 1845
330 1461 364 1493 p.
388 1453 430 1482 10
445 1461 510 1492 sq„
535 1449 637 1493 prob.
658 1448 761 1483 Boot.
807 1448 866 1482 Ad
890 1461 924 1492 p.
947 1451 1024 1482 211.
1048 1452 1102 1481 27.
1140 1449 1151 1492 Η
1195 1448 1240 1482 Ρ.
1256 1446 1345 1482 457.
1362 1452 1379 1481 1
1396 1459 1439 1482 ea:

104 1509 168 1539 vc„
196 1495 304 1539 Crat,
324 1495 564 1540 Wesenberg,
583 1496 693 1537 Boot3
719 1507 787 1529 om.
805 1495 853 1538 M,
873 1495 1010 1537 Baiter,
1031 1494 1175 1538 Tyr-rell
1195 1505 1249 1539 ep.
1267 1498 1343 1528 725.
1384 1493 1435 1528 Cf.

104 1556 138 1588 p.
155 1547 251 1585 634,
285 1546 404 1584 8Ο.16,
437 1546 490 1576 85.
503 1546 535 1585 3,
568 1546 710 1576 15312.
738 1563 783 1567 -—
808 1542 859 1575 Ib.
880 1543 1003 1584 aritia,
1034 1541 1057 1575 i.
1075 1552 1103 1575 e.
1126 1542 1284 1575 avaritia
1310 1541 1367 1584 (cf.
1390 1542 1439 1574 ad

104 1603 138 1634 p.
155 1592 312 1633 21932),
339 1589 455 1631 codd,
482 1589 635 1632 Tyrrell,
662 1600 744 1622 oum
764 1599 869 1623 cruce
889 1588 1128 1632 Wesenberg,
1153 1588 1258 1630 Boot,
1279 1589 1440 1622 avaritia

104 1637 261 1679 Victor,
293 1636 430 1677 Baiter,
462 1636 573 1683 ἀργίᾳ
598 1635 753 1669 Muecke
777 1647 897 1679 progr.
919 1635 1028 1668 ssfeld
1055 1638 1144 1668 1878
1169 1647 1203 1679 p.
1227 1639 1246 1668 9
1262 1646 1313 1677 sq.
1335 1634 1435 1678 prob.

104 1684 209 1726 Boot,
246 1681 369 1730 ἀτισίᾳ
394 1682 537 1724 Bosius,
575 1680 696 1729 ἀσιτίᾳ
722 1683 816 1716 Boot
844 1682 973 1723 ‘olim⁷,
1004 1679 1170 1728 ἀριστείᾳ
1195 1681 1251 1715 Fr.
1271 1680 1440 1714 Schmidt

105 1741 226 1775 progr.
247 1729 418 1763 WVurceb.
442 1732 530 1762 1892
556 1741 590 1772 p.
613 1733 657 1762 30
672 1741 722 1772 sq.
746 1729 790 1763 cf.
810 1732 938 1773 p.451.
956 1732 1009 1762 13.
1037 1749 1081 1752 —
1109 1732 1151 1761 10
1178 1728 1234 1761 M.
1254 1728 1439 1762 Awtonius

105 1777 172 1819 ΜΞ,
198 1776 350 1821 Tyrrell.
371 1797 416 1800 —
443 1779 485 1809 29
507 1776 624 1810 libere
641 1775 826 1818 Wesenb,
850 1775 954 1816 Boot,
981 1774 1132 1818 Tyrrell.
1178 1775 1237 1807 Ad
1261 1777 1365 1818 p.25.
1384 1778 1436 1808 16.

106 1845 150 1848 —
177 1827 220 1857 33
245 1824 268 1868 †
277 1824 435 1867 potuisse
460 1822 651 1865 Wesenb.,
679 1824 863 1866 potuisset
887 1821 1024 1863 Iunius,
1055 1821 1193 1863 Baiter,
1219 1821 1313 1854 Boot
1341 1821 1439 1854 ‘cum

107 1870 316 1912 Gronovio',
329 1868 484 1913 Tyn-eu,
499 1870 619 1912 potuit
637 1880 706 1903 esse
727 1869 817 1902 coni.
834 1868 958 1910 Orelli,
974 1869 1148 1912 potuisset
1166 1878 1236 1902 esse
1251 1867 1437 1910 Wesenb.‚

102 1918 259 1961 potuisse
286 1916 571 1959 ‘quodammodo
599 1915 748 1949 defendi
773 1916 897 1959 puto’,
934 1915 1057 1957 inquit
1081 1914 1190 1956 Boot,
1226 1913 1272 1947 ‘si
1298 1913 1437 1958 cogita-

107 1963 206 1996 tione
238 1963 438 1996 assumitur
468 1974 498 1996 V.
519 1963 624 2005 fieri'.
670 1962 763 1995 Mihi
789 1961 882 1995 nihil
908 1961 1169 1995 assumendum
1194 1960 1341 1994 videtur
1365 1960 1438 1994 nisi

106 2010 261 2044 videtur:
293 2010 393 2044 Mihi
417 2010 502 2043 meh.
522 2010 586 2052 ita,
612 2009 634 2042 i.
652 2019 680 2043 e.
701 2019 847 2053 magna,
873 2009 1012 2042 videtur
1020 2022 1032 2049 ;
1057 2018 1132 2041 non
1145 2007 1304 2051 potuisse
1322 2008 1440 2042 maior

112 2056 282 2099 (videtur)
307 2058 350 2090 ut
373 2068 408 2100 p.
425 2059 502 2090 130.
519 2059 538 2089 7
562 2056 657 2089 nihil
677 2057 797 2099 potuit
821 2056 973 2097 dulcius,
999 2058 1077 2087 465.
1096 2057 1137 2087 17
1157 2058 1198 2088 at
1216 2054 1310 2088 nihil
1324 2055 1439 2098 possit

107 2103 216 2144 ultra,
241 2106 377 2136 423.12
404 2103 468 2137 hoc
492 2103 682 2146 quicquam
701 2107 783 2146 pote
803 2103 981 2145 impurius
991 2100 1020 2142 12,
1047 2100 1132 2133 fam.
1148 2099 1232 2133 XIV
1252 2104 1282 2134 1.
1298 2104 1320 2134 4
1344 2102 1438 2134 m'hil

107 2160 218 2192 snpra
248 2153 375 2192 potest,
406 2149 569 2183 Aead.II
588 2153 730 2191 38121,
763 2151 1172 2190 43.l3·2m.(utru⁷11que
1203 2158 1277 2181 non
1296 2152 1435 2191 potest),

108 2195 212 2230 Tusc.
228 2195 245 2228 I
265 2199 318 2228 11.
334 2199 377 2228 23
404 2197 449 2238 (si
468 2200 586 2239 posset
611 2197 648 2230 et
671 2197 704 2230 si
728 2196 767 2230 iel
791 2206 864 2229 non
886 2196 1025 2238 potest),
1053 2197 1160 2227 31.77
1181 2195 1257 2238 (qui
1271 2193 1437 2238 potest&

108 2243 154 2276 de
186 2253 235 2276 or.
257 2242 307 2274 III
332 2245 466 2275 26.101
501 2244 587 2285 (non
613 2246 729 2286 potest
758 2243 914 2284 melias),
953 2240 1104 2284 Madvig
1134 2240 1193 2274 fin.
1220 2253 1254 2285 p.
1276 2244 1354 2275 553.
1426 2241 1439 2287 ΙΙ

154 2287 301 2323 P.45S.
316 2292 358 2322 18
383 2289 482 2333 yesti
513 2289 566 2322 ‘in
597 2289 797 2332 archetypo
829 2288 943 2321 fuisse
977 2287 1199 2331 suspicatur’
1227 2287 1337 2331 Boot,
1371 2298 1438 2321 sor.
