1665 2553
193 109 280 150 554
644 109 693 143 M.
714 108 854 142 TULLI
880 108 1127 143 CICERONIS

193 204 255 245 rei
287 203 491 258 publicae,
523 218 629 257 quae
660 206 874 257 praestare
906 203 1051 244 debuit
1077 204 1128 257 is,
1161 204 1233 257 qui
1259 207 1369 245 esset
1394 205 1440 245 in
1467 219 1530 259 60,

193 263 240 304 111
271 276 353 316 quo
388 276 465 317 ego
499 277 604 317 sum,
637 262 770 317 gradu
802 265 973 303 senatus
1006 262 1236 327 populique
1266 262 1420 304 iudicio
1447 263 1529 304 col-

193 322 370 376 locatus,
398 335 474 362 nec
506 321 580 362 illa
610 321 749 375 modo,
781 335 887 374 quae
918 321 1120 361 nimirum
1153 321 1242 362 sola
1275 321 1326 362 ab
1357 321 1528 363 homine

196 382 295 421 sunt
326 379 592 434 postulanda,
627 379 764 433 fidem,
795 379 1074 434 vigilantiam,
1104 380 1265 433 patriae
1297 380 1526 421 caritatem.

194 439 260 480 Ea
301 441 400 479 sunt
441 438 570 493 enim,
609 452 715 491 quae
745 452 867 478 nemo
900 441 964 478 est
997 438 1069 492 qui
1099 452 1187 479 non
1218 442 1431 492 praestare
1464 439 1528 480 de·
1565 456 1580 481 5

195 498 303 538 beat.
365 497 460 551 Ego
500 500 641 537 autem
675 497 728 551 ei,
771 497 843 550 qui
875 497 1128 537 sententiam
1161 497 1272 538 dicat
1303 497 1348 538 in
1377 497 1529 551 princi-

195 556 320 610 pibus
354 556 402 596 de
433 570 478 596 re
503 555 683 609 publica,
714 558 818 609 puto
846 556 972 596 etiam
1004 555 1270 609 prudentiam
1297 570 1386 596 esse
1411 570 1530 610 prae-

197 614 408 668 standam,
450 628 525 655 nec
562 627 647 669 1116,
690 628 783 654 611111
821 614 926 654 1111111
958 617 1125 655 1311111111
1166 614 1438 669 sumpserim,
1481 617 1529 655 ut

195 673 480 729 gubernacula
510 673 572 713 rei
604 673 796 726 publicae
829 672 1139 727 prehenderem,
1171 673 1311 714 minus
1342 673 1528 727 putarim

194 731 593 785 reprehendendum,
627 732 663 772 si
693 731 904 772 inutiliter
935 731 1095 785 ahquid
1127 732 1291 772 senatui
1324 732 1528 772 suaserim
1548 749 1581 773 10

196 806 322 844 quam
355 791 390 831 si
421 790 656 831 infideliter.

149 860 168 890 3
282 848 390 890 Acta
410 863 516 903 quae
542 849 640 904 sint,
660 863 849 902 quaeque
869 850 1060 903 agantur,
1087 848 1172 889 scio
1193 848 1396 901 perscribi
1416 848 1466 889 ad
1486 850 1529 889 te

196 908 436 963 diligenter3
464 922 513 948 ex
533 923 599 948 me
625 911 765 948 autem
790 907 896 948 illud
923 910 987 948 est
1023 907 1134 960 quod
1161 910 1202 947 te
1228 907 1354 948 velim
1373 906 1529 948 habere

195 967 429 1021 cognitimi,
469 981 610 1007 meum
651 966 819 1020 quidem
860 966 1046 1006 animum
1086 967 1283 1006 intentant
1321 965 1366 1006 in
1398 966 1528 1006 aciem

196 1040 286 1067 esse
317 1039 452 1079 neque
483 1027 720 1079 respectum
752 1025 886 1065 ullum
918 1039 1127 1079 quaerere,
1157 1024 1241 1064 nisi
1272 1039 1338 1065 me
1364 1025 1528 1065 utilitas
1548 1040 1580 1065 15

195 1084 380 1125 civitatis
412 1084 522 1124 forte
554 1084 823 1137 converterit3
856 1083 1027 1124 maioris
1061 1085 1201 1123 autem
1232 1083 1365 1136 partis
1399 1083 1528 1124 animi

195 1146 237 1184 te
270 1142 544 1196 Cassiumque
575 1142 817 1196 respiciunt.
880 1141 1013 1190 Quam
1046 1141 1100 1182 ob
1132 1156 1219 1181 rem
1252 1141 1311 1182 ita
1343 1144 1385 1182 16
1416 1156 1528 1195 para,

194 1201 338 1255 Brute,
369 1204 417 1241 ut
443 1201 665 1255 intellegas
692 1203 777 1255 aut,
803 1200 839 1241 si
863 1200 943 1241 hoc
969 1203 1158 1253 tempore
1185 1200 1290 1240 bene
1316 1214 1381 1240 res
1408 1202 1529 1254 gesta

197 1260 270 1315 sit,
308 1260 387 1300 tibi
426 1260 643 1299 meliorem
681 1273 770 1299 rem
807 1258 1019 1312 publicam
1059 1272 1148 1298 esse
1179 1258 1411 1298 faciendam
1443 1261 1528 1312 aut,

195 1319 230 1359 si
257 1318 358 1372 quid
385 1318 592 1358 offensum
619 1318 686 1371 sit,
705 1331 779 1371 per
805 1320 847 1358 te
875 1331 964 1357 esse
991 1316 1163 1357 eandem
1189 1316 1525 1369 recuperandam.
1547 1334 1580 1358 20

834 1432 886 1474 II.

470 1513 545 1549 Ser.
566 1514 701 1548 Romae
726 1514 800 1548 III
819 1514 875 1547 Icl.
896 1514 986 1557 Apr.
1009 1524 1041 1547 α.
1064 1516 1131 1547 711
1160 1515 1249 1556 (43).

623 1595 791 1630 CICERO
816 1594 975 1629 BRUTO
1003 1594 1099 1629 SAL.

148 1681 165 1711 1
281 1669 426 1710 Planci
475 1668 664 1709 animum
712 1668 756 1708 in
799 1682 887 1708 iem
931 1666 1143 1732 publicam
1187 1666 1422 1720 egregium,
1471 1666 1526 1707 le—

194 1729 360 1783 giones,
397 1727 571 1780 auxilia,
609 1726 750 1780 copias
784 1740 833 1766 ex
864 1725 1020 1766 litteris
1053 1725 1155 1779 eius,
1181 1739 1358 1777 quarum
1391 1739 1525 1765 exem-
1545 1741 1578 1766 25

193 1787 311 1840 plum
348 1762 429 1826 tibi
466 1786 643 1826 missum
682 1785 884 1839 arbitror,
927 1783 1162 1837 perspicere
1200 1782 1389 1836 potuisti
1451 1782 1525 1823 Le-

193 1845 300 1898 pidi,
349 1845 413 1885 tui
462 1844 703 1898 necessarii,
747 1843 819 1896 qui
870 1842 1096 1883 secundum
1145 1842 1319 1882 fratrem
1368 1840 1524 1882 adfines

192 1903 339 1957 habet,
381 1917 486 1956 quos
522 1902 668 1957 oderit,
707 1902 936 1955 proximos,
966 1901 1183 1941 levitatem
1216 1902 1257 1940 et
1287 1900 1525 1940 inconstan-

194 1962 298 2002 tiam
342 1962 612 2014 animumque
656 1974 818 2013 semper
861 1959 1077 2000 inimicum
1114 1959 1175 1999 rei
1211 1957 1403 2011 publicae
1439 1958 1524 1998 iam

148 2033 167 2062 2
195 2020 316 2061 credo
354 2019 434 2060 tibi
473 2034 521 2060 ex
559 2022 730 2060 tuorum
769 2018 924 2058 litteris
964 2031 1053 2057 esse
1091 2019 1365 2070 perspectum.
1432 2015 1523 2057 Nos
1543 2033 1577 2057 30

195 2079 453 2132 exspectatio
480 2078 694 2131 sollicitat,
713 2077 857 2130 †quae
883 2078 946 2116 est
966 2076 1102 2116 omnis
1122 2076 1205 2116 iam
1226 2075 1271 2116 in
1290 2077 1523 2115 extremum

195 2137 373 2177 adducta
416 2137 649 2177 discrimen.
711 2135 791 2176 Est
836 2135 945 2175 enim
989 2148 1082 2188 spes
1128 2133 1264 2174 omnis
1308 2133 1352 2173 in
1389 2132 1523 2173 Bruto

148 2207 167 2236 3
195 2195 467 2249 expediendo,
510 2195 558 2235 de
591 2209 673 2248 quo
706 2193 973 2234 vehementer
1004 2192 1267 2233 timebamus.
1329 2190 1424 2245 Ego
1454 2191 1523 2231 hic

194 2267 289 2294 cum
336 2253 507 2294 homine
555 2253 716 2294 furioso
768 2252 870 2292 satis
919 2251 1054 2291 1131160
1099 2250 1277 2305 negotii,
1327 2248 1523 2303 Servilio3

195 2325 318 2365 quem
350 2312 431 2352 tuli
463 2312 634 2365 diutius,
671 2325 794 2364 quam
828 2310 1012 2364 dignitas
1044 2323 1136 2350 mea
1166 2308 1420 2362 patiebatur,
1452 2307 1523 2348 sed
1542 2323 1578 2350 35
