1665 2553
200 94 256 135 96
629 93 677 128 Μ.
705 93 847 128 TULLI
873 92 1121 128 CICERONIS

201 189 339 244 capite
371 189 575 231 utendum
606 191 817 243 putarent.
873 187 1023 242 Neque
1053 188 1096 229 id
1127 203 1152 229 a
1184 187 1333 230 Clodio
1365 192 1547 243 praeter-

199 249 379 290 missum
420 251 504 303 est,
545 248 652 288 dixit
695 248 807 288 enim
847 247 893 288 in
934 247 1131 289 contione
1173 263 1206 288 a.
1239 248 1275 288 d.
1308 259 1359 288 ΙΙΙ
1399 247 1546 289 Nonas

199 306 465 348 Novembres
514 306 595 348 hoc
639 306 776 360 capite
827 305 1059 360 designatis
1103 306 1289 347 tribunis
1334 306 1389 360 pl.
1431 321 1547 361 prae-

202 366 408 420 scriptum
440 379 542 419 esse,
576 365 676 419 quid
708 365 866 405 liceret.
917 364 1076 406 Tamen
1106 365 1151 405 in
1181 365 1275 420 lege
1305 365 1423 406 nulla
1455 379 1546 407 esse

200 425 290 465 eius
331 424 445 466 modi
487 427 612 478 caput
652 426 694 464 te
733 437 821 464 non
859 422 990 478 fallit,
1038 423 1150 477 quod
1191 424 1227 464 si
1269 438 1374 478 opus
1423 426 1545 478 esset,

202 497 346 524 omnes
378 483 424 523 in
456 482 699 537 abrogando
731 485 949 523 uterentur.
1000 481 1061 523 Ut
1092 481 1301 523 Ninnium
1334 485 1407 523 aut
1440 485 1547 524 cete-

200 556 271 582 ros
297 541 468 597 fugerit,
500 541 731 595 investiges
757 541 897 595 velim,
928 542 971 581 et
997 540 1092 595 quis
1118 541 1323 597 attulerit,
1350 543 1391 582 et
1418 555 1546 595 quare

201 602 297 642 octo
329 601 493 641 tribuni
524 600 582 654 pl..
613 600 665 640 ad
698 602 892 640 senatum
930 599 978 640 de
1016 613 1082 640 me
1119 599 1274 641 referre
1310 614 1397 640 non
1428 600 1546 641 dubi-

200 659 346 714 tarint,
376 660 459 701 sive
490 659 514 684 ⁹⁸
540 659 564 684 ἦ*
588 658 612 683 ²¹<
637 658 661 684 Ψ·
694 658 782 699 sive
808 658 921 712 quod
954 658 1262 699 observandum
1286 658 1394 699 illud
1419 660 1547 712 caput

199 732 287 758 non
318 718 546 772 putabant,
586 717 719 758 eidem
750 717 796 758 in
827 717 1071 771 abrogando
1110 719 1198 757 tam
1231 717 1345 758 cauti
1375 717 1545 770 fuerint,

200 779 248 817 ut
280 776 322 817 id
353 778 607 830 metuerent,
648 776 779 817 soluti
812 790 907 816 cum
939 778 1098 830 essent,
1138 775 1251 829 quod
1281 789 1334 816 ne
1371 775 1424 816 iis
1457 775 1545 830 qui-

201 835 306 889 dem,
341 835 412 889 qui
443 835 536 890 lege
568 837 779 888 tenentur,
812 836 876 875 est
903 834 1144 876 curandum.
1206 833 1255 875 Id
1287 837 1414 888 caput
1447 847 1546 875 sane

200 894 334 935 nolim
372 908 507 935 novos
549 893 746 934 tribunos
788 893 841 947 pl.
884 893 1010 948 ferre,
1053 893 1125 934 sed
1165 893 1380 947 perferant
1419 892 1544 934 modo

201 952 440 1007 quidlubet3
473 967 557 993 uno
592 952 747 1006 capite,
786 966 869 1006 quo
909 952 1157 1007 revocabor,
1194 951 1319 993 modo
1352 965 1418 992 res
1451 965 1546 992 con-

199 1011 384 1065 ficiatur,
416 1026 486 1052 ero
521 1013 754 1052 contentus.
817 1009 908 1051 Iam
941 1010 1099 1051 dudum
1130 1011 1260 1064 pudet
1290 1013 1380 1051 tam
1409 1009 1545 1051 multa

201 1070 400 1124 scribere,
432 1084 580 1111 vereor
612 1070 740 1122 enim,
778 1083 831 1110 ne
867 1083 912 1109 re
951 1069 1034 1109 iam
1066 1069 1286 1123 desperata
1323 1069 1459 1123 legas,
1496 1071 1545 1109 ut

198 1127 301 1169 haec
343 1143 437 1169 mea
481 1128 702 1182 diligentia
745 1127 1001 1168 miserabilis
1046 1128 1144 1182 tibi,
1190 1127 1285 1168 aliis
1333 1126 1545 1168 irridenda

199 1187 402 1227 videatur.
456 1186 548 1240 Sed,
582 1186 617 1227 si
644 1189 708 1226 est
735 1185 896 1239 aliquid
928 1186 972 1226 in
999 1200 1083 1239 spe,
1114 1186 1209 1226 vide
1234 1186 1383 1240 legem,
1418 1200 1544 1239 quam

199 1245 243 1286 T.
276 1244 407 1285 Fadio
447 1245 618 1298 scripsit
646 1244 861 1285 Visellius.
924 1243 988 1284 Ea
1029 1244 1135 1285 mihi
1175 1245 1405 1298 perplacet,
1445 1258 1545 1284 nam

200 1303 311 1345 Sesti
343 1304 499 1359 nostri,
542 1318 668 1357 quam
705 1305 753 1343 tu
785 1303 865 1343 tibi
897 1302 1070 1356 probari
1103 1303 1271 1358 scribis,
1314 1302 1421 1343 mihi
1457 1316 1545 1343 non

228 1362 347 1403 lacet.

198 1377 224 1416 p
288 1421 433 1461 Tertia
465 1422 529 1461 est
565 1420 747 1474 epistula
784 1420 920 1474 pridie
951 1419 1050 1461 Idus
1083 1418 1311 1460 Novembr.
1346 1419 1461 1473 data,
1499 1419 1543 1459 in

200 1494 283 1533 qua
316 1479 490 1533 exponis
523 1479 751 1532 prudenter
783 1481 825 1519 et
863 1478 1104 1533 diligenter,
1147 1492 1253 1532 quae
1293 1477 1396 1533 sint,
1437 1491 1543 1532 quae

199 1552 288 1579 rem
325 1538 525 1578 distinere
566 1538 806 1591 videantur,
848 1537 897 1578 de
930 1536 1102 1591 Crasso,
1144 1537 1193 1578 de
1230 1535 1452 1591 Pompeio,
1493 1536 1551 1576 de·

200 1597 362 1638 ceteris.
426 1595 563 1645 Quare
596 1610 669 1637 oro
702 1598 757 1651 te,
788 1598 847 1650 ut,
881 1596 916 1636 si
949 1611 1032 1650 qua
1066 1609 1160 1650 spes
1188 1595 1267 1636 erit
1298 1609 1424 1649 posse
1457 1596 1542 1635 stu-

199 1655 278 1695 diis
312 1655 538 1707 bonorum,
570 1655 842 1708 auctoritate,
873 1654 1147 1695 multitudine
1180 1656 1423 1707 comparata
1453 1666 1543 1694 rem

198 1714 366 1767 confici,
408 1714 478 1754 des
513 1728 701 1768 operam,
740 1716 788 1754 ut
819 1727 904 1754 uno
937 1713 1099 1767 impetu
1130 1712 1466 1767 perfringantur,
1497 1711 1543 1751 in

200 1787 291 1813 eam
331 1787 421 1814 rem
461 1772 680 1813 incumbas
721 1774 968 1825 ceterosque
1009 1772 1177 1812 excites.
1241 1770 1333 1825 Sin,
1373 1772 1422 1810 ut
1463 1784 1540 1825 ego

199 1831 408 1885 perspicio
430 1845 526 1871 cum
557 1834 631 1871 tua
652 1830 891 1872 coniectura
917 1833 1008 1871 tum
1030 1830 1158 1871 etiam
1176 1843 1279 1883 mea,
1313 1828 1402 1882 spei
1432 1828 1542 1869 nihil

200 1892 281 1942 est,
324 1904 396 1930 oro
443 1889 720 1943 obtestorque
760 1892 819 1943 te,
863 1891 911 1929 ut
953 1887 1164 1937 Quintum·
1197 1888 1372 1928 fratrem
1415 1900 1541 1940 ames,

199 1962 325 2001 quem
366 1961 443 2002 ego
485 1948 687 1988 miserum
727 1947 878 1989 misere
925 1947 1103 2001 perdidi,
1148 1960 1252 1987 neve
1299 1945 1399 1999 quid
1446 1959 1542 1986 eum

199 2006 360 2059 patiare
393 2006 564 2061 gravius
597 2006 815 2047 consulere
841 2006 890 2046 de
923 2020 977 2059 se,
1011 2019 1136 2059 quam
1163 2004 1356 2058 expediat
1383 2003 1540 2044 sororis

199 2067 297 2105 tuae
329 2065 436 2118 filio,
468 2079 609 2105 meum
641 2064 902 2119 Ciceronem,
941 2064 1040 2117 quoi
1077 2062 1187 2104 nihil
1218 2062 1384 2103 misello
1417 2061 1541 2103 relin-

200 2137 282 2175 quo
328 2126 497 2176 praeter
546 2123 750 2164 invidiam
800 2125 841 2164 et
891 2121 1170 2176 ignominiam
1217 2120 1403 2162 nominis
1447 2120 1541 2173 mei,

199 2183 356 2235 tueare,
384 2181 521 2234 quoad
541 2181 714 2236 poteris,
741 2181 994 2235 Terentiam,
1019 2195 1147 2221 unam
1168 2180 1357 2221 omnium
1382 2193 1542 2219 aerum-

198 2238 488 2295 nosissimam,
529 2242 741 2281 sustentes
783 2239 869 2280 tuis
911 2238 1072 2280 officiis.
1139 2238 1234 2293 Ego
1275 2239 1321 2279 in
1360 2237 1541 2291 Epirum

199 2296 462 2352 proficiscar,
495 2312 623 2351 quom
655 2298 891 2352 primorum
923 2296 1085 2338 dierum
1121 2297 1297 2338 nuntios
1330 2309 1539 2349 excepero.

1583 440 1598 466 5

1566 734 1599 758 10

1565 1026 1598 1052 15

1564 1318 1597 1343 20

1562 1611 1651 1639 25,

1561 1903 1594 1928 30

1560 2194 1593 2220 35
