1665 2553
353 88 695 124 EPISTULARUM
719 88 784 122 AD
812 87 1028 123 ATTICUM
1052 87 1103 121 IX
1129 91 1231 121 6—7.
1378 85 1463 126 263

210 184 293 227 Sed
325 188 418 226 acta
449 200 502 226 ne
536 199 731 241 agamus,
764 184 928 238 reliqua
959 197 1167 237 paremus.
1230 182 1299 223 Me
1332 181 1466 222 adhuc
1492 191 1512 222 7

122 245 225 286 haec
269 245 350 285 duo
392 244 654 299 fefellerunt,
691 243 816 284 initio
859 257 953 297 spes
1000 241 1342 296 compositionis,
1385 255 1468 294 qua

122 303 233 345 sacta
252 303 447 344 volebam
473 303 536 343 uti
562 302 759 357 populari
779 302 878 355 vita,
900 301 1184 342 sollicitudine
1208 301 1467 341 senectutem

124 365 313 403 nostram
344 361 534 415 liberari3
576 361 722 402 deinde
765 360 924 401 bellum
965 359 1132 400 crudele
1164 362 1205 399 et
1238 359 1467 399 exitiosum

19 394 22 470 ,1
90 438 106 464 5
126 421 281 475 suscipi
308 436 331 461 a
356 420 558 475 Pompeio
585 419 896 474 intellegebam.
934 418 1125 460 Melioris
1151 418 1313 458 medius
1340 416 1467 457 fidius

126 480 228 521 civis
260 482 301 520 et
332 479 414 521 viri
445 479 650 533 putabam
678 479 830 532 quovis
863 477 1073 532 supplicio
1102 476 1224 517 adfici
1251 491 1378 530 quam
1403 475 1469 515 illi

125 538 366 579 crudelitati
397 553 485 579 non
517 538 656 578 solum
681 551 886 591 praeesse,
918 551 1065 577 verum
1091 535 1220 577 etiam
1251 535 1467 575 interesse.

124 596 305 638 Videtur
344 597 412 637 vel
452 597 561 637 mori
603 596 736 637 satius
779 596 910 636 fuisse
951 610 1078 649 quam
1119 609 1209 635 esse
1251 608 1347 634 cum
1389 592 1467 633 his.

0 666 17 718 ιζ
125 655 193 696 Ad
222 655 325 696 haec
357 655 490 711 igitur
522 655 674 709 cogita,
704 654 765 695 mi
795 654 956 708 Attice,
987 653 1055 694 vel
1085 653 1230 708 potius
1263 652 1468 706 excogita.

0 719 15 731 '⁴
74 732 107 757 ιο
127 714 325 763 Quemvis
358 717 556 755 eventum
594 713 749 754 fortius
787 713 921 754 feram
961 727 1088 766 quam
1124 711 1237 753 hunc
1269 711 1469 752 dolorem.

774 854 823 895 A.

367 935 442 970 Ser.
468 936 510 969 in
535 936 661 970 itinere
686 935 736 968 in.
763 946 806 969 m.
837 935 951 970 Mart.
979 946 1012 968 a.
1042 936 1113 968 705
1141 935 1231 977 (49).

396 1016 581 1052 CAESAR
605 1017 702 1052 IMP.
729 1016 764 1052 S.
790 1016 834 1050 D.
862 1015 1086 1051 CICERONI
1111 1015 1208 1050 IMP.

218 1088 323 1131 Cum
354 1088 560 1130 Furnium
590 1091 786 1129 nostrum
818 1091 985 1129 tantum
1015 1088 1214 1128 vidissem
1243 1100 1381 1140 neque
1411 1085 1471 1126 lo-

75 1165 107 1191 15
129 1149 202 1202 qui
226 1162 362 1202 neque
389 1148 531 1188 audire
556 1162 650 1188 meo
677 1148 896 1189 commodo
923 1147 1171 1213 potuissem,
1200 1159 1470 1200 properarem

127 1210 254 1261 atque
280 1221 416 1248 essem
442 1206 487 1247 111
512 1206 664 1247 itinere
689 1206 933 1260 praemissis
960 1206 1045 1247 iam
1070 1203 1323 1259 legionibus,
1355 1217 1470 1257 prae-

126 1266 253 1306 terire
294 1268 438 1306 tamen
476 1279 564 1306 non
603 1265 742 1319 potui,
784 1265 889 1319 quin
928 1267 970 1305 et
1013 1264 1240 1305 scriberem
1273 1262 1325 1303 ad
1355 1265 1398 1302 te
1430 1265 1471 1302 et

127 1324 249 1365 illum
287 1324 501 1364 mitterem
543 1324 786 1378 gratiasque
827 1337 1014 1378 agerem,
1062 1323 1140 1363 etsi
1186 1321 1269 1362 hoc
1309 1323 1351 1361 et
1390 1320 1471 1361 feci

129 1397 250 1437 saepe
292 1385 333 1423 et
379 1382 547 1436 saepius
594 1382 700 1422 mihi
746 1383 936 1423 facturus
977 1381 1135 1422 videor.
1195 1379 1263 1421 Ita
1309 1379 1358 1420 de
1404 1393 1471 1419 me

75 1459 108 1483 20
128 1440 312 1482 mereris.
380 1440 431 1481 In
470 1440 618 1494 primis
653 1455 676 1481 a
712 1444 754 1482 te
795 1443 911 1495 peto,
958 1440 1157 1494 quoniam
1199 1438 1363 1479 confido
1404 1452 1471 1478 me

129 1499 319 1540 celeriter
360 1499 412 1539 ad
452 1499 601 1539 urbem
640 1502 885 1553 venturum,
926 1501 975 1539 ut
1015 1501 1057 1539 te
1097 1498 1158 1539 ibi
1198 1497 1382 1551 videam,
1422 1499 1471 1536 ut

130 1561 203 1599 tuo
236 1557 427 1610 consilio7
460 1557 610 1612 gratia,
643 1557 870 1612 dignitate,
902 1571 981 1610 ope
1014 1557 1199 1597 omniun]
1232 1570 1375 1596 rerum
1406 1555 1471 1595 uti

129 1616 301 1670 possim.
362 1615 430 1656 Ad
476 1616 746 1669 propositum
793 1618 997 1669 revertar3
1043 1614 1310 1655 festinationi
1354 1627 1470 1654 meae

127 1675 414 1728 brevitatique
452 1674 691 1715 litterarum
733 1674 937 1728 ignosces.
999 1672 1180 1727 Reliqua
1221 1687 1271 1713 ex
1312 1671 1470 1712 Furnio

77 1751 110 1776 25
129 1747 368 1789 cognosces.

752 1825 846 1866 VH.

340 1907 414 1942 Ser.
442 1907 483 1940 in
509 1906 670 1940 Formiis
694 1906 768 1939 ΙΙΙ
787 1905 845 1940 Id.
874 1905 988 1939 Mart.
1016 1916 1048 1938 α.
1078 1906 1149 1938 705
1176 1906 1266 1947 (49).

556 1985 724 2022 CICERO
752 1985 924 2020 ATTICO
952 1985 1049 2020 SAL.

222 2058 481 2113 Scripseram
513 2059 565 2100 ad
594 2061 637 2100 te
669 2058 909 2112 epistulam⁷
942 2072 1069 2111 quam
1095 2057 1236 2097 darem
1260 2068 1329 2097 1111
1360 2054 1469 2097 Idus.
1499 2069 1516 2098 1

80 2135 114 2160 30
135 2117 217 2159 Sed
248 2132 296 2158 eo
329 2118 394 2158 die
424 2118 479 2171 is,
520 2118 587 2158 cui
619 2117 717 2157 dare
748 2117 982 2170 volueram,
1021 2130 1109 2156 non
1149 2117 1213 2156 est
1244 2115 1471 2168 profectus.

134 2175 264 2218 Venit
296 2178 436 2216 autem
469 2191 515 2217 eo
548 2176 640 2230 ipso
675 2175 739 2216 die
771 2175 843 2215 ille
876 2174 1119 2229 *celeripes’7
1151 2188 1276 2227 quem
1305 2171 1471 2214 Salvius

135 2234 309 2276 dixerat.
370 2233 533 2275 Attulit
572 2234 806 2274 uberrimas
851 2236 946 2274 tuas
989 2233 1173 2286 litteras3
1221 2246 1327 2286 quae
1367 2231 1472 2272 mihi

136 2293 333 2347 quiddam
366 2292 486 2346 quasi
525 2292 734 2333 animulae
771 2292 1051 2346 instillarunt3
1088 2293 1324 2331 recreatum
1362 2291 1473 2331 enim
