1665 2553
247 94 588 130 EPISTULARUM
614 95 678 129 AD
704 95 920 130 ATTICUM
945 95 1031 130 VIII
1058 100 1098 130 11
1109 95 1235 130 D—12
1245 97 1287 131 A.
1361 96 1448 137 243

193 190 384 232 Primum
409 191 555 247 igitur,
579 190 682 232 haec
709 190 851 245 qualia
876 191 957 231 tibi
985 205 1075 232 esse
1100 191 1336 247 videantur,
1368 192 1448 233 etsi
1474 203 1497 235 4

108 250 347 305 significata
379 252 479 290 sunt
511 265 534 290 a
560 252 615 304 te,
645 252 790 290 tamen
815 250 1052 290 accuratius
1078 250 1185 291 mihi
1211 251 1448 305 perscribas

105 309 244 363 velim,
275 308 423 350 deinde
450 308 611 362 aliquid
637 309 765 349 etiam
797 308 842 349 in
867 311 1087 362 posterum
1112 309 1347 363 prospicias
1373 310 1450 350 fin-

107 381 284 423 gasque,
325 382 449 421 quem
489 382 555 407 me
598 381 687 408 esse
729 367 888 421 deceat,
931 370 973 408 et
1013 367 1087 408 ubi
1119 383 1186 408 me
1217 368 1450 422 plurimum

71 445 87 470 5
106 426 305 481 prodesse
336 426 397 467 rei
428 426 621 480 publicae
654 426 829 479 sentias,
870 440 1025 480 ecquae
1062 427 1237 480 pacifica
1269 442 1450 481 persona

107 485 379 539 desideretur,
411 499 465 525 an
496 485 541 525 in
572 484 776 525 bellatore
809 485 895 525 sint
926 485 1078 526 omnia.

193 543 336 598 Atque
380 557 477 598 ego,
527 543 600 597 qui
650 543 791 584 omnia
841 543 981 585 officio
1031 544 1203 600 metior,
1252 544 1449 585 recordor
1476 555 1496 586 5

107 605 250 643 tamen
290 605 364 643 tua
407 602 602 657 consilia3
651 602 805 656 quibus
847 602 883 643 si
922 603 1178 659 paruissem,
1223 603 1449 644 tristitiam

106 661 279 702 illorum
309 663 551 715 temporum
580 675 667 701 non
698 661 917 702 subissem.
979 661 1172 717 Memini,
1211 662 1312 716 quid
1342 661 1450 703 mihi

0 718 2 724 ’
54 738 88 762 10
107 722 200 760 tum
232 720 413 761 suaseris
451 734 526 773 per
557 719 876 773 Theophanem,
914 734 988 773 per
1020 719 1286 776 Culleonem,
1323 721 1450 774 idque

109 793 233 832 saepe
258 778 540 833 ingemiscens
567 792 660 819 sum
684 779 939 819 recordatus.
991 778 1127 827 Quare
1154 794 1267 820 nunc
1298 780 1450 821 saltem

107 837 159 877 ad
190 837 287 878 illos
320 837 503 878 calculos
535 839 814 892 revertamur,
855 851 961 891 quos
993 840 1086 879 tum
1117 838 1364 892 abiecimus,
1401 841 1449 879 ut

107 910 194 936 non
227 895 365 937 solum
398 896 598 950 gloriosis
630 896 818 937 consiliis
850 899 1034 951 utamur,
1066 896 1138 937 sed
1162 897 1290 937 etiam
1321 896 1448 950 paulo

109 954 429 995 salubrioribus.
501 953 582 995 Sed
626 954 737 995 nihil
781 955 1041 1010 praescribo3
1091 958 1282 996 accurate
1321 955 1449 996 velim
1506 994 1513 996 ,

54 1031 87 1057 15
107 1013 343 1067 perscribas
384 1016 502 1054 tuam
543 1013 596 1053 ad
635 1028 702 1054 me
743 1014 1006 1054 sententiam.
1069 1013 1180 1055 Volo
1222 1014 1350 1055 etiam
1383 1028 1449 1055 ex·
1476 1028 1495 1058 6

108 1071 270 1127 quiras,
317 1087 443 1126 quam
484 1071 810 1126 diligentissime
849 1072 1010 1126 poteris
1053 1071 1254 1128 (habebis
1296 1076 1448 1127 autem,

106 1145 181 1184 per
213 1145 318 1185 quos
351 1129 524 1186 possis),
558 1131 659 1184 quid
684 1130 890 1171 Lentulus
915 1133 1074 1187 noster,
1106 1131 1206 1185 quid
1230 1130 1448 1172 Domitius

108 1191 219 1245 agat,
246 1189 347 1243 quid
367 1192 537 1230 acturus
565 1189 634 1244 sit,
660 1204 785 1243 quem
812 1189 863 1230 ad
887 1189 1061 1230 modum
1084 1204 1196 1231 nunc
1217 1204 1261 1231 se
1287 1193 1450 1245 gerant,

106 1262 209 1289 num
248 1262 372 1301 quem
411 1250 625 1302 accusent,
661 1262 764 1288 num
803 1248 904 1302 quoi
942 1252 1215 1290 suscenseant
1252 1273 1307 1278 --
1346 1249 1450 1302 quid

54 1325 88 1349 20
108 1306 199 1347 dico
231 1321 334 1347 num
366 1306 495 1360 quoi?
540 1321 643 1347 num
674 1306 887 1362 Pompeio.
950 1306 1131 1348 Omnino
1164 1307 1330 1361 culpam
1363 1322 1448 1348 om-

106 1379 204 1406 nem
233 1364 460 1418 Pompeius
493 1365 536 1406 in
568 1365 808 1406 Domitium
846 1366 1026 1421 confert,
1066 1367 1179 1420 quod
1215 1366 1348 1420 ipsius
1380 1366 1448 1406 lit-

107 1423 210 1464 teris
243 1423 441 1477 cognosci
481 1426 641 1478 potest,
685 1438 864 1478 quarum
909 1425 1145 1478 exemplum
1183 1425 1234 1466 ad
1265 1428 1308 1465 te
1338 1425 1447 1465 misi.

107 1481 224 1522 Haec
254 1482 387 1536 igitur
417 1482 600 1536 videbis,
636 1485 696 1537 et,
734 1483 846 1536 quod
878 1483 928 1523 ad
965 1486 1008 1524 te
1040 1487 1137 1524 ante
1169 1483 1337 1538 scripsi,
1368 1482 1448 1524 De-

107 1540 234 1581 metri
260 1540 473 1594 Magnetis
498 1540 669 1596 librum,
701 1555 825 1595 quem
852 1541 902 1582 ad
928 1544 971 1582 te
995 1542 1113 1583 misit
1138 1542 1188 1583 de
1214 1542 1448 1598 concordia,

56 1616 88 1641 25
108 1599 236 1640 velim
267 1598 373 1640 mihi
403 1599 562 1640 mittas.

752 1726 802 1768 A.

226 1806 299 1842 Ser.
327 1807 503 1842 Luceriae
529 1807 644 1841 XIII
664 1811 729 1842 aut
754 1807 846 1841 XII
867 1807 914 1841 K.
943 1808 1057 1842 Mart.
1085 1819 1118 1842 α.
1147 1810 1217 1842 705
1245 1810 1333 1851 (49).

275 1888 346 1923 CN.
373 1888 573 1923 MAGNUS
599 1888 791 1923 PROCOS.
821 1889 855 1923 S.
882 1889 922 1923 D.
952 1888 988 1923 C.
1015 1888 1285 1933 MARCELLO,

557 1935 595 1970 L.
622 1935 845 1970 LENTULO
874 1935 995 1970 COSS.

57 2024 90 2048 30
197 2006 310 2062 Ego,
351 2008 464 2061 quod
505 2007 803 2048 existimabam
845 2007 1056 2061 dispersos
1097 2022 1175 2048 nos
1214 2022 1349 2062 neque
1386 2010 1446 2050 rei
1475 2021 1492 2052 1

110 2065 302 2118 publicae
333 2066 459 2106 utiles
496 2081 634 2120 neque
672 2066 798 2106 nobis
837 2066 1045 2119 praesidio
1085 2081 1175 2107 esse
1211 2081 1353 2122 posse,
1387 2068 1447 2108 id-

112 2123 221 2164 circo
254 2123 306 2164 ad
336 2123 381 2165 L.
413 2124 653 2165 Domitium
683 2125 851 2165 litteras
884 2125 1000 2178 misi,
1036 2125 1219 2177 primum
1256 2126 1320 2165 uti
1356 2126 1446 2180 ipse

111 2196 206 2222 cum
239 2182 353 2222 omni
381 2183 502 2236 copia
528 2183 580 2224 ad
610 2197 688 2224 nos
715 2183 895 2237 veniret,
928 2183 963 2223 si
989 2182 1037 2222 de
1070 2197 1112 2223 se
1145 2183 1368 2237 dubitaret,
1399 2188 1446 2225 ut

112 2240 307 2281 cohortes
339 2252 488 2294 XVIIII,
526 2256 632 2295 quae
666 2256 715 2282 ex
746 2240 898 2282 Piceno
932 2241 983 2281 ad
1014 2255 1079 2281 me
1110 2242 1191 2282 iter
1221 2241 1446 2297 habebant,

59 2315 92 2340 35
112 2299 164 2339 ad
200 2313 278 2340 nos
317 2299 515 2340 mitteret.
579 2299 698 2348 Quod
730 2300 888 2340 veritus
930 2314 1040 2354 sum,
1081 2300 1239 2340 factum
1279 2304 1359 2357 est,
1400 2306 1447 2343 ut

1165 2370 1234 2403 16*
