1665 2553
311 92 649 127 EPISTULARUM
674 92 739 127 AD
765 91 979 126 ATTICUM
1004 92 1071 126 XV
1096 96 1243 127 21—24.
1355 91 1440 131 487

110 190 150 228 et
175 186 321 228 Cassio
356 190 474 242 puto,
507 188 543 228 si
570 187 760 241 expediet
787 186 879 243 (sed
905 186 1071 241 quando
1098 186 1194 227 illos
1220 184 1442 241 videbitP),

108 246 324 287 inimicum
361 246 568 300 Antonio,
607 246 772 299 quando
812 248 885 286 aut
927 245 1028 286 cur?
1072 244 1298 298 Quousque
1329 244 1442 284 lude-

107 305 228 346 mur‘?
277 304 372 359 Ego
407 307 548 345 autem
582 304 731 358 scripsi
765 303 939 345 Sextum
973 303 1208 358 adventare,
1239 317 1325 343 non
1358 317 1439 356 quo

107 363 191 403 iam
233 363 416 417 adesset,
459 363 530 404 sed
575 363 672 417 quia
717 366 829 403 certe
872 362 913 403 id
958 365 1101 418 ageret
1139 362 1190 402 ab
1228 361 1439 414 armisque

60 437 75 462 5
105 421 248 462 nullus
288 421 525 462 discederet.
589 420 731 477 Certe,
775 422 811 462 si
850 421 1007 476 pergit,
1049 420 1206 461 bellum
1246 422 1441 473 paratum

108 482 180 520 est.
243 478 326 520 Hic
358 482 498 520 autem
528 482 675 520 noster
708 479 934 534 Cytherius
966 479 1049 520 nisi
1081 479 1285 519 victorem
1313 478 1442 519 nemi-

105 552 201 578 nem
227 538 449 579 victurum.
500 537 609 586 Quid
641 539 692 579 ad
723 538 825 579 haec
850 537 1015 578 Pansa?
1060 540 1156 578 utro
1183 538 1364 590 conferet
1389 549 1440 586 se,

108 596 143 636 si
181 597 340 637 bellum
385 597 496 637 erit‘?
542 597 653 651 quod
692 597 858 637 videtur
896 597 995 638 fore.
1059 595 1139 637 Sed
1179 599 1220 636 et
1256 595 1361 637 haec
1397 597 1438 635 et

107 655 189 695 alia
221 669 363 696 coram
396 655 522 696 hodie
555 655 736 710 quidem,
768 658 816 696 ut
849 655 1012 709 scribis⁷
1043 657 1116 695 aut
1151 668 1252 695 cras.

53 811 86 836 10
698 794 853 836 XXIII.

186 874 258 909 Ser.
280 875 320 909 in
350 875 554 909 Tusculano
585 875 689 909 VIII
710 880 774 910 aut
805 876 886 909 VII
907 875 954 909 K.
979 874 1100 919 Quint.
1122 886 1154 909 a.
1178 877 1247 909 710
1274 876 1362 917 (44).

507 956 697 991 CICERO
722 956 913 991 ATTICO
938 957 1046 991 SAL.

193 1028 371 1069 Mirifice
404 1030 618 1082 torqueor,
651 1028 739 1068 sine
772 1028 915 1068 dolore
940 1031 1101 1081 tamen3
1134 1028 1206 1068 sed
1231 1027 1441 1081 permulta

105 1087 209 1127 mihi
248 1087 296 1127 de
327 1089 474 1127 nostro
508 1087 658 1127 itinere
690 1087 734 1126 in
758 1089 983 1140 utramque
1014 1089 1175 1140 partem
1204 1088 1439 1127 occurrunt.

53 1160 86 1185 15
107 1144 394 1199 ‘QuousqueP’
426 1145 602 1198 inquies.
648 1144 793 1193 Quoad
819 1145 898 1186 erit
925 1145 1154 1199 integrum3
1182 1145 1261 1185 erit
1287 1147 1439 1197 autem,

104 1218 239 1257 usque
276 1204 375 1244 dum
407 1203 457 1243 ad
488 1217 648 1243 navem.
710 1202 848 1244 Pansa
881 1203 916 1243 si
947 1206 1045 1244 tuae
1077 1203 1359 1257 rescripserit,
1397 1205 1439 1243 et

104 1276 241 1302 meam
266 1262 347 1302 tibi
374 1264 415 1303 et
441 1261 557 1302 illius
583 1261 807 1315 epistulam
833 1262 1012 1302 mittam.
1050 1261 1202 1302 Silium
1229 1263 1438 1315 exspecta-

104 1321 220 1375 bam3
265 1321 331 1361 cui
372 1319 658 1374 hypomnema
703 1321 1032 1373 compositumst.
1101 1319 1146 1361 Si
1191 1320 1291 1374 quid
1326 1319 1438 1360 novi.

104 1378 199 1433 Ego
231 1379 397 1419 litteras
429 1379 527 1419 misi
559 1379 610 1419 ad
641 1378 832 1419 Brutum.
884 1377 1014 1419 Cuius
1047 1379 1095 1419 de
1126 1379 1278 1419 itinere
1310 1378 1439 1419 etiam

0 1435 2 1445 '
52 1452 86 1476 20
107 1451 156 1477 ex
187 1439 229 1478 te
261 1437 400 1491 velim,
433 1437 469 1477 si
500 1436 601 1490 quid
633 1437 750 1490 scies,
782 1451 1043 1491 cognoscere.

697 1575 850 1617 XXIV.

247 1655 320 1690 Ser.
342 1656 383 1689 in
410 1656 616 1690 Tusculano
648 1655 707 1689 VI
727 1656 775 1689 K.
800 1655 920 1700 Quint.
941 1668 1045 1691 mane
1070 1669 1102 1691 a.
1126 1660 1196 1691 710
1223 1659 1312 1700 (44).

502 1735 691 1771 CICERO
716 1737 908 1772 ATTICO
935 1737 1042 1772 SAL.

193 1807 474 1862 Tabellarius,
512 1822 635 1861 quem
668 1808 719 1848 ad
750 1807 933 1849 Brutum
963 1809 1174 1863 miseram,
1206 1823 1255 1849 ex
1287 1808 1438 1850 itinere

52 1882 86 1907 25
106 1865 231 1906 rediit
259 1878 325 1906 V11
356 1866 448 1907 Kal.
510 1866 564 1907 Ei
598 1865 776 1907 Servilia
808 1867 915 1907 dixit
947 1881 994 1908 eo
1028 1867 1093 1908 die
1125 1867 1306 1907 Brutum
1331 1867 1437 1920 †his

106 1924 351 1976 profectum.
401 1924 510 1966 Sane
536 1924 651 1965 dolui
682 1939 796 1965 meas
821 1925 987 1966 litteras
1012 1926 1197 1967 redditas
1223 1939 1310 1966 non
1336 1939 1438 1967 esse.

108 1981 236 2022 Silius
278 1983 329 2023 ad
365 1997 431 2023 me
469 1997 556 2023 non
591 1985 774 2024 venerat.
843 1982 1023 2024 Causam
1062 1983 1297 2038 composui3
1342 1998 1437 2024 eum

105 2039 297 2081 libellum
328 2041 409 2081 tibi
439 2041 547 2082 misi.
597 2041 657 2082 Te
689 2056 771 2095 quo
800 2041 864 2082 die
890 2044 1140 2098 exspectem⁷
1170 2042 1296 2083 velim
1320 2042 1436 2083 scire.
