1665 2553
179 68 267 109 436
608 68 656 103 M.
683 68 825 102 TULLI
849 67 1098 103 CICERONIS

178 178 391 205 rumorem
411 163 606 205 adferunt
625 177 827 218 magnum
838 162 998 204 Romae
1019 163 1192 204 domum
1212 162 1265 204 ad
1283 161 1520 204 Antonium

178 223 442 264 frumentum
486 237 608 263 omne
640 222 813 276 portari.
870 223 1071 263 Πανικὸν
1108 224 1240 276 certe3
1280 221 1520 275 scripsisses

179 282 302 323 enim.
353 280 592 323 Corumbus
613 280 736 321 Balbi
767 280 910 321 nullus
938 280 1082 321 adhuc.
1131 280 1213 321 Est
1238 280 1346 321 mihi
1369 283 1521 322 notum

178 354 351 394 nomen,
382 340 520 381 bellus
554 339 667 380 enim
698 354 787 380 esse
819 339 973 380 dicitur
1004 339 1270 380 architectus.

268 398 335 439 Ad
356 398 666 453 obsignandum
685 400 732 439 tu
753 397 968 439 adhibitus
994 412 1081 439 non
1101 398 1190 439 sine
1210 412 1335 438 causa
1354 397 1518 439 videris.
1557 415 1573 440 5

179 457 344 499 Volunt
386 457 496 498 enim
532 471 611 498 nos
650 457 710 497 ita
748 460 916 511 putare3
947 457 1106 512 nescio,
1147 471 1220 498 cur
1256 471 1344 497 non
1380 457 1519 498 animo

180 531 348 570 quoque
389 516 586 556 sentiant.
655 514 736 556 Sed
779 515 881 569 quid
922 515 1025 556 haec
1069 515 1121 556 ad
1160 515 1267 556 nos?
1336 514 1521 556 Odorare

179 578 322 615 tamen
353 574 517 615 Antoni
556 575 777 631 διάθεσινς
822 589 946 628 quem
979 574 1147 628 quidem
1185 587 1264 628 ego
1302 574 1522 628 epularum

180 634 314 687 magis
354 634 538 674 arbitror
576 633 784 674 rationem
813 633 968 674 habere
1001 648 1127 687 quam
1165 633 1390 687 quicquam
1422 633 1521 674 mali

180 692 378 747 cogitare.
1542 709 1575 733 10

270 750 346 805 Tu,
371 752 408 791 si
423 751 526 804 quid
545 751 855 805 pragmaticum
874 749 1067 804 habebis,
1088 750 1262 804 scribes3
1283 750 1350 790 sin
1369 749 1522 804 minus,

180 810 328 863 populi
351 809 640 863 ἐπισημασίαι)
660 813 701 850 et
721 809 948 850 mimorum
970 809 1080 850 dicta
1093 809 1358 863 perscribito.
1390 807 1522 849 Piliae

180 870 222 909 et
254 867 421 909 Atticae
455 869 645 909 salutem.

812 984 885 1026 IV.

446 1066 522 1100 Ser.
551 1066 716 1100 Lanuvii
740 1067 805 1100 IV
824 1066 880 1100 Id.
902 1067 992 1110 Apr.
1014 1078 1047 1101 α.
1070 1068 1142 1101 710
1163 1068 1251 1110 (44).
1542 1085 1575 1110 15

606 1135 774 1170 CICERO
801 1136 974 1171 ATTICO
1003 1136 1099 1170 SAL.

269 1218 488 1273 Numquid
512 1222 638 1273 putas
664 1234 730 1260 me
755 1219 947 1260 Lanuvi?
997 1218 1056 1260 At
1076 1232 1153 1273 ego
1179 1221 1221 1259 te
1247 1218 1345 1259 istic
1370 1218 1522 1259 cotidie

182 1277 344 1330 aliquid
383 1278 484 1318 novi
525 1278 726 1332 suspicor.
784 1278 966 1318 Tument
1009 1277 1192 1331 negotia.
1254 1275 1384 1332 Nam,
1427 1291 1522 1317 cum

180 1335 358 1390 Matius,
401 1336 502 1389 quid
540 1351 684 1377 censes
717 1337 909 1377 ceteros?
971 1336 1181 1390 Equidem
1226 1335 1365 1388 doleo,
1409 1335 1521 1389 quod

179 1408 412 1448 numquam
444 1396 490 1435 in
520 1395 606 1436 ulla
639 1395 810 1436 civitate
843 1395 1010 1450 accidit,
1040 1409 1126 1435 non
1157 1409 1241 1434 una
1272 1408 1366 1435 cum
1396 1394 1522 1435 liber-
1542 1414 1574 1438 20

181 1455 269 1493 tate
307 1468 395 1494 rem
435 1454 650 1507 publicam
686 1457 984 1507 recuperatam.
1041 1453 1260 1494 Horribile
1292 1456 1378 1507 est,
1415 1467 1522 1506 quae

180 1511 427 1566 loquantur,
462 1527 567 1566 quae
599 1513 859 1553 minitentur.
922 1513 984 1554 Ac
1022 1526 1168 1553 vereor
1200 1511 1362 1552 Gallica
1394 1512 1522 1552 etiam

135 1604 152 1613 ..
181 1570 312 1624 bella,
350 1571 440 1624 ipse
473 1571 627 1613 Sextus
661 1585 743 1625 quo
783 1571 943 1612 evadat.
1007 1569 1088 1612 Sed
1120 1571 1261 1611 omnia
1298 1570 1396 1611 licet
1427 1584 1522 1611 con-

180 1632 364 1683 currant,
389 1628 489 1671 ldus
510 1630 689 1671 Martiae
709 1630 993 1671 consolantur.
1044 1629 1194 1670 Nostri
1214 1631 1355 1670 autem
1374 1629 1522 1683 ἥρωες,

182 1688 295 1741 quod
326 1703 400 1742 per
426 1690 540 1743 ipsos
565 1689 714 1730 confici
745 1689 898 1743 potuit,
930 1688 1237 1742 gloriosissime
1264 1690 1305 1728 et
1330 1688 1521 1742 magnifi-
1541 1705 1573 1730 25

180 1747 420 1787 centissime
464 1748 750 1801 confecerunt,
793 1748 980 1801 reliquae
1026 1761 1093 1788 res
1143 1761 1243 1800 opes
1293 1749 1335 1786 et
1377 1746 1519 1800 copias

180 1805 432 1860 desiderant,
458 1821 561 1860 quas
588 1806 728 1847 nullas
748 1806 962 1846 habemus.
1012 1805 1129 1846 Haec
1154 1819 1231 1859 ego
1258 1805 1310 1845 ad
1335 1807 1388 1845 te.
1444 1804 1520 1858 Tu,

181 1864 217 1904 si
249 1864 351 1917 quid
381 1865 481 1906 novi
514 1864 631 1921 (nam
665 1864 817 1905 cotidie
849 1864 1010 1918 aliquid
1036 1861 1264 1918 exspecto),
1296 1863 1520 1904 confestim

180 1922 232 1962 ad
252 1938 328 1976 me,
356 1925 409 1976 et,
431 1924 466 1964 si
491 1924 591 1964 novi
616 1923 737 1977 nihil,
762 1925 909 1964 nostro
937 1937 1052 1963 more
1072 1925 1215 1963 tamen
1239 1936 1291 1962 ne
1310 1922 1521 1975 patiamur

180 1981 409 2023 intermitti
440 1982 664 2023 litterulas.
721 1981 933 2036 Equidem
963 1996 1051 2022 non
1082 1981 1354 2022 committa-m.
1539 1998 1573 2022 30
