1665 2553
322 37 667 72 EPISTULARUM
694 37 759 71 AD
786 37 1003 72 ATTICUM
1029 38 1078 71 IX
1106 42 1159 82 15,
1189 42 1242 72 16.
1371 38 1454 79 287

108 134 213 175 dies
246 133 319 174 ibi
352 133 672 187 commorari⁷
707 133 885 174 deinde
917 133 963 173 in
993 132 1271 187 Hispanias
1298 134 1456 187 profi-

109 193 248 233 cisci.
310 191 473 233 Nobis
506 206 607 233 non
640 192 858 232 alienum
891 192 1056 232 visum
1089 196 1183 246 est,
1217 193 1454 246 quoniam

108 251 162 292 de
196 251 412 292 adventu
447 249 682 292 Caesaris
714 265 802 304 pro
837 253 977 291 certo
1010 250 1339 306 habebamus,
1370 267 1456 304 pu·

109 325 218 351 eros
256 313 374 350 tuos
419 310 475 350 ad
514 312 561 350 te
601 310 884 363 remittere,
922 312 976 350 ut
1007 309 1056 350 id
1087 312 1140 350 tu
1174 325 1323 364 quam
1354 310 1455 363 pri-

73 384 236 412 5mUm
288 369 456 410 scires.
531 368 766 409 Mandata
806 371 892 409 tua
936 368 1085 409 nobis
1128 383 1274 409 curae
1320 371 1456 424 sunt,

109 442 281 481 eaque⁷
319 430 373 468 ut
412 430 610 481 tempus
650 427 955 481 postularit,
995 441 1208 482 agemus.
1271 427 1455 468 Treba-

108 487 213 527 tius
253 486 426 526 sedulo
464 486 609 541 facit,
646 489 699 526 ut
738 486 1015 527 antecedat.

197 545 440 598 Epistula
496 545 786 598 conscripta
835 545 1128 586 nuntiatum
1179 548 1254 586 est
1303 545 1456 586 nobis

109 603 373 645 Caesarem
425 618 458 645 a.
506 604 541 644 d.
583 615 665 644 VIII
705 603 756 645 K.
794 603 953 658 April.
997 603 1276 644 Beneventi
1322 618 1455 644 man-

0 666 4 724 ’μ
55 682 88 706 10
110 678 298 715 surum,
340 678 373 703 a.
401 662 437 703 d.
465 674 530 702 VII
562 661 777 717 Capuae,
809 678 842 703 a.
871 663 906 704 d.
933 674 981 703 VI
1015 661 1291 704 Sinuessae.
1350 662 1454 703 Hoc

0 725 1 728 ’
107 736 197 776 pro
239 724 380 762 certo
419 721 683 775 putamus.'

725 850 839 892 XVI.

321 931 394 967 Sor.
416 932 456 966 in
483 931 684 967 Formiano
717 932 798 966 VH
818 931 866 965 K.
888 931 978 975 Apr.
1001 943 1034 965 a.
1060 933 1128 966 705
1156 933 1246 974 (49).

511 1013 703 1049 CICERO
728 1014 922 1048 ATTICO
947 1013 1055 1048 SAL.

54 1106 87 1132 15
198 1085 318 1142 Cum,
349 1087 463 1141 quod
495 1086 722 1128 scriberem
754 1086 805 1126 ad
837 1088 890 1140 te,
922 1086 1031 1126 nihil
1049 1085 1267 1140 haberem,
1300 1089 1453 1140 tamen,
1481 1098 1498 1128 1

107 1161 156 1187 ne
190 1160 313 1199 quem
346 1146 455 1186 diem
487 1145 828 1199 intermitterem,
865 1145 941 1186 has
973 1145 1067 1185 dedi
1098 1145 1276 1186 litteras.
1340 1146 1389 1186 A.
1417 1146 1452 1186 d.

107 1217 154 1245 VI
186 1203 236 1245 K.
264 1203 487 1246 Caesarem
515 1203 739 1245 Sinuessae
772 1218 1021 1244 mansurum
1052 1203 1320 1244 nuntiabant.
1384 1204 1452 1245 Ab

109 1278 156 1304 eo
189 1263 295 1304 mihi
326 1263 496 1304 litterae
527 1263 714 1304 redditae
747 1265 846 1303 sunt
873 1278 906 1304 a.
935 1263 971 1304 d.
997 1274 1062 1303 VII
1088 1261 1151 1316 K„
1185 1263 1340 1316 quibus
1368 1263 1453 1304 iam

109 1322 239 1376 ‘opes’
277 1337 410 1376 meaS‚
447 1336 536 1363 non
573 1325 621 1363 ut
659 1321 950 1376 superioribus
988 1321 1146 1362 litteris
1187 1321 1342 1375 ‘opem’
1386 1337 1454 1363 ex-

56 1402 89 1426 20
110 1384 281 1434 spectat.
335 1380 440 1421 Cum
472 1381 562 1421 eius
596 1380 863 1422 clementiam
890 1379 1196 1421 Corfiniensem
1228 1380 1346 1420 illam
1379 1396 1454 1434 per

107 1439 273 1480 litteras
307 1439 670 1495 cossaudavissem,
701 1439 920 1493 rescripsit
952 1439 1033 1480 hoc
1065 1439 1274 1492 exemplo:

252 1524 484 1559 ‘CAESAR
516 1525 624 1559 IMP.
653 1524 919 1560 CICERONI
950 1525 1060 1559 IMP.
1082 1524 1309 1560 SALDIC.

195 1603 349 1644 Recte
388 1603 661 1658 auguraris
701 1604 755 1644 de
793 1618 866 1644 me
904 1601 1048 1659 (bene
1081 1603 1210 1643 enim
1242 1603 1342 1643 tibi
1375 1618 1451 1644 co·
1478 1615 1498 1645 2

108 1663 281 1717 gnitus
315 1661 446 1717 sum)
476 1662 608 1702 nihil
635 1677 658 1702 a
684 1676 756 1702 me
790 1662 965 1702 abesse
996 1662 1201 1716 longius
1235 1662 1451 1702 crudeli-

57 1739 90 1765 25
109 1724 224 1762 tate.
275 1721 440 1774 Atque
473 1735 561 1775 ego
595 1735 702 1761 cum
737 1735 790 1760 ex
823 1720 933 1774 ipsa
964 1734 1014 1760 re
1046 1733 1274 1774 magnam
1307 1721 1450 1773 capio

109 1780 426 1833 voluptatem
469 1782 574 1820 tum
612 1794 770 1819 meum
808 1779 1000 1819 factum
1036 1779 1245 1832 probari
1285 1779 1370 1819 abs
1403 1782 1450 1820 te

110 1838 367 1892 triumpho
401 1838 596 1893 gaudio.
646 1836 818 1891 Neque
851 1837 978 1877 illud
1006 1851 1077 1877 me
1104 1839 1288 1890 movet,
1321 1837 1451 1891 quod

18 1931 20 1950 ,
111 1897 164 1950 ii,
198 1897 281 1950 qui
314 1913 337 1937 a
368 1912 440 1937 me
472 1897 671 1937 dimissi
699 1899 834 1950 sunt,
867 1896 1169 1936 discessisse
1197 1896 1450 1950 dicuntur,

112 1958 166 1996 ut
203 1955 324 1996 mihi
363 1970 537 1996 rursus
576 1955 765 1995 bellum
807 1955 1070 1995 inferrent.
1137 1953 1284 1995 Nihil
1322 1955 1450 1995 enim

59 2013 241 2057 somalo
293 2029 437 2067 quam
488 2017 535 2054 et
584 2028 655 2054 me
705 2014 798 2054 mei
843 2014 1058 2054 similem
1104 2027 1211 2053 esse
1256 2015 1302 2053 et
1328 2013 1448 2054 illos

114 2072 201 2112 sui.
263 2071 332 2112 Tu
376 2073 525 2113 velim
565 2073 687 2113 mihi
726 2073 783 2113 ad
820 2072 994 2113 urbem
1032 2074 1231 2125 praesto
1270 2072 1357 2124 sis,
1396 2074 1450 2112 ut
1476 2083 1496 2114 3

112 2130 213 2171 tuis
263 2131 497 2171 consiliis
549 2134 698 2185 atque
751 2131 949 2184 opibus,
1000 2133 1052 2171 ut
1097 2131 1355 2184 consuevi,
1400 2130 1451 2171 in

113 2189 343 2230 omnibus
375 2189 523 2229 rebus
556 2192 680 2230 utar.
735 2188 1006 2230 Dolabella
1038 2191 1123 2229 tuo
1155 2188 1287 2229 nihil
1319 2189 1448 2230 scito

25 2243 28 2333 J
111 2247 234 2288 mihi
273 2261 380 2288 esse
417 2247 700 2289 iucundius.
770 2247 908 2288 Hanc
947 2247 1065 2288 adeo
1103 2247 1301 2288 habebo
1341 2261 1450 2302 gra-
