1665 2553
180 105 266 146 226
607 104 655 138 M.
683 103 823 138 TULLl
847 103 1094 138 CICERONJS

180 214 330 242 maneo
364 202 406 241 et
442 199 564 240 illum
601 200 850 240 comitatum
890 199 1148 253 optimorum
1187 202 1228 239 et
1265 198 1519 241 clarissimo-

182 275 277 300 rum
309 259 463 300 civium
488 258 646 311 desero,
678 258 908 298 cadendum
934 260 998 298 est
1023 258 1068 298 in
1093 257 1218 298 unius
1250 260 1518 312 potestatem.

183 318 265 367 Qui
296 318 376 358 etsi
405 317 553 358 multis
585 317 712 357 rebus
746 316 958 370 significat
990 331 1032 357 se
1062 316 1187 357 nobis
1214 330 1304 357 esse
1336 317 1519 358 amicum

185 376 258 432 (et,
288 379 337 417 ut
369 378 491 429 esset,
523 390 547 416 a
577 390 643 415 me
677 378 751 428 est,
781 377 873 415 tute
907 375 1000 429 scis,
1031 377 1204 428 propter
1237 375 1519 428 suspicionem

182 435 309 476 huius
341 434 623 488 impendentis
656 433 924 486 tempestatis
961 433 1096 474 multo
1136 436 1232 474 ante
1268 433 1520 490 provisum),

183 497 326 535 tamen
362 496 590 546 utrumque
628 491 979 533 considerandum
1017 494 1098 545 est,
1141 494 1183 532 et
1221 495 1381 546 quanta
1415 493 1520 533 fides

185 553 223 593 ei
267 552 323 593 sit
364 551 574 604 habenda,
619 554 676 604 et,
722 550 758 591 51
800 550 983 591 maxime
1027 550 1293 604 exploratum
1331 551 1388 591 sit
1425 565 1522 592 eum

182 611 308 652 nobis
341 610 522 651 amicum
552 610 655 664 1016,
688 609 797 649 511116
823 609 905 649 viri
936 609 1061 650 fortis
1093 612 1135 650 et
1165 609 1269 649 boni
1295 609 1397 650 civis
1430 624 1521 650 esse

184 670 229 710 in
261 684 308 710 ea
340 669 456 723 urbe,
482 668 527 708 in
553 682 634 721 qua
661 682 756 708 cum
783 667 958 708 summis
984 667 1218 708 honoribus
1247 667 1521 722 imperiisque

183 742 286 768 usus
320 727 394 782 sit,
424 741 491 767 res
523 726 730 767 maximas
763 727 962 781 gesserit,
995 726 1230 767 sacerdotio
1264 727 1320 767 sit
1353 727 1521 780 amplis-

185 787 291 827 simo
329 785 565 839 praeditus,
604 799 690 826 non
725 785 895 825 futurus
932 786 1000 835 sit,
1051 786 1122 837 qui
1155 786 1298 838 fuerit,
1343 785 1521 826 subeun-

185 845 367 898 dumque
399 844 633 898 periculum
666 844 721 884 sit
753 857 848 884 cum
881 843 1093 897 aliquanto
1124 844 1285 884 maiore
1312 843 1523 899 dedecore,

187 905 221 945 51
264 903 430 958 quando
473 902 701 956 Pompeius
743 916 833 943 rem
876 902 1089 956 publicam
1135 902 1403 956 recuperarit.
1470 901 1522 943 In

185 962 263 1003 hac
295 964 414 1015 parte
445 961 547 1002 haec
579 964 688 1001 sunt.

273 1020 381 1061 Vide-
418 1034 546 1074 nunc,
584 1034 690 1073 quae
728 1018 815 1060 sint
851 1019 897 1059 in
928 1019 1070 1060 altera.
1132 1017 1255 1059 Nihil
1285 1021 1426 1060 actum
1457 1021 1522 1060 651

186 1095 209 1120 3
239 1079 442 1132 Pompeio
474 1081 623 1118 nostro
657 1078 882 1132 sapienter,
913 1077 1022 1118 nihil
1047 1078 1230 1132 10111161,
1262 1078 1366 1118 addo
1393 1077 1522 1118 etiam

184 1137 294 1178 nihil
341 1137 426 1177 nisi
475 1139 621 1177 6011113
670 1136 894 1177 6011511111111
944 1137 1324 1189 auctoritatemque
1372 1150 1520 1177 meam.

188 1195 350 1237 Omitto
384 1195 458 1235 illa
489 1198 649 1249 vetera,
687 1194 800 1248 quod
836 1195 968 1234 istum
1004 1194 1049 1234 in
1085 1209 1174 1235 rem
1205 1194 1418 1247 publicam
1448 1194 1521 1235 1116

187 1254 311 1308 311111,
349 1253 485 1306 auxit,
523 1253 720 1305 armavit,
756 1252 827 1293 ille
867 1252 1033 1306 legibus
1071 1267 1145 1305 per
1176 1253 1263 1292 vim
1300 1255 1342 1293 et
1374 1255 1521 1293 contra

187 1312 373 1366 auspicia
404 1311 586 1352 ferendis
619 1314 777 1365 auctor,
808 1310 879 1351 1116
913 1309 1075 1351 Galliae
1106 1310 1321 1352 ulterioris
1355 1310 1520 1352 adiunc-

186 1375 266 1423 tor,
297 1370 368 1411 ille
401 1384 540 1424 gener,
571 1369 643 1410 ille
674 1369 717 1409 in
750 1369 987 1422 adoptando
1019 1367 1062 1409 P.
1091 1367 1237 1410 Clodio
1271 1383 1418 1424 augur,
1447 1369 1519 1410 ille

186 1428 438 1470 restituendi
468 1428 552 1468 mei
584 1442 710 1481 quam
741 1427 950 1468 retinendi
976 1427 1218 1481 studiosior,
1249 1427 1320 1468 ille
1351 1428 1520 1482 provin-

188 1488 274 1528 ciae
299 1489 570 1541 propagator,
595 1486 666 1527 ille
692 1486 879 1527 absentis
904 1486 950 1526 in
975 1486 1172 1526 omnibus
1199 1485 1379 1540 adiutor,
1409 1486 1520 1528 idem

189 1546 315 1588 etiam
358 1546 484 1586 tertio
530 1544 769 1598 consulatu,
819 1547 1046 1598 postquam
1090 1559 1179 1585 esse
1223 1544 1416 1585 defensor
1458 1545 1521 1586 rei

187 1605 381 1659 publicae
408 1604 558 1657 coepit,
584 1603 814 1658 contendit,
843 1606 891 1643 ut
917 1603 1057 1644 decem
1082 1603 1246 1643 tribuni
1271 1603 1325 1657 pl.
1352 1604 1522 1658 ferrent,

188 1667 236 1704 111
277 1663 465 1704 absentis
505 1662 615 1702 ratio
657 1661 902 1715 haberetur,
947 1661 1060 1715 quod
1099 1661 1210 1702 idem
1248 1662 1339 1715 ipse
1381 1662 1521 1702 sanxit

187 1722 280 1777 lege
313 1722 494 1775 quadam
534 1735 627 1775 sua,
667 1720 894 1774 Marcoque
926 1719 1125 1760 Marcello
1164 1719 1326 1760 consuli
1356 1719 1522 1760 finienti

188 1780 425 1834 provincias
449 1779 606 1820 Gallias
626 1778 912 1820 Kalendarum
930 1778 1181 1819 Martiarum
1201 1778 1266 1818 die
1285 1778 1446 1818 restitit
1465 1803 1520 1808 —

190 1839 272 1894 sed,
303 1842 350 1879 ut
381 1838 483 1879 haec
515 1838 722 1891 omittam,
753 1837 854 1891 quid
884 1837 1067 1891 foedius,
1100 1836 1201 1890 quid
1230 1836 1520 1890 perturbatius

186 1898 268 1938 hoc
313 1897 364 1937 ab
406 1897 509 1937 urbe
553 1896 739 1937 discessu
784 1896 870 1936 sive
914 1895 1057 1949 potius
1101 1895 1348 1948 turpissima
1390 1894 1520 1949 fuga?

189 1955 304 2004 Quae
336 1955 524 1996 condicio
556 1969 644 1995 non
675 1953 915 2007 accipienda
951 1954 1034 1994 11111
1063 1953 1207 2007 potius
1240 1967 1366 2006 quam
1397 1953 1521 1994 relin—

191 2013 354 2068 quenda
385 2013 552 2067 patria?
613 2012 750 2053 Malae
782 2012 1047 2053 condiciones
1086 2013 1222 2064 erant,
1259 2011 1412 2065 fateor,
1450 2011 1522 2052 sed

188 2086 291 2112 num
324 2072 424 2125 quid
454 2071 534 2112 hoc
564 2071 713 2125 peius?
773 2069 834 2111 At
869 2070 1133 2123 recuperabit
1170 2084 1258 2110 rem
1297 2070 1520 2123 publicam.

191 2129 393 2178 Quando?
439 2133 512 2170 aut
557 2129 657 2183 quid
700 2128 752 2170 ad
796 2143 887 2170 eam
931 2142 1048 2182 spem
1091 2130 1154 2168 est
1194 2128 1361 2181 parati?
1421 2127 1523 2169 Non

191 2202 289 2242 ager
314 2188 491 2229 Picenus
525 2187 732 2228 amissus?
764 2201 851 2228 non
875 2186 1133 2240 patefactum
1161 2186 1242 2227 iter
1268 2186 1320 2227 ad
1344 2186 1521 2227 urbem?

189 2260 276 2286 non
315 2246 491 2299 pecunia
535 2246 671 2287 omnis
717 2248 758 2286 et
794 2245 964 2299 publica
1001 2247 1042 2285 et
1080 2245 1246 2298 privata
1283 2244 1520 2285 adversario

190 2304 374 2344 tradita?
412 2303 606 2358 Denique
631 2303 748 2344 nulla
773 2318 909 2358 causa,
932 2302 1074 2344 nullae
1098 2303 1220 2358 vires,
1248 2303 1366 2344 1111113
1391 2302 1522 2359 sedes,

1541 743 1576 768 10

1540 1036 1574 1061 15

1540 1328 1574 1353 20

1541 1619 1574 1646 25

1540 1912 1574 1937 30

1541 2202 1574 2228 35
