1665 2553
354 85 693 120 EPISTULARUM
718 86 784 120 AD
809 86 1020 121 ATTICUM
1046 85 1112 119 XV
1138 88 1192 127 25,
1221 87 1274 118 26.
1394 84 1478 124 489

147 177 339 219 futurum
380 192 469 220 esse
507 178 669 220 confido
708 181 750 220 et
789 181 928 219 tecum
966 191 1063 232 ago,
1100 180 1149 218 ut
1188 178 1272 218 iam
1304 178 1354 218 ab
1387 179 1480 231 ipsa

148 236 442 278 commissione
480 237 532 277 ad
567 252 651 291 me,
691 251 815 291 quem
854 237 905 278 ad
941 236 1113 277 modum
1144 236 1403 301 accipiantur
1433 236 1479 277 hi

147 295 247 350 ludi,
280 295 425 336 deinde
458 296 597 336 omnia
628 295 888 349 reliquorum
919 295 1117 335 ludorum
1147 295 1192 335 in
1223 295 1310 335 dies
1338 295 1479 349 singu-

146 353 212 394 los
243 368 505 408 persequare.
559 353 640 396 Sed
672 354 720 396 de
752 354 862 394 ludis
893 353 1107 394 hactenus,
1170 352 1351 406 Reliqua
1382 367 1478 407 pars
1507 387 1522 393 -

112 429 128 455 5
148 412 353 465 epistulae
397 415 461 453 est
504 412 578 453 illa
621 412 788 466 quidem
832 413 877 453 in
919 415 1141 466 utramque
1182 414 1364 465 partem,
1409 411 1479 452 sed

147 472 289 511 tamen
337 485 422 512 non
470 471 611 512 nullos
662 470 872 511 interdum
922 471 1021 511 iacit
1069 470 1279 525 igniculos
1323 469 1478 511 viriles.

148 528 268 577 Quod
300 530 422 583 quale
452 530 533 570 tibi
563 529 787 584 videretur,
817 532 865 570 ut
890 543 1036 583 posses
1069 529 1352 582 interpretari,
1382 529 1479 569 misi

147 587 198 628 ad
229 591 271 628 te
303 588 540 642 exemplum
567 588 788 642 epistulae3
821 602 1076 641 quamquam
1101 587 1206 627 mihi
1231 587 1477 628 tabellarius

145 648 290 687 noster
321 646 483 687 dixerat
509 647 590 687 tibi
616 661 783 700 quoque
810 661 853 687 se
879 646 1075 687 attulisse
1100 646 1266 686 litteras
1293 661 1317 686 a
1342 645 1476 686 Bruto

93 722 126 746 ιο
147 718 300 758 easque
331 704 382 745 ad
414 707 455 745 te
487 720 508 746 e
540 705 778 746 Tusculano
811 719 900 745 esse
932 705 1101 746 delatas

234 762 329 817 Ego
370 763 522 804 itinera
561 763 620 804 sic
657 778 992 818 composueram
1035 765 1083 803 ut
1120 761 1255 803 Nonis
1294 761 1478 810 Quincti-

144 820 257 862 libus
288 821 478 862 Puteolis
517 836 667 876 essem3
710 822 829 863 valde
867 822 978 862 enim
1015 821 1188 876 festino,
1223 821 1284 861 ita
1324 823 1478 875 tamen,

145 882 212 933 ut,
252 883 457 933 quantum
487 880 614 921 homo
646 881 800 934 possit,
843 895 968 934 quam
1000 856 1242 920 cautissime
1271 879 1476 933 navigem

145 937 201 978 M.
244 937 413 979 Aelium
450 953 548 980 cura
584 939 803 991 liberabis3
852 953 918 979 me
955 952 1110 992 paucos
1148 938 1273 991 pedes
1319 937 1364 977 in
1411 952 1477 978 ex-

93 1013 127 1039 15
145 998 281 1037 tremo
330 997 460 1038 fundo
505 1000 546 1038 et
590 1011 661 1038 eos
706 972 874 1051 quidem
918 997 1214 1037 subterraneos
1259 996 1476 1037 servitutis
1516 1040 1524 1043 ,

146 1057 316 1108 putasse
348 1055 508 1109 aliquid
538 1055 772 1096 habituros.
821 1055 869 1096 Id
900 1070 966 1096 1116
996 1055 1166 1095 1311113111
1197 1054 1310 1095 110116
1340 1068 1477 1108 neque

146 1113 252 1153 mihi
276 1114 498 1167 quicquam
524 1128 613 1154 esse
640 1114 759 1154 tanti.
812 1112 903 1167 Sed,
935 1116 984 1154 ut
1008 1113 1114 1157 mihi
1141 1113 1320 1167 dicebas,
1351 1127 1476 1166 quam

146 1171 376 1226 lenissime,
412 1172 557 1225 potius
589 1175 637 1213 ut
669 1186 766 1213 cura
797 1172 1018 1226 liberetur,
1056 1186 1182 1225 quam
1213 1174 1260 1212 ut
1291 1185 1357 1211 me
1389 1185 1476 1211 sus-

146 1244 312 1271 censere
350 1230 507 1284 aliquid
540 1231 786 1284 suspicetur.
843 1230 952 1271 Item
992 1230 1041 1271 de
1081 1231 1155 1271 illo
1188 1229 1382 1270 Tulliano
1416 1244 1476 1270 ca-

93 1307 126 1331 20
146 1288 233 1342 pite
264 1289 396 1329 libere
427 1303 521 1329 cum
553 1287 757 1330 Cascellio
788 1289 971 1343 loquere.
1032 1288 1167 1329 Parva
1198 1303 1264 1329 res
1297 1291 1374 1343 est,
1406 1288 1477 1329 sed

145 1349 194 1387 tu
224 1347 329 1388 bene
362 1347 592 1388 attendisti.
653 1346 792 1388 Nimis
825 1347 972 1388 callide
1005 1347 1219 1402 agebatur,
1282 1346 1376 1401 Ego
1410 1362 1477 1387 au-

146 1407 250 1459 tem,
293 1405 330 1446 si
372 1405 477 1446 1111111
513 1406 788 1459 imposuisset
825 1405 1004 1459 aliquid,
1050 1405 1162 1459 quod
1198 1404 1330 1459 paene
1366 1405 1477 1458 fecit,

145 1463 229 1503 nisi
247 1465 322 1503 tua
347 1464 509 1504 malitia
534 1464 734 1518 affuisset,
755 1465 892 1504 animo
913 1464 1060 1517 iniquo
1080 1464 1284 1504 tulissem.
1316 1462 1478 1517 Itaque,

146 1524 244 1562 utut
275 1521 367 1576 erit,
396 1536 485 1562 rem
516 1522 710 1575 impediri
741 1522 864 1563 malo.
926 1521 1128 1563 Octavam
1158 1525 1322 1575 partem
1354 1522 1477 1575 †tuli

93 1598 126 1622 25
145 1578 403 1620 luminatum
433 1580 616 1620 medium
649 1581 701 1620 ad
732 1583 872 1621 stiane
903 1581 1142 1621 memineris
1175 1580 1242 1620 cui
1274 1578 1478 1621 Caerellia

146 1637 300 1678 videris
342 1638 565 1692 mancupio
611 1638 707 1679 dare
751 1638 803 1679 ad
845 1652 937 1679 eam
980 1653 1204 1692 summam,
1248 1652 1353 1692 quae
1397 1638 1475 1678 sub

145 1711 348 1750 praecone
379 1696 461 1737 fuit
492 1697 685 1737 maxima.
746 1696 795 1737 Id
827 1697 977 1750 opinor
1009 1711 1098 1737 esse
1130 1707 1352 1738 CCCLXXX

234 1753 347 1795 Novi
379 1755 415 1795 si
447 1755 548 1808 quid
579 1755 677 1809 elit,
716 1758 841 1808 atque
874 1755 1000 1795 etiam
1033 1755 1068 1796 si
1101 1755 1203 1809 quid
1233 1755 1476 1820 prospicies,
1507 1767 1519 1773 ⁷

147 1813 261 1866 quod
295 1813 487 1854 futurum
524 1816 664 1868 putes,
705 1814 863 1854 scribas
896 1813 946 1853 ad
976 1828 1042 1854 me
1075 1828 1200 1867 quam
1233 1813 1476 1866 saepissime

94 1889 128 1914 30
146 1871 284 1926 velim,
321 1870 516 1926 Varroni,
548 1886 673 1925 quem
703 1872 754 1912 ad
784 1872 955 1912 modum
985 1872 1066 1912 tibi
1096 1872 1303 1926 mandavi,
1334 1871 1477 1912 memi-

145 1929 259 1970 neris
302 1944 498 1970 excusare
535 1930 779 1971 tarditatem
816 1930 1056 1971 littelarum
1093 1945 1291 1971 mearum.
1352 1929 1476 1970 Mun-

148 1986 224 2027 dus
267 1987 348 2028 iste
391 2002 485 2028 611111
527 1988 582 2029 Μ.
620 1988 760 2029 Ennio
806 1988 908 2042 quid
951 1989 1085 2042 egerit
1128 1989 1177 2030 de
1221 1991 1475 2029 testamento

148 2044 358 2099 (curiosus
390 2045 501 2086 enim
531 2045 660 2102 sum),
699 2047 826 2088 facias
858 2061 925 2088 me
957 2047 1083 2088 velim
1116 2047 1347 2088 certiorem.
1409 2046 1476 2087 Ex

146 2102 343 2156 Arpinati
375 2116 423 2144 VI
453 2103 562 2145 Non.
