1665 2553
135 651 154 681 10

183 75 267 116 116
610 72 658 107 Μ.
685 72 825 106 TULLI
852 71 1100 106 CICERONIS

180 170 285 211 scire
315 169 399 210 ista
432 168 583 209 omnia.
644 168 791 209 Etiam
829 167 935 208 illud
973 167 1091 208 cuius
1129 167 1245 208 modi
1278 167 1352 221 sit,
1394 166 1523 208 velim

179 227 429 282 perspicias,
472 230 594 281 potes
633 242 657 268 a
694 226 924 267 Demetrio.
986 224 1108 266 Dixit
1150 225 1257 266 mihi
1293 224 1523 279 Pompeius

180 286 383 328 Crassum
409 301 432 326 a
459 300 501 327 se
527 285 572 326 in
596 284 765 326 Albano
799 285 1034 338 exspectari
1064 287 1160 325 ante
1187 285 1298 325 diem
1324 296 1393 324 1111
1411 284 1524 339 Kal.3

179 345 215 386 is
249 360 344 386 cum
375 345 580 399 venisset,
616 343 798 384 Romam
836 357 926 384 eum
964 346 1006 383 et
1044 357 1087 383 se
1125 343 1272 383 statim
1309 345 1524 397 venturos,

179 406 228 444 ut
259 404 445 444 rationes
471 417 566 443 cum
597 401 835 456 publicanis
867 403 1077 455 putarent.
1128 400 1336 455 Quaesivi,
1368 401 1524 455 gladia·
1561 418 1577 444 5

180 463 413 503 toribusne.
453 461 702 515 Respondit,
734 463 963 514 antequam
988 460 1298 500 inducerentur.
1336 459 1385 500 Id
1404 460 1524 500 cuius

179 521 296 561 modi
329 521 397 573 sit,
430 523 503 561 aut
533 534 657 573 nunc,
691 519 726 559 si
760 519 876 572 scies,
909 521 982 559 aut
1015 532 1110 559 cum
1142 518 1178 559 is
1198 518 1379 560 Romam
1405 533 1525 559 vene-

181 580 251 635 rit,
283 579 335 619 ad
364 593 432 619 me
463 578 612 628 mittas
644 577 784 618 velim.

269 636 361 678 Nos
410 637 479 678 1110
527 651 727 678 voramus
776 636 942 676 litteras
989 650 1085 676 cum
1127 635 1299 676 homine
1344 635 1524 676 mirifico

182 695 262 751 (ita
292 695 530 736 mehercule
563 693 732 751 30111310),
763 693 987 749 Dionysio,
1019 694 1093 748 qui
1124 696 1166 734 te
1196 708 1424 748 omnesque
1449 708 1525 735 vos
1545 712 1579 735 10

183 755 350 795 salutat.

402 821 565 865 ςΟὐδὲν
595 824 866 879 γλυκύτερον
896 823 922 877 ἢ
954 821 1080 865 πάντ’
1116 822 1307 865 εἰδέναι.’

183 918 319 967 Quare
357 921 405 959 ut
441 917 607 959 homini
644 917 810 959 curioso
848 917 910 958 ita
946 917 1158 970 perscribe
1202 916 1254 957 ad
1296 931 1381 971 me,
1425 915 1527 970 quid

182 978 345 1031 primus
366 977 466 1030 dies,
499 976 601 1030 quid
621 976 841 1030 secundus,
874 976 976 1029 quid
995 989 1199 1029 censores,
1227 975 1328 1029 quid
1346 974 1525 1028 Appius,

183 1036 284 1089 quid
320 1036 394 1076 illa
434 1035 583 1089 populi
611 1034 839 1090 Appuleia3
883 1034 1062 1088 denique
1100 1034 1244 1087 etiam,
1284 1033 1386 1087 quid
1423 1048 1446 1074 a
1482 1035 1525 1074 te
1545 1051 1578 1076 15

182 1096 268 1147 fiat,
301 1094 352 1134 ad
382 1108 450 1134 me
480 1093 608 1134 velim
640 1093 811 1134 scribas.
872 1091 973 1133 Non
1005 1092 1134 1145 enim,
1173 1095 1221 1132 ut
1253 1106 1350 1132 vere
1379 1091 1525 1145 loqua-

181 1167 290 1205 mur,
321 1155 409 1192 tam
441 1152 567 1192 rebus
598 1152 721 1192 novis
753 1166 881 1205 quam
913 1151 999 1191 tuis
1032 1151 1188 1191 litteris
1222 1150 1416 1191 delector.

270 1210 365 1266 Ego
391 1224 555 1250 mecum
580 1212 748 1263 praeter
773 1209 1034 1262 Dionysium·
1055 1209 1178 1249 eduxi
1209 1209 1423 1249 neminem
1447 1222 1524 1249 nec

182 1271 326 1310 metuo
367 1273 526 1321 tamen,
569 1282 621 1308 ne
653 1267 759 1308 mihi
798 1282 934 1308 sermo
973 1267 1092 1308 desit.
1154 1266 1244 1307 Abs
1276 1269 1319 1307 130
1352 1267 1525 1320 opipare
1616 1310 1618 1313 ,

184 1328 377 1368 delector.
428 1326 492 1367 Tu
523 1326 701 1367 Lucceio
732 1329 930 1367 nostrum
960 1325 1119 1366 librum
1151 1325 1283 1365 dabis.
1332 1323 1524 1373 Demetri
1544 1344 1578 1368 20

183 1386 395 1440 Magnetis
427 1385 509 1426 tibi
541 1385 679 1438 mitto,
712 1385 859 1425 statim
891 1387 939 1425 ut
972 1384 1040 1438 sit,
1073 1384 1146 1438 qui
1175 1399 1199 1425 3
1230 1386 1272 1425 130
1302 1383 1408 1424 1111111
1441 1384 1525 1438 epi-

185 1445 337 1485 stulam
371 1444 538 1484 referat.

808 1559 901 1601 XII.

581 1652 655 1687 Ser.
681 1664 726 1687 m.
754 1652 849 1686 Mai.
877 1664 910 1686 a.
938 1654 1010 1686 699
1038 1654 1128 1695 (55).

605 1733 773 1768 CICERO
801 1732 974 1768 ATTICO
1002 1733 1099 1767 SAL.
1544 1740 1579 1766 25

272 1805 483 1860 Egnatius
507 1805 668 1846 Romae
700 1808 775 1846 est.
827 1805 907 1847 Sed
939 1819 1016 1860 ego
1049 1820 1145 1846 cum
1177 1819 1224 1846 eo
1258 1804 1307 1845 de
1338 1818 1383 1845 re
1408 1803 1526 1845 Hali-

185 1864 290 1905 meti
320 1864 588 1905 vehementer
619 1864 724 1905 Anti
761 1864 838 1918 egi.
902 1863 1098 1905 Graviter
1130 1878 1175 1905 se
1205 1865 1397 1904 acturum
1429 1878 1525 1904 cum

186 1922 361 1976 Aquilio
395 1923 672 1963 confirmavit.
733 1922 907 1963 Videbis
939 1936 1039 1976 ergo
1071 1922 1297 1974 hominem,
1330 1921 1367 1962 si
1397 1921 1525 1962 voles.

187 1981 378 2021 Macroni
417 1981 489 2022 vix
531 1981 675 2021 videor
714 1983 883 2034 praesto
923 1995 1013 2021 esse
1048 1993 1184 2034 1208563
1227 1978 1374 2020 Idibus
1413 1980 1526 2020 enim

189 2039 426 2079 auctionem
457 2038 603 2080 Larini
639 2039 759 2080 video
798 2042 839 2079 et
877 2039 1053 2079 biduum
1090 2040 1316 2092 praeterea.
1379 2037 1429 2079 Id
1465 2041 1527 2094 tu,
1545 2056 1579 2080 30

189 2097 389 2150 quoniam
426 2097 668 2139 Macronem
705 2098 816 2138 tanti
852 2098 973 2149 facis,
1011 2097 1205 2152 ignoscas
1244 2096 1350 2137 mihi
1387 2096 1525 2138 velim.

190 2154 286 2207 Sed,
325 2156 362 2195 si
392 2170 459 2196 me
492 2156 651 2211 diligis,
689 2156 894 2209 postridie
925 2155 1017 2196 Kal.
1051 2169 1150 2196 cena
1183 2155 1294 2208 apud
1333 2169 1400 2196 me
1431 2169 1527 2195 cum

188 2211 308 2253 Pilia.
368 2212 548 2255 Prorsus
585 2215 629 2254 id
665 2214 802 2255 facies.
869 2213 1071 2254 Kalendis
1117 2214 1258 2269 cogito
1302 2213 1348 2254 in
1389 2212 1527 2254 hortis

190 2268 450 2323 Crassipedis
484 2273 605 2326 quasi
635 2273 681 2313 in
706 2272 943 2314 deversorio
976 2286 1133 2313 cenare.
1183 2271 1309 2313 Facio
1335 2271 1527 2312 fraudem
