1665 2553
340 67 680 103 EPISTULARUM
705 68 768 102 AD
795 67 1011 103 ATTICUM
1037 68 1087 102 IV
1114 73 1144 112 1,
1172 72 1203 102 2.
1358 68 1442 110 103

100 165 237 206 mitto.
300 163 506 213 Quintum
537 164 715 205 fratrem
746 163 906 218 insigni
937 164 1113 219 pietate,
1144 164 1320 219 virtute,
1363 164 1444 205 fide

101 224 340 278 praeditum
372 223 432 264 sic
464 237 571 276 31110,
603 225 651 263 ut
684 221 825 263 debeo.
888 222 946 263 Te
973 225 1169 277 exspecto
1203 225 1244 264 et
1277 238 1364 277 oro,
1395 226 1444 263 ut

100 285 287 324 matures
313 281 457 323 venire
484 296 615 335 eoque
643 281 781 322 animo
807 281 964 336 venias,
995 284 1044 322 ut
1068 297 1135 323 me
1160 284 1236 322 tuo
1263 281 1441 323 consilio

102 355 223 396 egere
253 355 341 382 non
373 341 497 381 sinas.
542 340 736 380 Alterius
761 339 875 381 vitae
902 340 1111 394 quoddam
1137 340 1309 381 initium
1336 340 1444 381 ordi-

66 417 82 442 5
101 415 205 441 mur.
267 398 358 441 Iam
391 399 579 453 quidam,
617 399 690 453 qui
720 413 799 439 nos
832 398 1026 440 absentes
1060 399 1352 453 defenderunt,
1383 399 1444 439 in-

102 459 264 512 cipiunt
306 458 601 512 praesentibus
648 457 807 498 occulte
857 458 1000 513 irasci,
1051 460 1194 512 aperte
1243 457 1442 499 invidere.

101 517 385 558 Vehementer
417 519 459 557 te
491 516 757 570 requirimus.

747 632 799 673 ΙΙ.

390 713 463 748 Ser.
492 714 627 748 Romae
653 714 703 747 in.
730 725 773 747 m.
805 713 875 748 Oct.
904 726 935 748 α.
961 717 1034 748 697
1060 716 1152 758 (57).

49 815 82 839 10
526 794 694 829 CICERO
721 794 893 830 ATTICO
921 794 1018 830 SAL.

192 867 237 909 Si
277 867 386 907 forte
428 867 565 907 rarius
604 867 686 908 tibi
718 882 741 908 a
772 882 838 908 me
871 882 997 921 quam
1029 883 1052 908 a
1084 867 1233 908 ceteris
1274 867 1443 908 litterae

101 927 352 980 redduntur,
392 928 490 979 peto
530 941 552 966 a
589 928 649 981 te,
688 929 735 966 ut
776 926 819 966 id
858 940 945 966 non
985 926 1110 967 modo
1150 926 1444 980 neglegentiae

102 999 236 1040 meae,
283 984 353 1025 sed
392 998 445 1025 ne
486 984 754 1038 occupationi
795 985 964 1038 quidem
1001 985 1184 1040 tribuas3
1226 999 1331 1038 quae
1363 984 1445 1024 etsi
1485 1007 1492 1010 -

104 1058 269 1084 summa
301 1045 376 1096 est,
413 1045 555 1083 tamen
590 1043 708 1083 nulla
747 1057 837 1083 esse
869 1046 1011 1097 potest
1048 1045 1186 1098 tanta,
1227 1045 1276 1083 ut
1316 1043 1445 1083 inter-

51 1118 83 1143 15
103 1104 272 1156 rumpat
312 1101 394 1141 iter
435 1101 590 1142 amoris
632 1101 772 1142 nostri
813 1104 854 1142 et
896 1102 1029 1143 officii·
1063 1102 1157 1142 mei.
1225 1100 1356 1157 Nam,
1395 1103 1445 1142 ut

102 1161 199 1202 veni
224 1159 415 1215 Romam,
446 1159 602 1200 iterum
632 1174 744 1200 nunc
774 1174 867 1200 sum
893 1160 1047 1201 certior
1072 1160 1210 1200 factus
1243 1174 1346 1215 esse,
1376 1160 1446 1200 cui

103 1220 246 1260 darem
275 1219 458 1272 litteras3
490 1218 635 1271 itaque
665 1218 742 1258 has
770 1218 923 1259 alteras
957 1219 1060 1259 dedi.

189 1277 409 1318 Prioribus
454 1277 535 1317 tibi
580 1277 807 1332 declaravi,
856 1277 1059 1318 adventus
1108 1280 1255 1318 noster
1306 1276 1444 1331 qualis

102 1337 272 1390 fuisset,
304 1338 345 1376 et
378 1335 473 1389 quis
506 1338 616 1376 esset
649 1338 804 1390 status,
838 1338 964 1390 atque
997 1350 1141 1376 omnes
1173 1350 1240 1377 res
1271 1338 1445 1376 nostrae

51 1412 85 1436 20
105 1410 230 1449 quem
262 1395 313 1434 ad
343 1394 516 1434 modum
549 1397 700 1448 essent,

104 1475 185 1517 <Ut
222 1475 274 1516 1‘n
311 1475 541 1516 secundis
579 1475 770 1531 fluxae,
807 1478 861 1516 ut
902 1476 954 1517 in
986 1474 1218 1532 advorsis
1250 1476 1445 1518 bonae'.

102 1568 208 1611 Post
248 1569 342 1609 illas
385 1569 503 1609 datas
543 1569 709 1610 litteras
754 1572 896 1610 secuta
937 1572 1001 1611 est
1034 1585 1198 1611 summa
1229 1570 1444 1611 contentio

105 1628 154 1669 de
196 1627 330 1668 domo.
392 1626 589 1668 Diximus
632 1628 743 1682 apud
783 1628 1004 1681 pontifices
1046 1643 1106 1682 pr.
1144 1629 1195 1669 K.
1229 1627 1445 1669 Octobres.

105 1685 214 1727 Acta
244 1700 311 1726 res
344 1688 408 1727 est
441 1689 631 1727 accurate
664 1702 687 1727 a
717 1687 859 1741 nobis,
900 1689 958 1742 et,
996 1687 1033 1727 si
1068 1701 1270 1740 umquam
1307 1687 1352 1727 in
1389 1686 1447 1726 di-

52 1761 87 1787 25
106 1745 235 1786 6611ᾶο
277 1744 434 1785 fuimus
477 1744 654 1799 aliquid,
701 1747 773 1785 aut
816 1745 944 1785 etiam
990 1745 1026 1785 si
1065 1759 1298 1798 numquam
1342 1744 1446 1785 alias

106 1803 278 1857 fuimus,
302 1806 395 1843 tum
421 1803 610 1856 profecto
631 1803 752 1843 dolor
777 1803 914 1855 reique
937 1803 1185 1858 magnitudo
1206 1803 1293 1843 vim
1319 1817 1447 1856 quan-

109 1861 205 1902 dam
232 1862 357 1902 nobis
391 1861 554 1901 dicendi
586 1861 710 1901 dedit.
771 1860 921 1915 Itaque
954 1861 1091 1902 oratio
1130 1861 1343 1902 iuventuti
1373 1875 1446 1902 no-

111 1922 222 1960 strae
254 1919 395 1960 deberi
424 1934 511 1960 non
542 1922 702 1973 potest3
736 1934 862 1973 quam
893 1920 993 1974 tibi,
1024 1919 1193 1960 etiamsi
1223 1933 1310 1960 non
1341 1919 1446 1960 desi-

111 1977 248 2031 116138,
284 1980 427 2019 tamen
456 1978 626 2018 mittam
657 1978 752 2018 cito.
816 1976 923 2018 Cum
954 1978 1176 2031 pontifices
1208 1977 1446 2018 decressent

57 2052 91 2077 30
110 2035 189 2089 ita,
227 2035 273 2076 SI
303 2047 457 2085 NEQVE
490 2047 660 2078 POPVLI
692 2047 821 2078 IVSSV
851 2048 1006 2085 NEQVE
1040 2046 1202 2077 PLEBIS
1236 2046 1368 2077 SCITV
1392 2047 1447 2091 IS,

111 2105 189 2143 QVI
221 2103 272 2134 SE
304 2105 558 2136 DEDICASSE
590 2106 805 2149 DICERET,
834 2106 1099 2136 NOMINATIM
1129 2106 1177 2134 EI
1207 2106 1285 2135 REI
1310 2105 1447 2135 PRAE-

110 2162 285 2193 FECTVS
311 2163 452 2194 ESSET
477 2164 631 2203 NEQVE
659 2164 829 2194 POPVLI
853 2164 983 2194 IVSSV
1008 2164 1099 2193 AVT
1125 2164 1287 2194 PLEBIS
1315 2163 1448 2194 SCITU

109 2221 158 2251 ID
197 2221 376 2251 FACERE
413 2222 567 2252 IVSSVS
605 2222 766 2267 ESSET,
805 2223 966 2252 VIDERI
1003 2222 1142 2252 POSSE
1183 2222 1284 2252 SINE
1322 2223 1448 2252 RELI-

110 2278 251 2309 GIONE
284 2280 380 2308 EAM
410 2281 598 2310 PARTEM
628 2281 779 2310 AREAE
813 2281 916 2310 MIHI
947 2280 1173 2325 RESTITVI,
1204 2270 1311 2310 mihi
1336 2270 1449 2311 faeta
