1665 2553
167 304 189 334 4

172 596 191 627 5

212 80 300 121 514
680 78 730 113 M.
757 78 898 112 TULLI
924 77 1171 113 CICERONIS

214 175 295 217 tibi
325 175 436 231 misi,
468 188 518 216 ex
551 188 635 228 quo
666 173 772 215 mihi
798 173 964 214 videtur
989 171 1244 228 Στρατύλαξ
1270 172 1342 214 1116
1367 172 1552 215 deiectus

215 234 265 275 de
297 234 441 289 gradu.
504 231 586 274 Sed
618 235 677 287 tu,
709 246 805 273 cum
835 231 1001 286 legeris,
1034 231 1323 273 existumabis.

306 292 542 347 Obsignata
585 291 671 332 iam
716 290 897 344 epistula
934 290 1101 331 litteras
1140 305 1163 331 a
1200 292 1242 331 te
1279 292 1320 331 et
1358 305 1382 332 a
1421 289 1550 332 Sexto

216 351 366 405 accepi.
422 350 545 391 Nihil
575 349 798 391 iucundius
829 349 984 390 litteris
1018 347 1148 404 Sexti,
1176 348 1286 389 nihil
1317 349 1550 390 amabilius.

216 409 328 451 Nam
365 412 463 450 tuae
500 409 667 462 breves,
710 408 871 462 priores
909 410 1027 448 erant
1067 407 1270 462 [litterae]
1304 407 1550 448 uberrimae.

216 468 280 509 Tu
319 468 488 522 quidem
527 470 568 508 et
604 467 833 521 prudenter
870 468 912 506 et
949 466 1080 507 amice
1119 466 1288 520 suades,
1330 469 1379 507 ut
1409 466 1455 506 in
1484 466 1552 507 his

215 527 321 568 locis
364 526 634 581 potissimum
677 526 774 579 sim,
818 524 955 579 quoad
1001 525 1238 579 audiamus,
1280 524 1399 579 haec,
1446 539 1552 579 quae

218 588 428 626 commota
460 587 592 639 sunt,v
615 598 796 638 quorsus
830 583 1017 625 evadant.
1080 582 1161 624 Sed
1192 598 1270 637 me,
1309 583 1368 623 mi
1399 582 1553 639 Attice,

216 659 304 685 non
336 658 436 685 sane
464 644 547 684 hoc
580 643 748 697 quidem
779 645 968 696 tempore
993 644 1134 683 movet
1164 656 1230 683 res
1254 642 1437 697 publica,
1466 656 1553 683 non

219 717 303 757 quo
348 706 420 743 aut
465 702 521 743 sit
560 701 664 742 mihi
711 701 937 755 quicquam
982 701 1118 742 carius
1156 703 1229 742 aut
1266 715 1355 741 esse
1392 700 1553 756 debeat,

219 761 292 803 sed
325 761 557 816 desperatis
590 760 717 801 etiam
743 759 1024 813 Hippocrates
1057 761 1172 801 vetat
1203 759 1402 801 adhibere
1427 759 1554 800 medi-

219 820 366 862 cinam.
429 819 566 869 Quare
603 819 685 860 ista
726 819 911 873 valeant3
954 833 1020 859 me
1050 832 1116 859 res
1148 818 1370 859 familiaris
1401 821 1554 859 movet.

218 878 325 920 Rem
363 878 473 932 dico;
516 878 646 919 immo
683 892 783 919 vero
826 877 1092 918 existimatio.
1157 876 1261 917 Cum
1293 877 1405 917 enirn
1435 878 1555 917 tanta

218 938 383 992 reliqua
415 937 514 991 sint,
549 951 602 978 ne
633 936 853 977 Terentiae
886 936 1055 990 quidem
1087 935 1221 976 adhue
1253 935 1366 989 quod
1394 934 1554 976 solvam

219 996 461 1050 expeditum
501 998 575 1036 est.
638 995 877 1036 Terentiam
909 994 1019 1048 (110ος
1057 994 1138 1035 8018
1168 1008 1246 1035 1108
1277 993 1441 1047 pridem
1470 994 1554 1034 iam
1575 1012 1586 1034 τ,

219 1055 490 1096 constituisse
521 1054 716 1095 Montani
745 1053 917 1094 nomine
948 1052 1020 1094 HS
1058 1065 1153 1094 XXV
1183 1052 1421 1094 dissolvere.
1475 1051 1555 1093 Pu-

219 1113 463 1154 dentissime
506 1113 586 1153 hoc
624 1111 768 1154 Cicero
813 1112 991 1166 petierat
1038 1114 1085 1153 ut
1123 1111 1203 1152 fide
1240 1126 1325 1152 sua.
1386 1110 1556 1152 Libera-

218 1172 393 1227 lissime,
419 1174 467 1212 ut
492 1172 573 1212 tibi
600 1185 767 1225 quoque
794 1171 1019 1225 placuerat,
1044 1170 1321 1223 promiseram
1346 1169 1555 1223 Erotique

221 1231 422 1285 dixeram,
453 1232 501 1270 ut
533 1230 767 1283 sepositum
797 1229 982 1269 haberet.
1038 1227 1139 1269 Non
1168 1228 1293 1268 modo
1325 1228 1354 1281 †
1375 1228 1447 1268 sed
1478 1227 1555 1268 ini—

221 1289 426 1343 quissimo
458 1288 626 1328 faenore
651 1302 867 1328 versuram
898 1288 1033 1327 facere
1058 1286 1256 1327 Aurelius
1283 1288 1452 1327 coactus
1479 1288 1554 1326 est.

219 1346 332 1388 Nam
375 1347 423 1388 de
456 1346 676 1387 Terentiae
706 1345 878 1386 nomine
909 1345 1008 1386 Tiro
1041 1345 1092 1385 ad
1123 1359 1189 1385 me
1221 1344 1391 1398 scripsit
1423 1346 1464 1384 te
1496 1344 1556 1384 di-

221 1420 313 1447 cere
349 1420 545 1446 nummos
584 1419 607 1445 a
637 1403 860 1445 Dolabella
896 1404 996 1444 fore.
1058 1403 1170 1444 Male
1211 1418 1305 1443 eum
1337 1402 1458 1443 credo
1492 1402 1556 1443 in—

220 1464 447 1519 tellexisse,
474 1464 510 1504 si
531 1463 753 1517 quisquam
778 1462 887 1503 male
913 1462 1136 1517 intellegit,
1155 1461 1337 1516 †potius
1362 1461 1471 1502 nihil
1494 1461 1556 1501 in-

220 1523 444 1564 tellexisse.
491 1522 555 1563 Tu
587 1522 698 1563 enim
730 1521 781 1562 ad
806 1536 871 1562 me
899 1521 1106 1575 scripsisti
1134 1519 1281 1562 Coccei
1305 1534 1555 1573 responsum

222 1585 263 1622 et
309 1581 441 1622 isdem
484 1595 615 1635 paene
654 1580 794 1621 verbis
833 1579 955 1620 Eros.
1017 1578 1281 1620 Veniendum
1324 1581 1387 1619 est
1423 1578 1555 1633 igitur

221 1640 287 1681 vel
329 1640 373 1680 in
416 1639 552 1693 ipsam
596 1639 819 1679 flammam.
881 1638 1064 1692 Turpius
1107 1640 1171 1679 est
1207 1638 1318 1678 enim
1355 1636 1554 1690 privatim

221 1698 367 1740 cadere
404 1713 530 1752 quam
567 1698 744 1752 publice.
806 1696 955 1750 Itaque
991 1696 1139 1737 ceteris
1178 1696 1227 1737 de
1263 1695 1409 1750 rebus,
1451 1709 1554 1749 quas

222 1757 272 1798 ad
316 1772 383 1798 me
427 1757 688 1797 suavissume
733 1756 957 1809 scripsisti,
999 1754 1247 1809 perturbato
1292 1753 1432 1795 animo
1469 1767 1556 1794 non

221 1816 362 1871 potui,
403 1818 451 1856 ut
495 1830 760 1869 consueram,
802 1814 1042 1854 rescribere.
1103 1814 1132 1866 †
1158 1813 1348 1854 consenti
1391 1812 1436 1852 in
1478 1811 1556 1852 hac

222 1889 331 1929 cura,
363 1874 437 1914 ubi
471 1889 575 1928 sum,
606 1877 654 1914 ut
685 1887 752 1914 me
785 1872 1020 1926 expediam3
1056 1872 1210 1926 quibus
1241 1873 1382 1912 autem
1416 1870 1554 1923 rebus,
1574 1887 1589 1911 3

222 1933 337 1974 venit
376 1932 545 1986 quidem
582 1932 687 1972 mihi
724 1932 767 1972 in
806 1934 1007 1984 mentem,
1051 1930 1122 1971 sed
1159 1930 1262 1971 certi
1299 1929 1555 1970 constituere

221 1991 331 2032 nihil
367 2005 561 2045 possum,
598 1991 715 2044 prius
756 2004 881 2043 quam
913 1992 955 2029 te
986 1989 1141 2029 videro.
1203 1987 1284 2038 Qui
1315 1987 1455 2028 minus
1487 2001 1556 2027 au-

224 2052 310 2091 tem
342 2064 418 2105 ego
452 2049 549 2090 istic
580 2051 691 2090 recte
725 2062 815 2088 esse
846 2048 1017 2101 possim,
1049 2062 1175 2101 quam
1208 2049 1271 2088 est
1302 2044 1555 2086 Marcellus?

224 2107 305 2149 Sed
329 2122 416 2149 non
440 2108 482 2148 id
508 2108 662 2162 agitur,
692 2121 828 2160 neque
853 2106 895 2146 id
921 2105 1101 2146 maxime
1126 2119 1244 2160 curo3
1276 2104 1378 2158 quid
1403 2117 1556 2157 curem,

222 2166 349 2208 vides.
411 2166 574 2207 Adsum
606 2166 749 2221 igitur.

1577 718 1607 743 10

1576 1303 1609 1327 20

1574 1594 1607 1620 25

1576 2177 1609 2202 35
