1665 2553
166 666 186 696 2

216 91 301 132 174
639 89 688 125 M.
716 89 857 124 TULLI
882 89 1129 124 CICERONIS

214 185 415 241 Obrepsit
447 185 547 239 dies,
578 187 627 226 ut
658 184 775 226 vides
809 183 940 241 (mihi
967 185 1078 225 enim
1104 200 1137 226 a.
1159 185 1195 226 d.
1215 197 1267 226 111
1291 185 1384 226 Kal.
1406 184 1554 228 Sextil.

214 245 264 286 de
295 244 519 299 provincia
543 243 828 285 decedendum
858 242 969 299 est),
1008 258 1084 284 nec
1117 244 1363 285 succeditur.
1420 243 1554 293 Quem

212 304 468 358 relinquam,
506 303 579 356 qui
616 302 857 356 provinciae
897 302 1089 356 praesit?
1147 301 1276 344 Ratio
1309 303 1482 357 quidem
1512 305 1555 344 et

214 362 358 416 opinio
389 361 609 402 hominum
642 360 833 414 postulat
862 360 1054 416 fratrem,
1083 360 1265 415 primum
1300 361 1413 415 quod
1443 361 1554 402 vide-

214 424 286 461 tur
312 435 402 461 esse
426 420 576 473 honos,
600 433 725 460 nemo
751 419 885 474 igitur
910 419 1070 473 potior,
1097 419 1244 460 deinde
1270 420 1383 474 quod
1415 419 1553 461 solum
1590 436 1608 462 5

212 479 348 520 habeo
379 478 650 533 praetorium.
711 477 964 531 Pomptinus
997 478 1109 518 enim
1141 492 1190 518 ex
1229 481 1353 532 pacto
1386 480 1428 519 et
1459 492 1553 519 con-

213 540 340 579 vento
379 538 500 592 (nam
539 551 586 577 ea
628 537 721 591 lege
765 534 946 592 exierat)
986 536 1071 577 iam
1111 551 1134 577 a
1176 551 1242 577 me
1287 536 1554 592 discesserat3

215 598 481 650 quaestorem
520 609 643 636 nemo
686 595 861 649 dignum
901 597 1042 650 putat,
1088 595 1243 636 etenim
1282 598 1346 636 est
1388 595 1554 649 ε10118,

212 655 542 708 libidinosus,
574 654 762 708 tagax'.
818 652 882 694 De
906 654 1037 694 fratre
1070 656 1210 694 autem
1233 653 1418 707 primum
1447 654 1551 694 illud

215 716 289 754 est.
338 712 587 754 Persuaderi
619 713 656 753 ei
686 726 774 753 non
804 726 928 766 posse
962 712 1164 767 arbitror3
1202 713 1291 753 odit
1323 712 1435 753 enim
1459 726 1553 766 pro-
1572 730 1607 754 10

213 772 415 827 vinciam,
464 774 505 812 et
546 770 717 811 hercule
760 770 870 811 nihil
915 770 1121 826 odiosius,
1168 770 1279 811 nihil
1321 771 1553 811 molestius.

213 830 387 884 Deinde,
417 832 465 870 ut
496 829 602 870 mihi
631 829 741 870 nolit
772 843 938 884 negare,
969 829 1170 883 quidnam
1194 830 1277 870 mei
1309 830 1365 870 sit
1391 829 1553 870 officii?

214 904 309 930 cum
341 889 501 930 bellum
533 902 622 929 esse
654 888 698 929 in
730 887 853 942 Syria
883 901 1086 942 magnum
1116 890 1308 943 putetur,
1345 888 1390 929 id
1419 887 1555 929 videa-

213 951 285 988 tur
314 947 360 988 in
389 947 498 987 hanc
529 947 791 1001 provinciam
823 949 1085 1000 erupturum,
1115 946 1185 987 hic
1215 946 1415 1001 praesidii
1445 945 1555 987 nihil

215 1007 284 1062 sit,
315 1009 510 1059 sumptus
543 1020 706 1046 annuus
733 1006 923 1046 decretus
957 1005 1025 1059 sit,
1049 1005 1295 1046 videaturne
1321 1007 1394 1046 aut
1425 1005 1553 1059 pieta·
1574 1021 1607 1047 15

214 1066 271 1106 tis
305 1079 395 1105 esse
426 1079 542 1105 meae
573 1064 748 1104 fratrem
778 1064 1017 1118 relinquere
1050 1066 1123 1104 aut
1149 1064 1393 1118 diligentiae
1424 1077 1555 1118 nuga-

214 1138 310 1165 rum
341 1123 501 1177 aliquid
532 1123 798 1176 relinquere?
849 1122 1005 1176 Magna
1030 1122 1174 1176 igitur,
1206 1125 1255 1162 ut
1280 1122 1409 1176 vides,
1442 1122 1555 1162 80111-

216 1181 401 1223 011311(11110
427 1181 611 1236 adficior,
641 1194 795 1235 magna
820 1181 963 1234 inopia
994 1180 1170 1221 consilii.
1222 1179 1331 1228 Quid
1357 1180 1554 1234 quaeris?

216 1243 309 1281 toto
350 1240 524 1294 negotio
564 1239 687 1280 nobis
722 1253 827 1292 opus
864 1252 953 1279 non
992 1238 1085 1279 fuit.
1148 1237 1314 1287 Quanto
1354 1241 1429 1278 tua
1459 1252 1554 1292 pro-

216 1299 354 1339 vincia
396 1298 562 1338 melior!
630 1297 832 1351 Decedes,
876 1311 970 1338 cum
1014 1297 1148 1352 voles,
1190 1296 1275 1337 nisi
1316 1296 1427 1337 forte
1470 1297 1554 1337 iam
1574 1314 1608 1339 20

219 1356 452 1411 decessisti3
501 1371 626 1410 quem
665 1356 897 1411 videbitur,
936 1355 1153 1409 praeficies
1194 1355 1471 1409 Thesprotiae
1513 1358 1555 1395 et

218 1415 440 1457 Chaoniae.
503 1413 694 1455 Necdum
731 1417 873 1455 tamen
910 1427 987 1468 ego
1021 1413 1228 1462 Quintum
1266 1428 1555 1468 conveneram,

217 1475 381 1528 utiam,
408 1474 443 1514 si
468 1473 511 1514 id
530 1474 726 1527 placeret,
752 1473 914 1528 scirem,
938 1475 1137 1526 possetne
1164 1472 1215 1512 ab
1243 1487 1290 1513 eo
1318 1472 1555 1526 impetrari;

217 1548 293 1574 nec
322 1535 477 1587 tamen,
509 1533 545 1572 si
576 1535 731 1586 posset,
764 1531 864 1586 quid
892 1531 1054 1585 vellem,
1085 1530 1303 1572 habebam.
1365 1530 1459 1571 Hoc
1491 1533 1555 1571 est

218 1592 351 1646 igitur
382 1591 471 1632 eius
502 1591 626 1632 modi.
1574 1604 1608 1630 25

306 1649 487 1704 Reliqua
517 1649 642 1704 plena
674 1648 808 1690 adhuc
834 1650 875 1689 et
905 1648 1043 1689 laudis
1071 1650 1113 1688 et
1145 1648 1318 1702 gratiae,
1350 1647 1477 1701 digna
1502 1647 1554 1687 iis

216 1709 358 1764 libris,
399 1723 504 1762 quos
537 1707 744 1762 dilaudas,
785 1709 1053 1748 conservatae
1092 1707 1304 1760 civitates,
1344 1705 1554 1746 cumulate

217 1767 455 1822 publicanis
488 1767 592 1808 satis
623 1767 795 1820 factum,
828 1765 1013 1806 offensus
1040 1764 1295 1806 contumelia
1319 1777 1457 1818 nemo,
1488 1763 1555 1803 de-

217 1828 331 1867 creto
372 1826 486 1866 iusto
528 1828 570 1866 et
611 1839 754 1866 severo
795 1824 994 1878 perpauci
1031 1837 1107 1864 nec
1138 1826 1278 1863 tamen
1317 1821 1554 1876 quisquam,

217 1887 265 1925 ut
298 1885 417 1939 queri
450 1884 617 1938 audeat,
653 1898 719 1925 res
752 1885 895 1937 gestae
927 1882 1077 1937 dignae
1108 1880 1344 1935 triumpho3
1383 1880 1432 1920 de
1470 1894 1553 1934 quo
1574 1897 1608 1922 30

217 1944 310 1996 ipso
351 1943 460 1983 nihil
500 1943 648 1996 cupide
689 1955 878 1996 agemus,
920 1941 1009 1981 sine
1050 1943 1124 1980 tuo
1167 1939 1336 1992 quidem
1376 1938 1552 1979 consilio

219 2004 330 2042 certe
360 2001 478 2042 nihil.
537 1999 737 2042 Clausula
768 2002 833 2039 est
864 1999 1048 2040 difficilis
1079 1999 1124 2039 in
1155 1997 1356 2038 tradenda
1387 1996 1555 2051 provin-

219 2060 291 2100 cia.
355 2058 436 2100 Sed
466 2059 569 2100 haec
600 2059 701 2100 deus
733 2058 887 2111 aliquis
919 2056 1184 2112 gubernabit.

306 2117 370 2159 De
400 2118 573 2158 urbanis
606 2118 732 2158 rebus
765 2117 923 2157 scilicet
953 2115 1075 2169 plura
1103 2117 1150 2154 tu
1182 2114 1281 2168 scis3
1314 2113 1481 2167 saepius
1513 2115 1555 2153 et

221 2177 400 2217 certiora
445 2177 580 2231 audis3
629 2175 821 2230 equidem
867 2174 987 2214 doleo
1033 2187 1119 2213 non
1165 2187 1231 2213 1110
1270 2172 1356 2212 tuis
1396 2171 1552 2212 litteris
1574 2186 1607 2213 35

220 2235 439 2275 certiorem
488 2235 590 2275 fieri.
663 2233 758 2275 Huc
807 2233 918 2274 enim
967 2231 1111 2272 odiosa
1160 2231 1455 2271 adferebantur
1505 2229 1554 2269 cle

222 2290 413 2346 Curione,
448 2293 495 2334 de
527 2293 676 2347 Paulo,
717 2307 802 2333 non
841 2305 923 2345 quo
961 2290 1095 2330 ullum
1127 2289 1360 2343 periculum
1390 2287 1554 2329 videam
