1665 2553
233 69 319 110 378
658 70 705 105 Μ.
733 70 873 105 TULLI
899 70 1148 106 CICERONIS

233 166 408 207 modum
440 180 490 207 ex
520 166 573 207 iis
605 166 867 207 mercedibus
900 166 1215 221 suppeditemus
1243 167 1293 223 ei,
1324 167 1437 221 quod
1464 182 1569 221 opus

232 225 300 266 sit.
361 224 593 266 Praestabo
632 239 707 266 nec
745 225 948 266 Bibulum
982 239 1058 266 nec
1089 225 1316 266 Acidinum
1352 240 1429 267 nec
1459 226 1570 267 Mes-

233 284 399 338 sallam,
438 298 544 337 quos
575 282 756 324 Athenis
787 284 955 325 futuros
989 283 1125 338 audio,
1161 285 1341 326 maiores
1375 288 1569 338 sumptus

229 343 439 396 facturos,
489 357 616 396 quam
665 342 778 396 quod
827 357 877 383 ex
922 343 981 383 eis
1024 343 1287 384 mercedibus
1331 343 1568 397 recipietur.

230 400 383 455 Itaque
419 401 546 442 velim
584 401 744 456 videas,
781 401 967 455 primum
998 401 1272 443 conductores
1306 402 1380 456 qui
1411 402 1496 443 sint
1528 405 1570 443 et
1606 418 1622 444 5

233 460 395 515 quanti,
426 460 574 500 deinde
604 462 652 500 ut
685 460 752 513 sit,
785 460 857 514 qui
890 460 942 501 ad
973 460 1084 500 diem
1112 460 1260 515 solvat,
1293 463 1334 501 et
1360 460 1462 514 quid
1486 461 1570 502 via-

231 519 304 560 tici
313 553 324 573 ,
366 518 467 572 quid
497 519 772 559 instrumenti
804 519 907 559 satis
941 519 1008 560 sit.
1069 517 1265 560 Iumento
1298 522 1408 560 certe
1440 518 1570 560 Athe-

230 578 298 619 nis
327 577 436 618 nihil
468 591 586 631 opus·
606 579 679 618 est.
732 576 893 626 Quibus
926 580 1068 618 autem
1099 577 1144 618 in
1174 578 1241 618 via
1267 580 1424 632 utatur,
1456 578 1570 618 domi

234 639 333 678 sunt
370 636 510 690 plura,
548 650 675 689 quam
715 650 820 689 opus
855 639 960 691 erat,
1003 636 1116 690 quod
1147 636 1275 677 etiam
1307 640 1355 677 tu
1387 636 1569 677 animad-

232 695 374 737 vertis.
1590 712 1623 735 10

806 787 1000 828 XXXIII.

497 867 572 903 Sor.
593 868 751 902 Asturae
783 868 864 902 VH
885 868 932 902 K.
953 869 1044 912 Apr.
1067 880 1098 902 α.
1123 871 1193 903 709
1221 871 1310 912 (45).

635 950 826 984 CICERO
850 950 1042 985 ATTICO
1066 950 1174 985 SAL.

322 1023 434 1078 Ego,
475 1025 523 1063 ut
563 1022 655 1062 heri
688 1022 738 1062 ad
770 1025 811 1063 te
845 1023 1012 1076 scripsi,
1057 1023 1093 1063 si
1126 1025 1166 1063 et
1199 1021 1329 1063 Silius
1361 1023 1397 1064 is
1430 1022 1569 1077 fuerit,

234 1097 359 1137 quem
390 1084 438 1122 tu
469 1083 607 1135 putas,
638 1095 713 1121 nec
746 1080 911 1121 Drusus
941 1081 1107 1122 facilem
1132 1095 1175 1122 se
1202 1081 1455 1135 praebuerit,
1486 1080 1569 1122 Da-
1589 1097 1622 1123 15

232 1141 474 1194 masippum
518 1139 645 1180 velim
689 1139 943 1193 adgrediare.
1011 1138 1066 1194 Is,
1112 1140 1279 1193 opinor,
1323 1140 1384 1180 ita
1427 1142 1568 1193 partes

231 1200 330 1241 fecit
374 1199 418 1239 in
462 1198 554 1251 ripa
596 1198 738 1238 nescio
784 1200 1066 1251 quotenorum
1109 1198 1320 1252 iugerum,
1365 1200 1413 1238 ut
1457 1201 1570 1239 certa

233 1258 370 1312 pretia
401 1257 696 1309 constitueret3
729 1270 834 1309 quae
860 1256 965 1296 mihi
996 1259 1098 1297 nota
1129 1270 1216 1297 non
1242 1259 1351 1297 sunt.
1404 1255 1570 1297 Scribes

234 1317 285 1358 ad
316 1330 383 1356 me
414 1316 559 1370 igitur,
591 1314 791 1368 quicquid
823 1315 969 1368 egeris.

321 1374 605 1415 Vehementer
635 1387 702 1414 me
735 1373 936 1413 sollicitat
963 1373 1129 1414 Atticae
1160 1376 1331 1414 nostrae
1359 1373 1569 1429 valetudo,
1589 1391 1623 1415 20

234 1437 280 1475 ut
312 1447 457 1474 verear
489 1432 628 1486 etiam,
660 1446 711 1473 ne
745 1446 850 1485 quae
882 1431 1005 1485 culpa
1032 1432 1098 1472 sit.
1150 1431 1231 1472 Sed
1262 1435 1303 1473 et
1335 1433 1569 1488 paedagogi

231 1492 425 1548 probitas
466 1494 508 1532 et
549 1490 699 1531 medici
737 1490 969 1531 adsiduitas
1001 1493 1042 1531 et
1074 1492 1165 1531 tota
1197 1490 1344 1532 domus
1376 1491 1420 1531 in
1453 1491 1569 1532 omm'

233 1565 384 1606 genere
430 1550 609 1603 diligens
653 1563 720 1589 me
762 1563 909 1589 rursus
946 1549 988 1589 id
1028 1549 1232 1603 suspicari
1269 1552 1394 1590 vetat.
1458 1548 1569 1591 Cura

232 1611 384 1665 igitur3
416 1609 538 1662 plura
571 1608 682 1648 enim
713 1622 801 1648 non
832 1622 1016 1661 possum.

802 1747 993 1789 XXXIV.

503 1828 577 1864 Ser.
598 1829 755 1863 Asturae
780 1829 854 1862 III
875 1829 921 1862 K.
943 1828 1032 1872 Apr.
1055 1840 1087 1863 α,
1111 1832 1182 1864 709
1209 1831 1296 1872 (45).

635 1910 824 1945 CICERO
848 1909 1041 1944 ATTICO
1066 1910 1173 1945 SAL.

321 1983 416 2037 Ego
454 1982 523 2024 hic
560 1982 627 2023 vel
665 1982 754 2023 sine
795 1981 912 2023 Sicca
945 1980 1109 2037 (Tironi
1148 1982 1258 2023 enim
1295 1981 1445 2023 melius
1484 1981 1567 2038 est)

232 2042 434 2083 facillime
466 2055 635 2095 possem
667 2055 758 2081 esse
789 2043 836 2080 ut
868 2040 914 2080 in
943 2041 1086 2096 malis,
1125 2041 1208 2096 sed,
1246 2055 1376 2094 quom
1408 2040 1566 2081 scribas

232 2100 458 2141 videndum
489 2099 595 2140 mihi
626 2113 734 2153 esse,
771 2112 824 2139 ne
855 2099 1088 2154 opprimar,
1126 2113 1175 2139 ex
1208 2113 1290 2152 quo
1323 2099 1567 2154 intellegam
1587 2116 1621 2141 30

233 2161 275 2199 te
306 2161 467 2199 certum
500 2159 605 2198 diem
640 2158 754 2198 illius
786 2157 1062 2210 profectionis
1094 2172 1179 2198 non
1210 2157 1382 2211 habere⁷
1420 2157 1567 2211 putavi

234 2231 324 2257 esse
356 2217 614 2257 commodius
646 2231 712 2256 me
737 2216 847 2256 istuc
872 2216 1033 2270 venire3
1066 2216 1177 2269 quod
1204 2215 1315 2257 idem
1339 2215 1459 2256 video
1486 2215 1567 2256 tibi

233 2274 407 2328 plaeere.
458 2273 560 2315 Cras
593 2275 724 2329 igitur
753 2274 797 2314 in
824 2273 965 2315 Siccae
992 2274 1246 2315 suburbano.
1297 2274 1408 2327 Inde,
1441 2288 1565 2328 quem
