1665 2553
260 91 600 126 EPISTULARUM
625 92 690 126 AD
716 91 931 127 ATTICUM
956 92 1040 126 XIII
1068 95 1214 127 12—16.
1348 92 1433 133 403

189 187 340 228 Brinni
365 187 557 243 libertus,
582 187 753 229 coheres
778 190 935 242 noster,
955 187 1125 241 scripsit
1150 187 1202 227 ad
1227 202 1293 228 me
1318 187 1437 241 velle,

103 247 137 288 si
175 246 281 287 mihi
317 246 518 300 placeret,
564 246 804 301 coheredes,
845 261 887 288 se
925 248 967 287 et
1008 244 1211 286 Sabinum
1248 245 1434 299 Albium,

103 305 153 346 ad
184 319 250 346 me
275 305 427 345 venire.
478 305 526 345 ld
552 319 630 359 ego
658 305 781 359 plane
805 305 915 346 nolo.
965 303 1189 346 Hereditas
1216 304 1325 345 tanti
1349 319 1436 345 11011

103 367 177 405 est.
245 363 303 404 Et
341 366 483 404 tamen
521 363 638 404 obire
676 364 883 404 auctionis
921 363 1030 404 diem
1072 363 1193 404 facile
1234 365 1435 417 poterunt

66 421 187 477 ⁵(est
234 422 345 462 enim
392 434 443 462 111
488 420 627 477 Idus),
672 423 708 463 si
754 437 820 463 me
863 422 908 462 in
950 421 1187 462 Tusculano
1231 421 1435 475 postridie

102 480 248 522 Nonas
286 495 408 521 mane
446 480 728 521 convenerint.
791 480 949 529 Quodsi
986 480 1124 522 laxius
1161 480 1305 521 volent
1341 494 1435 533 pro-

102 540 210 580 ferre
249 539 374 592 diem,
412 542 613 592 poterunt
644 539 711 579 vel
742 539 917 580 biduum
948 539 1015 580 vel
1046 539 1254 594 triduum,
1290 539 1357 579 vel
1388 541 1435 579 ut

102 598 331 652 videbitur,
375 597 483 638 nihil
521 598 631 638 enim
674 598 860 639 interest.
917 597 1070 652 Quare,
1106 598 1188 638 nisi
1226 598 1311 638 iam
1342 611 1436 650 pro-

102 657 200 697 fecti
227 659 337 709 sunt,
369 656 571 697 retinebis
597 656 799 697 homines.
850 656 913 698 De
938 656 1084 711 Bruto,
1111 657 1146 696 si
1173 656 1274 710 quid
1299 656 1437 711 egerit,

51 732 83 756 ιο
102 715 150 756 de
177 714 366 770 Caesare,
392 715 427 755 si
454 715 555 769 quid
581 715 699 770 scies,
725 716 760 756 si
788 715 891 769 quid
917 716 996 756 erit
1021 718 1248 770 praeterea,
1267 714 1434 756 scribes.

648 831 762 886 XIV,
794 831 883 873 XV.

330 912 403 946 Sor.
425 913 465 946 in
490 913 668 955 Arpinati
698 913 732 946 V
754 913 801 947 K.
826 912 946 957 Quint.
969 924 1001 947 α.
1024 916 1095 947 709
1123 915 1212 956 (45).

498 994 689 1029 CICERO
714 994 905 1029 ATTICO
930 994 1039 1028 SAL.

189 1065 299 1106 Illud
330 1065 458 1106 etiam
482 1069 608 1119 atque
634 1066 761 1106 etiam
786 1066 1024 1107 consideres
1050 1065 1187 1119 velim,
1219 1066 1435 1119 placeatne

49 1142 82 1167 15
102 1125 182 1165 tibi
213 1124 329 1164 mitti
361 1124 413 1164 ad
444 1123 692 1179 Varronem,
718 1125 830 1178 quod
862 1125 1117 1178 scripsimus.
1180 1124 1276 1164 Etsi
1309 1125 1436 1164 etiam

103 1183 155 1224 ad
192 1185 233 1223 te
271 1182 433 1236 aliquid
470 1183 663 1236 pertinet.
725 1182 837 1223 Nam
876 1184 981 1224 scito
1019 1186 1060 1224 te
1099 1183 1135 1223 ei
1168 1182 1335 1236 dialogo
1369 1182 1435 1223 ad-

101 1243 293 1283 iunctum
338 1256 427 1282 esse
469 1242 654 1282 tertium.
717 1240 878 1295 Opinoi·
921 1242 1071 1296 igitur,
1112 1241 1433 1282 consideremus.

102 1301 199 1342 Etsi
230 1300 401 1340 nomina
433 1300 517 1341 iam
549 1301 659 1341 facta
685 1304 800 1354 sunt3
834 1300 905 1341 sed
929 1300 997 1341 vel
1023 1300 1161 1341 induci
1188 1300 1255 1341 vel
1279 1300 1435 1340 mutari

102 1361 291 1414 possunt.

50 1436 83 1460 20
191 1416 298 1465 Quid
329 1417 429 1471 agit,
462 1417 633 1458 obsecro
665 1420 718 1471 te,
749 1416 893 1458 Attica
922 1417 1097 1458 nostra?
1147 1416 1259 1457 Nam
1289 1417 1431 1458 triduo

104 1476 177 1517 abs
221 1478 263 1516 te
305 1475 444 1516 nullas
489 1490 742 1530 acceperam,
797 1491 872 1517 nec
911 1477 1075 1516 mirum.
1143 1475 1280 1516 Nemo
1325 1476 1436 1516 enim

103 1536 286 1588 venerat,
317 1547 393 1574 nec
424 1534 604 1574 fortasse
637 1548 761 1574 causa
792 1535 939 1575 fuerat.
1000 1534 1149 1588 Itaque
1182 1534 1284 1587 ipse,
1325 1534 1437 1587 quod

106 1593 340 1642 scriberem,
373 1606 458 1632 non
489 1591 707 1632 habebam.
765 1591 855 1640 Quo
888 1596 1028 1633 autem
1060 1593 1125 1632 die
1155 1592 1231 1633 has
1264 1592 1434 1633 Valerio

104 1652 265 1706 dabam,
297 1651 590 1704 exspectabam
624 1650 807 1704 aliquem
836 1665 1036 1691 meorum.
1088 1650 1166 1699 Qui
1193 1651 1227 1691 si
1253 1651 1436 1691 venisset

52 1727 84 1752 25
105 1714 145 1751 et
178 1725 201 1751 a
232 1713 273 1750 te
306 1709 408 1763 quid
439 1708 666 1764 attulisset,
697 1709 890 1749 videbam
920 1724 1006 1750 11011
1038 1709 1293 1763 defuturum,
1326 1709 1436 1762 quod

107 1769 340 1810 scriberem.

322 1929 395 1964 Sor.
416 1930 456 1963 in
482 1930 659 1973 Arpinati
682 1929 746 1962 IV
768 1929 816 1962 K.
841 1928 961 1972 Quivit.
983 1940 1015 1962 a.
1038 1931 1108 1963 709
1136 1931 1224 1972 (45).

508 1999 696 2033 CICERO
720 1998 911 2033 ATTICO
936 1999 1043 2033 SAL.

54 2078 88 2102 30
196 2058 298 2113 Nos,
330 2074 423 2100 cum
454 2059 629 2100 fiumina
661 2062 702 2100 et
734 2059 1005 2100 solitudinem
1037 2073 1322 2113 sequeremur,
1354 2072 1436 2112 quo

108 2118 273 2158 facilius
307 2121 543 2158 sustentare
574 2132 651 2158 nos
684 2132 914 2172 possemus,
946 2117 1092 2171 pedem
1124 2132 1145 2157 e
1177 2117 1278 2157 villa
1304 2116 1438 2157 adhuc

110 2176 267 2231 egressi
306 2190 392 2216 non
436 2191 599 2230 sumus,
642 2177 703 2216 ita
747 2190 922 2230 magnos
968 2178 1008 2216 et
1046 2175 1242 2216 adsiduos
1281 2175 1437 2215 imbres

107 2234 377 2275 habebamus.
446 2234 570 2274 Illam
613 2233 902 2288 Ἀκαόημικὴν
948 2234 1154 2283 σύνταξιν
1202 2236 1337 2274 totam
1387 2233 1439 2274 ad

110 2293 344 2334 Varronem
391 2293 664 2333 traduximus.
738 2292 879 2332 Primo
927 2292 1008 2332 fuit
1055 2291 1213 2345 Catuli,
1260 2292 1439 2347 Luculli,

1160 2360 1228 2395 26*

1462 200 1483 229 4
1504 199 1587 230 (XIV
1608 199 1633 231 l)

1461 666 1545 697 (XIV
1565 666 1592 697 2)

1459 1426 1478 1456 ἱ)
1507 1427 1575 1457 (XV
1597 1429 1620 1455 Ξ)
