<?xml version="1.0" encoding="UTF-8"?>
<!DOCTYPE html PUBLIC "-//W3C//DTD XHTML 1.0 Transitional//EN"
    "http://www.w3.org/TR/xhtml1/DTD/xhtml1-transitional.dtd">
<html xmlns="http://www.w3.org/1999/xhtml" xml:lang="en" lang="en">
 <head>
  <title>
</title>
<meta http-equiv="Content-Type" content="text/html;charset=utf-8" />
  <meta name='ocr-system' content='tesseract 3.04.00' />
  <meta name='ocr-capabilities' content='ocr_page ocr_carea ocr_par ocr_line ocrx_word'/>
</head>
<body>
  <div class='ocr_page' id='page_1' title='image "./p2scriptaquaemanse03ciceuoft_0611.png"; bbox 0 0 1665 2553; ppageno 0'>
   <div class='ocr_carea' id='block_1_1' title="bbox 322 146 1466 190">
    <p class='ocr_par' dir='ltr' id='par_1_1' title="bbox 322 146 1466 190">
     <span class='ocr_line' id='line_1_1' title="bbox 322 146 1466 190; baseline 0.007 -10"><span class='ocrx_word' id='word_1_1' title='bbox 322 146 664 182; x_wconf 80' lang='lat' dir='ltr'>EPISTULARUM</span> <span class='ocrx_word' id='word_1_2' title='bbox 689 147 753 181; x_wconf 90' lang='lat' dir='ltr'>AD</span> <span class='ocrx_word' id='word_1_3' title='bbox 779 146 995 182; x_wconf 88' lang='lat' dir='ltr'><strong><em>ATTICUM</em></strong></span> <span class='ocrx_word' id='word_1_4' title='bbox 1018 147 1103 181; x_wconf 76' lang='lat' dir='ltr'>XIII</span> <span class='ocrx_word' id='word_1_5' title='bbox 1129 151 1278 183; x_wconf 85' lang='lat'><strong>33—36.</strong></span> <span class='ocrx_word' id='word_1_6' title='bbox 1381 148 1466 190; x_wconf 79' lang='grc'>421</span> 
     </span>
    </p>
   </div>
   <div class='ocr_carea' id='block_1_2' title="bbox 77 241 1578 531">
    <p class='ocr_par' dir='ltr' id='par_1_2' title="bbox 77 241 1578 531">
     <span class='ocr_line' id='line_1_2' title="bbox 131 241 1469 297; baseline 0.002 -15"><span class='ocrx_word' id='word_1_7' title='bbox 131 244 205 282; x_wconf 85' lang='lat' dir='ltr'>aut</span> <span class='ocrx_word' id='word_1_8' title='bbox 241 241 383 283; x_wconf 91' lang='lat' dir='ltr'>triduo</span> <span class='ocrx_word' id='word_1_9' title='bbox 421 245 521 297; x_wconf 88' lang='lat' dir='ltr'>post</span> <span class='ocrx_word' id='word_1_10' title='bbox 562 242 684 284; x_wconf 85' lang='lat' dir='ltr'>facile</span> <span class='ocrx_word' id='word_1_11' title='bbox 716 245 876 297; x_wconf 87' lang='lat' dir='ltr'>potero.</span> <span class='ocrx_word' id='word_1_12' title='bbox 938 242 996 284; x_wconf 90' lang='lat' dir='ltr'>Te</span> <span class='ocrx_word' id='word_1_13' title='bbox 1028 246 1170 284; x_wconf 86' lang='lat' dir='ltr'>tamen</span> <span class='ocrx_word' id='word_1_14' title='bbox 1201 243 1246 284; x_wconf 90' lang='lat' dir='ltr'>in</span> <span class='ocrx_word' id='word_1_15' title='bbox 1276 244 1344 285; x_wconf 86' lang='lat' dir='ltr'>via</span> <span class='ocrx_word' id='word_1_16' title='bbox 1375 259 1469 286; x_wconf 90' lang='lat' dir='ltr'>con-</span> 
     </span>
     <span class='ocr_line' id='line_1_3' title="bbox 130 300 1578 356; baseline 0.003 -15"><span class='ocrx_word' id='word_1_17' title='bbox 130 300 199 341; x_wconf 84' lang='lat' dir='ltr'>fici</span> <span class='ocrx_word' id='word_1_18' title='bbox 234 300 409 342; x_wconf 91' lang='lat' dir='ltr'>minime</span> <span class='ocrx_word' id='word_1_19' title='bbox 444 302 564 355; x_wconf 77' lang='lat' dir='ltr'>volo3</span> <span class='ocrx_word' id='word_1_20' title='bbox 608 302 711 356; x_wconf 86' lang='lat' dir='ltr'>quin</span> <span class='ocrx_word' id='word_1_21' title='bbox 751 302 880 342; x_wconf 89' lang='lat' dir='ltr'>etiam</span> <span class='ocrx_word' id='word_1_22' title='bbox 909 301 1118 355; x_wconf 86' lang='lat' dir='ltr'>Dionysio</span> <span class='ocrx_word' id='word_1_23' title='bbox 1156 302 1341 356; x_wconf 81' lang='lat' dir='ltr'>ignosco.</span> <span class='ocrx_word' id='word_1_24' title='bbox 1403 302 1467 344; x_wconf 92' lang='lat' dir='ltr'>De</span> <span class='ocrx_word' id='word_1_25' title='bbox 1493 314 1512 343; x_wconf 82' lang='lat'>2</span> <span class='ocrx_word' id='word_1_26' title='bbox 1537 314 1578 346; x_wconf 82' lang='lat'>(5)</span> 
     </span>
     <span class='ocr_line' id='line_1_4' title="bbox 130 358 1470 415; baseline 0.002 -16"><span class='ocrx_word' id='word_1_27' title='bbox 130 358 266 400; x_wconf 89' lang='lat' dir='ltr'>Bruto</span> <span class='ocrx_word' id='word_1_28' title='bbox 300 360 412 413; x_wconf 90' lang='lat' dir='ltr'>quod</span> <span class='ocrx_word' id='word_1_29' title='bbox 443 360 607 415; x_wconf 82' lang='lat' dir='ltr'>scribis,</span> <span class='ocrx_word' id='word_1_30' title='bbox 637 360 731 415; x_wconf 84' lang='lat' dir='ltr'>feci,</span> <span class='ocrx_word' id='word_1_31' title='bbox 762 363 810 401; x_wconf 90' lang='lat' dir='ltr'>ut</span> <span class='ocrx_word' id='word_1_32' title='bbox 842 360 879 402; x_wconf 90' lang='lat' dir='ltr'>ei</span> <span class='ocrx_word' id='word_1_33' title='bbox 911 360 1093 402; x_wconf 86' lang='lat' dir='ltr'>liberum</span> <span class='ocrx_word' id='word_1_34' title='bbox 1119 363 1241 415; x_wconf 78' lang='lat' dir='ltr'>esset,</span> <span class='ocrx_word' id='word_1_35' title='bbox 1273 361 1386 415; x_wconf 88' lang='lat' dir='ltr'>quod</span> <span class='ocrx_word' id='word_1_36' title='bbox 1418 362 1470 402; x_wconf 84' lang='lat' dir='ltr'>ad</span> 
     </span>
     <span class='ocr_line' id='line_1_5' title="bbox 131 417 1469 472; baseline 0.002 -13"><span class='ocrx_word' id='word_1_37' title='bbox 131 432 197 458; x_wconf 91' lang='lat' dir='ltr'>me</span> <span class='ocrx_word' id='word_1_38' title='bbox 236 418 445 459; x_wconf 84' lang='lat' dir='ltr'>attineret.</span> <span class='ocrx_word' id='word_1_39' title='bbox 509 417 668 472; x_wconf 83' lang='lat' dir='ltr'>Scripsi</span> <span class='ocrx_word' id='word_1_40' title='bbox 706 419 818 459; x_wconf 91' lang='lat' dir='ltr'>enim</span> <span class='ocrx_word' id='word_1_41' title='bbox 858 419 909 460; x_wconf 87' lang='lat' dir='ltr'>ad</span> <span class='ocrx_word' id='word_1_42' title='bbox 947 434 1042 460; x_wconf 88' lang='lat' dir='ltr'>eum</span> <span class='ocrx_word' id='word_1_43' title='bbox 1078 419 1171 461; x_wconf 88' lang='lat' dir='ltr'>heri</span> <span class='ocrx_word' id='word_1_44' title='bbox 1200 419 1346 462; x_wconf 86' lang='lat' dir='ltr'>Idibus</span> <span class='ocrx_word' id='word_1_45' title='bbox 1379 420 1469 462; x_wconf 91' lang='lat' dir='ltr'>eius</span> 
     </span>
     <span class='ocr_line' id='line_1_6' title="bbox 77 477 803 531; baseline 0 -13"><span class='ocrx_word' id='word_1_46' title='bbox 77 493 93 518; x_wconf 89' lang='lat'>5</span> <span class='ocrx_word' id='word_1_47' title='bbox 132 490 259 530; x_wconf 83' lang='lat' dir='ltr'>opera</span> <span class='ocrx_word' id='word_1_48' title='bbox 289 477 394 518; x_wconf 82' lang='lat' dir='ltr'>mihi</span> <span class='ocrx_word' id='word_1_49' title='bbox 424 477 535 518; x_wconf 83' lang='lat' dir='ltr'>nihil</span> <span class='ocrx_word' id='word_1_50' title='bbox 566 492 672 531; x_wconf 90' lang='lat' dir='ltr'>opus</span> <span class='ocrx_word' id='word_1_51' title='bbox 704 492 803 518; x_wconf 91' lang='lat' dir='ltr'>esse.</span> 
     </span>
    </p>
   </div>
   <div class='ocr_carea' id='block_1_3' title="bbox 400 605 1198 803">
    <p class='ocr_par' dir='ltr' id='par_1_3' title="bbox 400 605 1198 803">
     <span class='ocr_line' id='line_1_7' title="bbox 704 605 899 647; baseline 0.005 -1"><span class='ocrx_word' id='word_1_52' title='bbox 704 605 899 647; x_wconf 69' lang='lat' dir='ltr'>XXXIV.</span> 
     </span>
     <span class='ocr_line' id='line_1_8' title="bbox 400 685 1198 731; baseline 0 -10"><span class='ocrx_word' id='word_1_53' title='bbox 400 686 475 721; x_wconf 80' lang='lat' dir='ltr'>Ser.</span> <span class='ocrx_word' id='word_1_54' title='bbox 496 685 656 721; x_wconf 70' lang='lat' dir='ltr'>Asturae</span> <span class='ocrx_word' id='word_1_55' title='bbox 687 687 747 721; x_wconf 91' lang='lat' dir='ltr'>VI</span> <span class='ocrx_word' id='word_1_56' title='bbox 768 687 816 720; x_wconf 87' lang='lat' dir='ltr'>K.</span> <span class='ocrx_word' id='word_1_57' title='bbox 838 686 932 721; x_wconf 75' lang='lat' dir='ltr'>Seaet.</span> <span class='ocrx_word' id='word_1_58' title='bbox 953 698 986 720; x_wconf 81' lang='grc' dir='ltr'>α.</span> <span class='ocrx_word' id='word_1_59' title='bbox 1010 690 1081 722; x_wconf 83' lang='lat'>709</span> <span class='ocrx_word' id='word_1_60' title='bbox 1108 689 1198 731; x_wconf 73' lang='lat'><em>(45).</em></span> 
     </span>
     <span class='ocr_line' id='line_1_9' title="bbox 534 767 1074 803; baseline 0.002 -1"><span class='ocrx_word' id='word_1_61' title='bbox 534 767 725 802; x_wconf 84' lang='lat' dir='ltr'><strong><em>CICERO</em></strong></span> <span class='ocrx_word' id='word_1_62' title='bbox 750 767 942 802; x_wconf 82' lang='lat' dir='ltr'><strong><em>ATTICO</em></strong></span> <span class='ocrx_word' id='word_1_63' title='bbox 967 768 1074 803; x_wconf 88' lang='lat' dir='ltr'><strong><em>SAL.</em></strong></span> 
     </span>
    </p>
   </div>
   <div class='ocr_carea' id='block_1_4' title="bbox 77 838 1523 1189">
    <p class='ocr_par' dir='ltr' id='par_1_4' title="bbox 77 838 1523 1189">
     <span class='ocr_line' id='line_1_10' title="bbox 217 838 1471 893; baseline 0.002 -13"><span class='ocrx_word' id='word_1_64' title='bbox 217 838 424 881; x_wconf 83' lang='lat' dir='ltr'>Asturam</span> <span class='ocrx_word' id='word_1_65' title='bbox 459 840 556 881; x_wconf 85' lang='lat' dir='ltr'>veni</span> <span class='ocrx_word' id='word_1_66' title='bbox 587 852 669 881; x_wconf 86' lang='lat' dir='ltr'>VIII</span> <span class='ocrx_word' id='word_1_67' title='bbox 700 840 792 881; x_wconf 85' lang='lat' dir='ltr'>Kal.</span> <span class='ocrx_word' id='word_1_68' title='bbox 826 841 989 893; x_wconf 71' lang='lat' dir='ltr'>vesperi.</span> <span class='ocrx_word' id='word_1_69' title='bbox 1051 840 1228 882; x_wconf 85' lang='lat' dir='ltr'>Vitandi</span> <span class='ocrx_word' id='word_1_70' title='bbox 1265 841 1376 882; x_wconf 88' lang='lat' dir='ltr'>enim</span> <span class='ocrx_word' id='word_1_71' title='bbox 1408 855 1471 882; x_wconf 87' lang='lat' dir='ltr'>ea-</span> 
     </span>
     <span class='ocr_line' id='line_1_11' title="bbox 77 897 1471 955; baseline 0 -15"><span class='ocrx_word' id='word_1_72' title='bbox 77 916 111 940; x_wconf 92' lang='lat'>10</span> <span class='ocrx_word' id='word_1_73' title='bbox 129 898 233 939; x_wconf 90' lang='lat' dir='ltr'>loris</span> <span class='ocrx_word' id='word_1_74' title='bbox 267 913 392 939; x_wconf 86' lang='lat' dir='ltr'>causa</span> <span class='ocrx_word' id='word_1_75' title='bbox 423 897 588 940; x_wconf 73' lang='lat' dir='ltr'>Lanuvi</span> <span class='ocrx_word' id='word_1_76' title='bbox 619 899 698 939; x_wconf 89' lang='lat' dir='ltr'>tris</span> <span class='ocrx_word' id='word_1_77' title='bbox 730 898 857 940; x_wconf 87' lang='lat' dir='ltr'>horas</span> <span class='ocrx_word' id='word_1_78' title='bbox 892 899 1192 953; x_wconf 84' lang='lat' dir='ltr'>acquieveram.</span> <span class='ocrx_word' id='word_1_79' title='bbox 1242 899 1307 940; x_wconf 89' lang='lat' dir='ltr'>Tu</span> <span class='ocrx_word' id='word_1_80' title='bbox 1331 899 1471 955; x_wconf 81' lang='lat' dir='ltr'>velim,</span> 
     </span>
     <span class='ocr_line' id='line_1_12' title="bbox 131 957 1471 1011; baseline 0.001 -13"><span class='ocrx_word' id='word_1_81' title='bbox 131 957 167 998; x_wconf 89' lang='lat' dir='ltr'>si</span> <span class='ocrx_word' id='word_1_82' title='bbox 206 971 334 1011; x_wconf 84' lang='lat' dir='ltr'>grave</span> <span class='ocrx_word' id='word_1_83' title='bbox 370 971 457 998; x_wconf 89' lang='lat' dir='ltr'>non</span> <span class='ocrx_word' id='word_1_84' title='bbox 496 957 593 1011; x_wconf 85' lang='lat' dir='ltr'>erit,</span> <span class='ocrx_word' id='word_1_85' title='bbox 632 957 806 1011; x_wconf 75' lang='lat' dir='ltr'>efficias,</span> <span class='ocrx_word' id='word_1_86' title='bbox 843 972 895 999; x_wconf 91' lang='lat' dir='ltr'>ne</span> <span class='ocrx_word' id='word_1_87' title='bbox 928 960 1024 998; x_wconf 88' lang='lat' dir='ltr'>ante</span> <span class='ocrx_word' id='word_1_88' title='bbox 1055 957 1201 999; x_wconf 84' lang='lat' dir='ltr'>Nonas</span> <span class='ocrx_word' id='word_1_89' title='bbox 1232 958 1338 998; x_wconf 81' lang='lat' dir='ltr'>mihi</span> <span class='ocrx_word' id='word_1_90' title='bbox 1369 959 1471 999; x_wconf 92' lang='grc'><strong>111116</strong></span> 
     </span>
     <span class='ocr_line' id='line_1_13' title="bbox 129 1014 1523 1073; baseline 0.001 -17"><span class='ocrx_word' id='word_1_91' title='bbox 129 1015 382 1056; x_wconf 86' lang='lat' dir='ltr'>veniendum</span> <span class='ocrx_word' id='word_1_92' title='bbox 433 1016 489 1056; x_wconf 87' lang='lat' dir='ltr'>sit</span> <span class='ocrx_word' id='word_1_93' title='bbox 540 1014 602 1072; x_wconf 82' lang='lat' dir='ltr'>(id</span> <span class='ocrx_word' id='word_1_94' title='bbox 645 1019 767 1070; x_wconf 89' lang='lat' dir='ltr'>potes</span> <span class='ocrx_word' id='word_1_95' title='bbox 811 1031 885 1070; x_wconf 90' lang='lat' dir='ltr'>per</span> <span class='ocrx_word' id='word_1_96' title='bbox 928 1016 1163 1070; x_wconf 82' lang='lat' dir='ltr'>Egnatium</span> <span class='ocrx_word' id='word_1_97' title='bbox 1205 1015 1470 1073; x_wconf 76' lang='lat' dir='ltr'>Maximum),</span> <span class='ocrx_word' id='word_1_98' title='bbox 1516 1032 1523 1036; x_wconf 80' lang='grc'><em>·</em></span> 
     </span>
     <span class='ocr_line' id='line_1_14' title="bbox 130 1074 1469 1129; baseline 0.001 -15"><span class='ocrx_word' id='word_1_99' title='bbox 130 1074 236 1115; x_wconf 88' lang='lat' dir='ltr'>illud</span> <span class='ocrx_word' id='word_1_100' title='bbox 272 1075 317 1114; x_wconf 90' lang='lat' dir='ltr'>in</span> <span class='ocrx_word' id='word_1_101' title='bbox 360 1074 528 1128; x_wconf 75' lang='lat' dir='ltr'>primis,</span> <span class='ocrx_word' id='word_1_102' title='bbox 573 1089 668 1116; x_wconf 93' lang='lat' dir='ltr'>cum</span> <span class='ocrx_word' id='word_1_103' title='bbox 704 1074 889 1116; x_wconf 88' lang='lat' dir='ltr'>Publilio</span> <span class='ocrx_word' id='word_1_104' title='bbox 934 1090 1000 1116; x_wconf 90' lang='lat' dir='ltr'>me</span> <span class='ocrx_word' id='word_1_105' title='bbox 1047 1078 1220 1129; x_wconf 78' lang='lat' dir='ltr'>apsente</span> <span class='ocrx_word' id='word_1_106' title='bbox 1261 1076 1469 1117; x_wconf 88' lang='lat' dir='ltr'>conficias.</span> 
     </span>
     <span class='ocr_line' id='line_1_15' title="bbox 129 1132 894 1189; baseline 0.001 -16"><span class='ocrx_word' id='word_1_107' title='bbox 129 1132 194 1173; x_wconf 93' lang='lat' dir='ltr'>De</span> <span class='ocrx_word' id='word_1_108' title='bbox 226 1147 309 1187; x_wconf 92' lang='lat' dir='ltr'>quo</span> <span class='ocrx_word' id='word_1_109' title='bbox 343 1147 449 1187; x_wconf 86' lang='lat' dir='ltr'>quae</span> <span class='ocrx_word' id='word_1_110' title='bbox 480 1133 593 1174; x_wconf 85' lang='lat' dir='ltr'>fama</span> <span class='ocrx_word' id='word_1_111' title='bbox 625 1134 694 1189; x_wconf 78' lang='lat' dir='ltr'>sit,</span> <span class='ocrx_word' id='word_1_112' title='bbox 725 1134 894 1174; x_wconf 85' lang='lat' dir='ltr'>scribes.</span> 
     </span>
    </p>
   </div>
   <div class='ocr_carea' id='block_1_5' title="bbox 77 1213 1018 1271">
    <p class='ocr_par' dir='ltr' id='par_1_5' title="bbox 77 1213 1018 1271">
     <span class='ocr_line' id='line_1_16' title="bbox 77 1213 1018 1271; baseline -0.001 -15"><span class='ocrx_word' id='word_1_113' title='bbox 77 1231 110 1257; x_wconf 91' lang='lat'>15</span> <span class='ocrx_word' id='word_1_114' title='bbox 219 1213 298 1255; x_wconf 72' lang='lat' dir='ltr'>eId</span> <span class='ocrx_word' id='word_1_115' title='bbox 336 1215 557 1268; x_wconf 90' lang='lat' dir='ltr'>populus</span> <span class='ocrx_word' id='word_1_116' title='bbox 596 1217 741 1271; x_wconf 79' lang='lat' dir='ltr'>curat</span> <span class='ocrx_word' id='word_1_117' title='bbox 779 1214 1018 1256; x_wconf 76' lang='lat' dir='ltr'>scilicetl&#39;</span> 
     </span>
    </p>
   </div>
   <div class='ocr_carea' id='block_1_6' title="bbox 129 1307 1472 1525">
    <p class='ocr_par' dir='ltr' id='par_1_6' title="bbox 129 1307 1472 1525">
     <span class='ocr_line' id='line_1_17' title="bbox 130 1307 1472 1362; baseline 0.001 -13"><span class='ocrx_word' id='word_1_118' title='bbox 130 1307 231 1350; x_wconf 90' lang='lat' dir='ltr'>Non</span> <span class='ocrx_word' id='word_1_119' title='bbox 267 1308 504 1349; x_wconf 81' lang='lat' dir='ltr'>mehercule</span> <span class='ocrx_word' id='word_1_120' title='bbox 543 1308 746 1362; x_wconf 80' lang='lat' dir='ltr'>arbitr0r3</span> <span class='ocrx_word' id='word_1_121' title='bbox 792 1308 949 1349; x_wconf 89' lang='lat' dir='ltr'>etenim</span> <span class='ocrx_word' id='word_1_122' title='bbox 986 1307 1088 1349; x_wconf 88' lang='lat' dir='ltr'>haec</span> <span class='ocrx_word' id='word_1_123' title='bbox 1129 1309 1350 1350; x_wconf 83' lang='lat' dir='ltr'>decantata</span> <span class='ocrx_word' id='word_1_124' title='bbox 1381 1312 1472 1350; x_wconf 86' lang='lat' dir='ltr'>erat</span> 
     </span>
     <span class='ocr_line' id='line_1_18' title="bbox 129 1365 1471 1422; baseline 0 -14"><span class='ocrx_word' id='word_1_125' title='bbox 129 1367 284 1408; x_wconf 83' lang='lat' dir='ltr'>fabula.</span> <span class='ocrx_word' id='word_1_126' title='bbox 353 1365 435 1408; x_wconf 80' lang='lat' dir='ltr'>Sed</span> <span class='ocrx_word' id='word_1_127' title='bbox 477 1367 687 1421; x_wconf 86' lang='lat' dir='ltr'>complere</span> <span class='ocrx_word' id='word_1_128' title='bbox 730 1367 931 1421; x_wconf 79' lang='lat' dir='ltr'>paginam</span> <span class='ocrx_word' id='word_1_129' title='bbox 973 1367 1100 1408; x_wconf 79' lang='lat' dir='ltr'>volui.</span> <span class='ocrx_word' id='word_1_130' title='bbox 1169 1367 1278 1416; x_wconf 82' lang='lat' dir='ltr'>Quid</span> <span class='ocrx_word' id='word_1_131' title='bbox 1319 1368 1471 1422; x_wconf 77' lang='lat' dir='ltr'>plura?</span> 
     </span>
     <span class='ocr_line' id='line_1_19' title="bbox 131 1425 1471 1480; baseline 0.002 -15"><span class='ocrx_word' id='word_1_132' title='bbox 131 1426 222 1479; x_wconf 90' lang='lat' dir='ltr'>ipse</span> <span class='ocrx_word' id='word_1_133' title='bbox 253 1425 365 1466; x_wconf 88' lang='lat' dir='ltr'>enim</span> <span class='ocrx_word' id='word_1_134' title='bbox 397 1425 556 1479; x_wconf 80' lang='lat' dir='ltr'>adsum,</span> <span class='ocrx_word' id='word_1_135' title='bbox 587 1426 672 1466; x_wconf 82' lang='lat' dir='ltr'>nisi</span> <span class='ocrx_word' id='word_1_136' title='bbox 704 1426 805 1480; x_wconf 88' lang='lat' dir='ltr'>quid</span> <span class='ocrx_word' id='word_1_137' title='bbox 830 1429 879 1466; x_wconf 89' lang='lat' dir='ltr'>tu</span> <span class='ocrx_word' id='word_1_138' title='bbox 904 1440 1121 1480; x_wconf 73' lang='lat' dir='ltr'>prorogas</span> <span class='ocrx_word' id='word_1_139' title='bbox 1174 1425 1333 1480; x_wconf 77' lang='lat' dir='ltr'>Scripsi</span> <span class='ocrx_word' id='word_1_140' title='bbox 1359 1427 1471 1468; x_wconf 88' lang='lat' dir='ltr'>enim</span> 
     </span>
     <span class='ocr_line' id='line_1_20' title="bbox 131 1483 518 1525; baseline -0.003 0"><span class='ocrx_word' id='word_1_141' title='bbox 131 1484 183 1525; x_wconf 85' lang='lat' dir='ltr'>ad</span> <span class='ocrx_word' id='word_1_142' title='bbox 215 1486 257 1524; x_wconf 92' lang='lat' dir='ltr'>te</span> <span class='ocrx_word' id='word_1_143' title='bbox 289 1483 338 1524; x_wconf 89' lang='lat' dir='ltr'>de</span> <span class='ocrx_word' id='word_1_144' title='bbox 370 1483 518 1524; x_wconf 88' lang='lat' dir='ltr'>hortis.</span> 
     </span>
    </p>
   </div>
   <div class='ocr_carea' id='block_1_7' title="bbox 79 1587 1283 1713">
    <p class='ocr_par' dir='ltr' id='par_1_7' title="bbox 79 1587 1283 1713">
     <span class='ocr_line' id='line_1_21' title="bbox 79 1587 1001 1640; baseline -0.002 -9"><span class='ocrx_word' id='word_1_145' title='bbox 79 1607 112 1631; x_wconf 87' lang='lat'>20</span> <span class='ocrx_word' id='word_1_146' title='bbox 601 1587 775 1640; x_wconf 85' lang='lat' dir='ltr'>XXXV,</span> <span class='ocrx_word' id='word_1_147' title='bbox 807 1587 1001 1629; x_wconf 85' lang='lat' dir='ltr'>XXXVI.</span> 
     </span>
     <span class='ocr_line' id='line_1_22' title="bbox 322 1668 1283 1713; baseline 0.001 -10"><span class='ocrx_word' id='word_1_148' title='bbox 322 1668 395 1703; x_wconf 81' lang='lat' dir='ltr'>Ser.</span> <span class='ocrx_word' id='word_1_149' title='bbox 417 1669 458 1702; x_wconf 75' lang='lat' dir='ltr'>in</span> <span class='ocrx_word' id='word_1_150' title='bbox 487 1668 693 1703; x_wconf 72' lang='lat' dir='ltr'>Tusculano</span> <span class='ocrx_word' id='word_1_151' title='bbox 718 1669 793 1703; x_wconf 88' lang='lat' dir='ltr'>III</span> <span class='ocrx_word' id='word_1_152' title='bbox 811 1669 868 1703; x_wconf 78' lang='lat' dir='ltr'>Id.</span> <span class='ocrx_word' id='word_1_153' title='bbox 894 1668 1016 1713; x_wconf 71' lang='lat' dir='ltr'>Quint.</span> <span class='ocrx_word' id='word_1_154' title='bbox 1039 1680 1071 1703; x_wconf 79' lang='lat' dir='ltr'>a.</span> <span class='ocrx_word' id='word_1_155' title='bbox 1094 1671 1166 1703; x_wconf 81' lang='lat'>&#39;709</span> <span class='ocrx_word' id='word_1_156' title='bbox 1193 1671 1283 1713; x_wconf 77' lang='lat'><em>(45).</em></span> 
     </span>
    </p>
   </div>
   <div class='ocr_carea' id='block_1_8' title="bbox 536 1749 1076 1785">
    <p class='ocr_par' dir='ltr' id='par_1_8' title="bbox 536 1749 1076 1785">
     <span class='ocr_line' id='line_1_23' title="bbox 536 1749 1076 1785; baseline 0 -1"><span class='ocrx_word' id='word_1_157' title='bbox 536 1750 726 1785; x_wconf 88' lang='lat' dir='ltr'><strong><em>CICERO</em></strong></span> <span class='ocrx_word' id='word_1_158' title='bbox 750 1749 943 1785; x_wconf 86' lang='lat' dir='ltr'><strong><em>ATTICO</em></strong></span> <span class='ocrx_word' id='word_1_159' title='bbox 968 1750 1076 1784; x_wconf 83' lang='lat' dir='ltr'><strong><em>SAL.</em></strong></span> 
     </span>
    </p>
   </div>
   <div class='ocr_carea' id='block_1_9' title="bbox 81 1820 1515 2331">
    <p class='ocr_par' dir='ltr' id='par_1_9' title="bbox 81 1820 1515 2331">
     <span class='ocr_line' id='line_1_24' title="bbox 223 1820 1514 1877; baseline -0.001 -13"><span class='ocrx_word' id='word_1_160' title='bbox 223 1821 256 1864; x_wconf 96' lang='grc' dir='ltr'>Ο</span> <span class='ocrx_word' id='word_1_161' title='bbox 283 1837 374 1863; x_wconf 89' lang='lat' dir='ltr'>rem</span> <span class='ocrx_word' id='word_1_162' title='bbox 398 1822 632 1876; x_wconf 78' lang='lat' dir='ltr'>indignam!</span> <span class='ocrx_word' id='word_1_163' title='bbox 671 1820 853 1862; x_wconf 84' lang='lat' dir='ltr'>Gentilis</span> <span class='ocrx_word' id='word_1_164' title='bbox 879 1824 979 1862; x_wconf 90' lang='lat' dir='ltr'>tuus</span> <span class='ocrx_word' id='word_1_165' title='bbox 1006 1822 1154 1862; x_wconf 86' lang='lat' dir='ltr'>urbem</span> <span class='ocrx_word' id='word_1_166' title='bbox 1181 1825 1318 1877; x_wconf 81' lang='lat' dir='ltr'>auget,</span> <span class='ocrx_word' id='word_1_167' title='bbox 1345 1837 1471 1876; x_wconf 89' lang='lat' dir='ltr'>quam</span> <span class='ocrx_word' id='word_1_168' title='bbox 1498 1834 1514 1863; x_wconf 91' lang='lat'>1</span> 
     </span>
     <span class='ocr_line' id='line_1_25' title="bbox 131 1880 1471 1935; baseline 0.001 -13"><span class='ocrx_word' id='word_1_169' title='bbox 131 1881 213 1922; x_wconf 88' lang='lat' dir='ltr'>hoc</span> <span class='ocrx_word' id='word_1_170' title='bbox 250 1881 420 1922; x_wconf 81' lang='lat' dir='ltr'>biennio</span> <span class='ocrx_word' id='word_1_171' title='bbox 463 1880 647 1933; x_wconf 88' lang='lat' dir='ltr'>primum</span> <span class='ocrx_word' id='word_1_172' title='bbox 684 1880 808 1935; x_wconf 78' lang='lat' dir='ltr'>vidit,</span> <span class='ocrx_word' id='word_1_173' title='bbox 850 1882 890 1920; x_wconf 93' lang='lat' dir='ltr'>et</span> <span class='ocrx_word' id='word_1_174' title='bbox 928 1880 966 1921; x_wconf 91' lang='lat' dir='ltr'>ei</span> <span class='ocrx_word' id='word_1_175' title='bbox 1002 1895 1152 1933; x_wconf 86' lang='lat' dir='ltr'>parum</span> <span class='ocrx_word' id='word_1_176' title='bbox 1189 1894 1343 1935; x_wconf 84' lang='lat' dir='ltr'>magna</span> <span class='ocrx_word' id='word_1_177' title='bbox 1382 1882 1471 1923; x_wconf 83' lang='lat' dir='ltr'>visa</span> 
     </span>
     <span class='ocr_line' id='line_1_26' title="bbox 81 1938 1472 1994; baseline 0 -13"><span class='ocrx_word' id='word_1_178' title='bbox 81 1957 114 1982; x_wconf 74' lang='lat'>25</span> <span class='ocrx_word' id='word_1_179' title='bbox 135 1942 218 1994; x_wconf 76' lang='lat' dir='ltr'>est,</span> <span class='ocrx_word' id='word_1_180' title='bbox 262 1954 368 1993; x_wconf 86' lang='lat' dir='ltr'>quae</span> <span class='ocrx_word' id='word_1_181' title='bbox 414 1939 542 1980; x_wconf 90' lang='lat' dir='ltr'>etiam</span> <span class='ocrx_word' id='word_1_182' title='bbox 582 1938 723 1992; x_wconf 90' lang='lat' dir='ltr'>ipsum</span> <span class='ocrx_word' id='word_1_183' title='bbox 761 1953 907 1992; x_wconf 82' lang='lat' dir='ltr'>capere</span> <span class='ocrx_word' id='word_1_184' title='bbox 945 1939 1145 1992; x_wconf 87' lang='lat' dir='ltr'>potuerit.</span> <span class='ocrx_word' id='word_1_185' title='bbox 1212 1938 1304 1980; x_wconf 86' lang='lat' dir='ltr'>Hac</span> <span class='ocrx_word' id='word_1_186' title='bbox 1341 1939 1390 1980; x_wconf 91' lang='lat' dir='ltr'>de</span> <span class='ocrx_word' id='word_1_187' title='bbox 1426 1954 1472 1981; x_wconf 86' lang='lat' dir='ltr'>re</span> 
     </span>
     <span class='ocr_line' id='line_1_27' title="bbox 133 1996 1515 2052; baseline 0.001 -14"><span class='ocrx_word' id='word_1_188' title='bbox 133 1998 268 2052; x_wconf 87' lang='lat' dir='ltr'>igitur</span> <span class='ocrx_word' id='word_1_189' title='bbox 299 2000 495 2051; x_wconf 82' lang='lat' dir='ltr'>exspecto</span> <span class='ocrx_word' id='word_1_190' title='bbox 520 1997 688 2037; x_wconf 88' lang='lat' dir='ltr'>litteras</span> <span class='ocrx_word' id='word_1_191' title='bbox 714 1999 821 2038; x_wconf 84' lang='lat' dir='ltr'>tuas.</span> <span class='ocrx_word' id='word_1_192' title='bbox 871 1996 1055 2037; x_wconf 83' lang='lat' dir='ltr'>Varroni</span> <span class='ocrx_word' id='word_1_193' title='bbox 1082 1997 1231 2038; x_wconf 85' lang='lat' dir='ltr'>scribis</span> <span class='ocrx_word' id='word_1_194' title='bbox 1257 2000 1311 2051; x_wconf 81' lang='lat' dir='ltr'>te,</span> <span class='ocrx_word' id='word_1_195' title='bbox 1343 1998 1471 2039; x_wconf 87' lang='lat' dir='ltr'>simul</span> <span class='ocrx_word' id='word_1_196' title='bbox 1496 2009 1515 2038; x_wconf 82' lang='lat'><strong>2</strong></span> 
     </span>
     <span class='ocr_line' id='line_1_28' title="bbox 135 2055 1472 2111; baseline 0.001 -14"><span class='ocrx_word' id='word_1_197' title='bbox 135 2071 182 2097; x_wconf 84' lang='lat' dir='ltr'>ae</span> <span class='ocrx_word' id='word_1_198' title='bbox 218 2057 391 2097; x_wconf 83' lang='lat' dir='ltr'>venerit.</span> <span class='ocrx_word' id='word_1_199' title='bbox 453 2055 556 2096; x_wconf 86' lang='lat' dir='ltr'>Dati</span> <span class='ocrx_word' id='word_1_200' title='bbox 593 2055 726 2109; x_wconf 88' lang='lat' dir='ltr'>igitur</span> <span class='ocrx_word' id='word_1_201' title='bbox 763 2056 848 2096; x_wconf 84' lang='lat' dir='ltr'>iam</span> <span class='ocrx_word' id='word_1_202' title='bbox 881 2058 998 2111; x_wconf 79' lang='lat' dir='ltr'>sunt,</span> <span class='ocrx_word' id='word_1_203' title='bbox 1036 2070 1113 2096; x_wconf 85' lang='lat' dir='ltr'>nec</span> <span class='ocrx_word' id='word_1_204' title='bbox 1144 2056 1226 2096; x_wconf 86' lang='lat' dir='ltr'>tibi</span> <span class='ocrx_word' id='word_1_205' title='bbox 1256 2056 1472 2111; x_wconf 87' lang='lat' dir='ltr'>integrum</span> 
     </span>
     <span class='ocr_line' id='line_1_29' title="bbox 136 2113 1471 2169; baseline 0.001 -14"><span class='ocrx_word' id='word_1_206' title='bbox 136 2117 217 2169; x_wconf 85' lang='lat' dir='ltr'>est,</span> <span class='ocrx_word' id='word_1_207' title='bbox 251 2113 347 2169; x_wconf 80' lang='lat' dir='ltr'>hui,</span> <span class='ocrx_word' id='word_1_208' title='bbox 385 2114 421 2154; x_wconf 90' lang='lat' dir='ltr'>si</span> <span class='ocrx_word' id='word_1_209' title='bbox 453 2114 579 2168; x_wconf 83' lang='lat' dir='ltr'>scias,</span> <span class='ocrx_word' id='word_1_210' title='bbox 617 2116 776 2167; x_wconf 88' lang='lat' dir='ltr'>quanto</span> <span class='ocrx_word' id='word_1_211' title='bbox 809 2114 994 2167; x_wconf 88' lang='lat' dir='ltr'>periculo</span> <span class='ocrx_word' id='word_1_212' title='bbox 1027 2115 1120 2154; x_wconf 88' lang='lat' dir='ltr'>tuo!</span> <span class='ocrx_word' id='word_1_213' title='bbox 1169 2113 1258 2154; x_wconf 89' lang='lat' dir='ltr'>Aut</span> <span class='ocrx_word' id='word_1_214' title='bbox 1290 2115 1471 2156; x_wconf 85' lang='lat' dir='ltr'>fortasse</span> 
     </span>
     <span class='ocr_line' id='line_1_30' title="bbox 134 2172 1470 2228; baseline 0.001 -15"><span class='ocrx_word' id='word_1_215' title='bbox 134 2173 302 2214; x_wconf 85' lang='lat' dir='ltr'>litterae</span> <span class='ocrx_word' id='word_1_216' title='bbox 333 2187 448 2213; x_wconf 88' lang='lat' dir='ltr'>meae</span> <span class='ocrx_word' id='word_1_217' title='bbox 480 2175 522 2212; x_wconf 89' lang='lat' dir='ltr'>te</span> <span class='ocrx_word' id='word_1_218' title='bbox 553 2172 838 2225; x_wconf 81' lang='lat' dir='ltr'>retardarunt3</span> <span class='ocrx_word' id='word_1_219' title='bbox 870 2172 956 2213; x_wconf 71' lang='lat' dir='ltr'>‘nisi</span> <span class='ocrx_word' id='word_1_220' title='bbox 982 2186 1050 2212; x_wconf 82' lang='lat' dir='ltr'>eas</span> <span class='ocrx_word' id='word_1_221' title='bbox 1080 2172 1269 2213; x_wconf 88' lang='lat' dir='ltr'>nondum</span> <span class='ocrx_word' id='word_1_222' title='bbox 1293 2173 1470 2228; x_wconf 78' lang='lat' dir='ltr'>legeras,</span> 
     </span>
     <span class='ocr_line' id='line_1_31' title="bbox 81 2229 1470 2287; baseline 0 -14"><span class='ocrx_word' id='word_1_223' title='bbox 81 2249 115 2273; x_wconf 88' lang='lat'>30</span> <span class='ocrx_word' id='word_1_224' title='bbox 135 2246 230 2272; x_wconf 88' lang='lat' dir='ltr'>cum</span> <span class='ocrx_word' id='word_1_225' title='bbox 268 2231 345 2271; x_wconf 86' lang='lat' dir='ltr'>has</span> <span class='ocrx_word' id='word_1_226' title='bbox 389 2231 602 2284; x_wconf 75' lang='lat' dir='ltr'>proximas</span> <span class='ocrx_word' id='word_1_227' title='bbox 635 2230 854 2284; x_wconf 69' lang='lat' dir='ltr'>scripsisti.</span> <span class='ocrx_word' id='word_1_228' title='bbox 918 2229 1032 2271; x_wconf 79' lang='lat' dir='ltr'>Scire</span> <span class='ocrx_word' id='word_1_229' title='bbox 1063 2231 1195 2284; x_wconf 87' lang='lat' dir='ltr'>igitur</span> <span class='ocrx_word' id='word_1_230' title='bbox 1228 2245 1349 2287; x_wconf 72' lang='lat' dir='ltr'>aveo,</span> <span class='ocrx_word' id='word_1_231' title='bbox 1387 2246 1470 2286; x_wconf 89' lang='lat' dir='ltr'>quo</span> 
     </span>
     <span class='ocr_line' id='line_1_32' title="bbox 134 2288 631 2331; baseline -0.004 0"><span class='ocrx_word' id='word_1_232' title='bbox 134 2289 258 2331; x_wconf 89' lang='lat' dir='ltr'>modo</span> <span class='ocrx_word' id='word_1_233' title='bbox 291 2303 358 2329; x_wconf 89' lang='lat' dir='ltr'>res</span> <span class='ocrx_word' id='word_1_234' title='bbox 392 2303 434 2329; x_wconf 91' lang='lat' dir='ltr'>se</span> <span class='ocrx_word' id='word_1_235' title='bbox 466 2288 631 2329; x_wconf 86' lang='lat' dir='ltr'>habeat.</span> 
     </span>
    </p>
   </div>
   <div class='ocr_carea' id='block_1_10' title="bbox 222 2347 1665 2401">
    <p class='ocr_par' dir='ltr' id='par_1_10' title="bbox 222 2347 1665 2401">
     <span class='ocr_line' id='line_1_33' title="bbox 222 2347 1665 2401; baseline 0.003 -14"><span class='ocrx_word' id='word_1_236' title='bbox 222 2347 286 2388; x_wconf 91' lang='lat' dir='ltr'>De</span> <span class='ocrx_word' id='word_1_237' title='bbox 323 2347 448 2387; x_wconf 86' lang='lat' dir='ltr'>Bruti</span> <span class='ocrx_word' id='word_1_238' title='bbox 487 2361 627 2388; x_wconf 87' lang='lat' dir='ltr'>amore</span> <span class='ocrx_word' id='word_1_239' title='bbox 666 2350 890 2401; x_wconf 81' lang='lat' dir='ltr'>vestraque</span> <span class='ocrx_word' id='word_1_240' title='bbox 931 2347 1219 2389; x_wconf 85' lang='lat' dir='ltr'>ambulatione</span> <span class='ocrx_word' id='word_1_241' title='bbox 1251 2348 1332 2389; x_wconf 89' lang='lat' dir='ltr'>etsi</span> <span class='ocrx_word' id='word_1_242' title='bbox 1362 2347 1467 2390; x_wconf 83' lang='lat' dir='ltr'>mihi</span> <span class='ocrx_word' id='word_1_243' title='bbox 1493 2359 1665 2391; x_wconf 75' lang='lat' dir='ltr'>3(XXXV1</span> 
     </span>
    </p>
   </div>
  </div>
 </body>
</html>
