1665 2553
195 96 286 132 CXL
617 98 896 133 ADNOTATIO
904 132 913 137 -
924 97 1110 132 CRI'HCA

192 192 290 226 xime
326 191 413 225 huic
449 191 592 225 homini
623 191 830 235 debuisset,
869 192 947 226 eius
981 191 1099 225 debiti
1129 191 1360 237 mentionem]
1387 191 1451 225 alii
1475 191 1530 225 rei

192 241 292 273 recte
325 238 540 283 interponi’.
572 258 618 264 —
648 242 690 271 22
723 239 842 283 †item
872 250 938 273 scr.
972 238 1102 272 Bootio
1134 238 1338 272 assentiens
1376 238 1429 272 ‘in
1453 249 1527 272 voc.

192 288 275 320 item
305 285 422 319 latere
446 285 674 319 numeralem
699 287 853 329 notam’,
884 287 970 330 post
1003 286 1199 330 depositum
1232 285 1405 319 lacunam
1436 285 1528 329 sign.

192 332 336 375 Baiter,
375 332 567 373 Weseub..
605 332 749 375 Tyrrell
787 343 841 377 ep.
865 336 941 366 748.
980 353 1026 358 —-
1060 336 1104 366 24
1135 333 1204 366 odi.
1233 333 1280 367 Id
1309 343 1362 366 me
1393 331 1531 366 OreHio

193 381 344 413 auctore
375 379 517 421 Baiter,
550 379 740 421 Wesenb.,
773 379 933 423 Tyrrell,
959 380 1035 414 odit
1058 391 1110 414 me
1134 379 1183 421 M,
1209 380 1270 413 odi
1293 383 1326 413 et
1349 390 1402 413 me
1425 378 1529 421 Boot,

196 425 330 467 ‘Quum
354 427 472 469 facere
496 428 656 470 ponatur
681 437 745 470 pro
772 426 913 467 odisse’,
939 425 1072 469 inquit,
1102 426 1154 460 ‘id
1178 437 1251 460 non
1278 425 1388 459 debet
1414 425 1530 468 addi',

193 473 224 506 is
253 473 317 516 qui
338 473 386 506 ad
404 472 455 506 XI
475 477 535 506 23
563 473 742 506 attulerat
766 472 858 517 Nep.
881 471 1011 506 Chabr.
1033 476 1095 506 4.3
1118 474 1158 507 id
1181 474 1297 515 facere
1326 473 1530 514 notuerunt,

193 519 279 553 Hor.
308 519 381 553 Sat.
408 519 425 552 I
451 524 536 553 1.64
562 521 602 554 td
632 520 732 562 facit.
776 520 870 553 Add.
897 520 957 553 hic
983 532 1016 563 p.
1037 523 1115 553 488.
1132 523 1192 561 28,
1226 523 1303 553 519.
1326 522 1363 561 8,
1395 518 1488 552 Phil.
1514 518 1532 551 I

196 571 248 600 11.
266 570 328 609 27,
363 566 472 600 divin.
500 566 516 599 I
542 570 595 600 24.
611 570 728 608 49m.,
756 568 850 610 quod
875 566 960 600 fam.
988 566 1037 599 VI
1059 570 1089 601 1.
1106 570 1142 608 6,
1170 566 1278 600 divin.
1300 566 1317 599 I
1341 569 1394 599 30.
1411 569 1466 608 63,
1492 566 1532 599 id

194 614 288 657 qaod
312 624 411 657 proxr.
434 624 530 647 cons.
559 617 590 648 9·.
606 617 666 655 23,
700 614 792 647 taem
816 613 903 647 fam.
931 612 998 646 XV
1024 617 1054 646 2.
1071 616 1102 655 6,
1134 614 1197 647 hoc
1220 614 1315 647 idem
1339 612 1390 646 XI
1409 616 1452 646 10
1464 623 1532 655 ex,

195 672 285 704 qaae
315 661 438 693 Aetna
458 663 534 693 208.
574 681 619 685 —
656 659 706 693 Ib.
740 661 805 694 scit
836 659 1007 694 Wesenb.
1042 659 1132 693 coni.
1163 659 1283 702 ‘olim,
1314 671 1411 693 nune
1435 661 1533 693 testis

194 709 241 742 sit
266 707 337 751 (Vel
362 707 452 751 est)’,
478 707 622 749 Baiter,
655 707 766 746 Boot,
792 707 946 750 Tyri-eil,
972 708 1019 741 sit
1043 706 1092 749 M,
1120 718 1202 740 cum
1228 716 1333 740 cruce
1358 705 1530 740 Wesenb.

195 775 241 779 ψ
267 758 309 787 25
336 754 586 788 Hammonius
610 753 754 797 Tyrrell
780 754 882 788 tacit.
910 775 955 779 —
981 757 1025 787 34
1050 754 1124 787 vix
1148 754 1364 788 stomachum
1388 752 1532 795 Bosius,

194 800 331 843 Baiter,
346 800 531 842 Wesenb„
546 800 691 844 Tyrrell
704 811 777 834 non
791 800 934 844 Latine,
949 803 991 834 ut
1004 802 1103 834 recte
1119 802 1244 834 censet
1256 800 1360 843 Boot,
1372 800 1535 844 quamvis

194 849 412 891 homachum,
436 847 449 880 i
476 858 505 881 e.
521 848 646 889 istom,
667 847 715 880 M.
754 847 813 880 Ad
831 860 865 892 p.
885 851 1026 882 101.11.
1069 849 1080 891 ΙΙ
1123 847 1168 881 Ρ.
1184 845 1274 881 481.
1290 851 1309 880 2
1329 847 1397 881 vel
1419 847 1532 880 abun-

195 895 282 929 dare
298 895 340 928 οο.
362 906 394 928 );
423 892 477 937 C.,
498 894 606 939 ssqtb’,
628 893 800 928 Wesenb.
816 894 898 928 fort.
914 897 1024 928 recte.
1043 915 1087 919 ——-
1104 898 1126 928 4
1145 895 1208 928 hoc
1225 893 1408 935 Wesenb,
1428 893 1531 926 Boot.

195 942 254 974 Ad
272 953 306 985 p.
324 945 376 975 12.
394 944 423 974 6.
445 962 490 965 -
512 945 530 974 9
550 941 658 986 [7200]
677 941 771 975 Boot
784 941 886 975 tacit.
908 962 953 966 ——
975 944 1017 974 10
1036 941 1158 976 *³³²*t2'b2'
1172 940 1355 982 VVesenb„
1372 940 1535 974 Scio'tibi

195 988 338 1030 Baiter,
365 987 519 1031 Tyri-cll,
546 999 575 1021 V.
600 992 640 1021 11
669 989 887 1023 existimasse
900 988 954 1006 *⁵⁵*
979 988 1074 1021 Boot
1099 987 1188 1021 coni.
1219 987 1281 1021 hic
1299 986 1534 1020 intercidisse

195 1036 283 1077 scio,
324 1035 492 1078 perspexi
522 1035 729 1079 (perspicio)
761 1034 870 1068 inser.
896 1036 982 1079 post
1007 1035 1186 1078 pertinere
1217 1046 1248 1067 V.
1270 1037 1312 1067 12
1344 1033 1534 1067 Lehmann

196 1081 361 1123 Quaestt.
393 1094 428 1126 p.
452 1085 526 1114 115.
583 1081 754 1115 Praefero
786 1082 1004 1116 emistimasse
1033 1082 1105 1116 scio
1129 1083 1246 1115 etiam.
1283 1101 1329 1106 —
1362 1083 1404 1113 13
1434 1091 1535 1124 per-

198 1129 391 1163 liberaliter
419 1128 486 1170 ΜΞ,
515 1127 700 1171 Wesenb.,
726 1129 899 1171 peraliter
927 1128 983 1161 Μ1
1012 1129 1175 1172 (propter
1202 1139 1234 1160 V.
1256 1130 1298 1160 12
1321 1127 1533 1171 pertinere3

198 1175 246 1208 ad
280 1187 313 1219 p.
336 1178 390 1209 24.
407 1176 452 1217 8).
488 1195 533 1199 —
572 1178 613 1207 16
646 1175 686 1208 ei.
709 1174 850 1209 Scilicet
881 1174 950 1208 del.
971 1174 1131 1218 Tyr-rell,
1165 1175 1202 1218 ,7Δ
1216 1174 1269 1208 Et
1294 1173 1361 1219 (sic
1386 1173 1437 1217 M)
1467 1174 1533 1208 sci-

198 1222 277 1256 licet
301 1222 395 1255 Boot
422 1220 562 1254 ‘Cicero
589 1221 747 1265 scripsit:
774 1222 822 1255 Id
846 1222 980 1256 seilicet
1005 1224 1070 1255 aut
1093 1221 1229 1265 potius,
1256 1222 1297 1254 ut
1317 1220 1533 1254 Schuetzius

198 1268 361 1312 Volebat,
400 1268 484 1302 Tibi
518 1268 623 1302 scil.'.
667 1289 713 1293 —
765 1272 809 1302 20
848 1280 878 1302 V.
913 1267 1005 1302 OE.
1039 1268 1206 1301 Schmidt
1243 1267 1421 1301 Fleckeis.
1449 1277 1532 1300 ann.

200 1318 290 1349 1884
315 1327 348 1359 p.
365 1318 443 1358 347,
470 1314 627 1349 Asturae
645 1318 701 1349 11.
716 1315 810 1349 Jam'
833 1315 952 1349 Ruete
978 1315 1122 1348 dissert.
1137 1314 1322 1359 Marburg.
1340 1317 1429 1347 1883
1454 1317 1532 1358 p.8,

199 1361 343 1406 Tyr-rell
373 1372 428 1406 ep.
451 1365 535 1405 746,
568 1362 608 1395 in
639 1362 786 1396 Antiati
816 1363 930 1396 medio
962 1373 1076 1397 mense
1101 1362 1184 1395 Iun.
1205 1361 1348 1403 Baiter,
1381 1359 1533 1394 Wesen-

198 1410 299 1453 berg.
356 1429 401 1433 —-
456 1412 498 1441 31
538 1420 568 1441 V.
598 1407 692 1442 OE.
720 1408 888 1442 Schmidt
925 1408 987 1442 1.1.
1026 1421 1059 1452 p.
1082 1412 1148 1442 345
1171 1419 1242 1450 sq.,
1281 1409 1322 1442 in
1358 1407 1535 1451 Arpinati

199 1457 292 1490 inter
318 1455 421 1489 XIV
448 1459 480 1489 et
506 1455 573 1488 XI
594 1455 680 1489 Kal.
707 1456 791 1489 Ian.
832 1455 987 1489 Schiche
1015 1454 1263 1489 ‘Festschrift’
1294 1456 1382 1488 1881
1409 1466 1443 1498 p.
1466 1457 1532 1487 247

199 1505 271 1546 (23)
292 1513 363 1544 ex,
398 1504 454 1536 12.
481 1502 584 1536 chni.
623 1502 762 1536 Astura
792 1502 911 1536 Ruete
936 1501 992 1536 1.1.
1026 1505 1096 1546 p.8
1135 1503 1172 1535 et
1202 1500 1346 1545 Tyrrell
1379 1511 1432 1544 ep.
1456 1503 1534 1543 747,

200 1549 278 1583 sine
303 1548 383 1582 loco
411 1550 448 1582 et
472 1550 583 1592 temp.
609 1549 815 1590 Baiter,-in
838 1550 986 1584 Antiati
1011 1549 1123 1583 medio
1149 1560 1193 1582 m.
1219 1549 1303 1582 Iwn.
1325 1547 1497 1581 Wesenb.
1523 1547 1536 1592 Η

246 1596 292 1630 Ρ.
313 1594 403 1630 482.
426 1599 466 1628 11
483 1595 531 1629 D.
561 1595 643 1629 add.
672 1594 760 1629 OE.
789 1595 956 1630 Schmidt
986 1595 1045 1630 1.1.
1074 1608 1108 1639 p.
1130 1598 1196 1628 346
1212 1606 1264 1638 sq.
1300 1615 1345 1619 —
1387 1597 1428 1627 16
1456 1593 1536 1627 sine

200 1653 305 1676 cruce
325 1642 429 1686 Boot,
456 1641 599 1686 TyrreH
625 1653 678 1686 ep.
702 1646 779 1676 749.
807 1664 852 1668 —-
878 1647 920 1676 22
947 1644 1041 1677 (Iesse
1068 1654 1146 1685 scr.,
1179 1642 1294 1676 desere
1318 1640 1394 1682 ΜΖ,
1421 1641 1535 1674 deesse

200 1689 294 1731 edd„
320 1701 349 1723 V.
366 1692 409 1723 28
435 1689 525 1723 desit
550 1693 599 1723 est
618 1689 666 1733 M,
693 1690 732 1723 id
757 1694 806 1724 est
826 1688 874 1732 C,
900 1690 989 1732 dees,
1009 1690 1048 1723 id
1067 1693 1117 1723 est
1136 1688 1217 1722 edd.
1255 1687 1314 1721 Ad
1333 1699 1367 1731 p.
1383 1690 1461 1720 327.
1477 1690 1532 1720 29.

200 1758 244 1761 —
270 1740 314 1770 34
346 1736 503 1775 εὐπινῶς
533 1735 657 1778 Klotz,
691 1735 843 1780 Tyrrell,
869 1737 1037 1770 ΠΙΝΩΟΕ
1063 1735 1110 1769 Μ.
1172 1736 1184 1779 ΙΙ
1242 1735 1288 1769 P.
1309 1732 1398 1767 483.
1420 1736 1464 1766 14
1490 1734 1534 1767 ab

199 1783 315 1817 eodem
346 1783 460 1817 mulos
492 1782 584 1817 coni.
611 1783 705 1816 Boot
735 1783 886 1827 probab.
914 1803 960 1808 —-
992 1782 1043 1816 Ib.
1077 1782 1218 1817 itineris
1253 1782 1338 1825 post
1372 1784 1535 1814 vecturae

201 1830 283 1863 add.
312 1829 366 1872 M,
397 1829 533 1870 Baiter,
560 1829 644 1864 secl.
666 1829 837 1863 VVesenb.
861 1831 899 1864 et
923 1828 1066 1874 Tyrrell
1092 1839 1147 1873 ep.
1170 1831 1248 1870 750,
1274 1838 1341 1861 om.
1363 1826 1401 1869 Z,
1426 1826 1531 1870 frgm.

199 1876 324 1919 WVirc„
352 1876 455 1910 codd.
479 1875 570 1909 ORP
597 1876 800 1921 (Lehmann
826 1877 901 1910 Att.
928 1888 962 1920 p.
983 1880 1049 1909 139
1065 1877 1143 1918 sq),
1169 1875 1263 1908 Boot
1287 1875 1330 1907 ut
1357 1873 1391 1906 ‘e
1418 1874 1533 1907 διττο-

200 1921 340 1970 γραφίᾳ
361 1923 596 1966 sequentium
614 1923 842 1957 ETINEIS
859 1923 1006 1957 ortum’.
1028 1943 1072 1947 -
1097 1922 1148 1955 Ib.
1159 1933 1210 1964 sq.
1232 1919 1279 1955 Ut
1297 1921 1337 1953 in
1355 1920 1410 1954 his
1434 1919 1460 1953 Ι.
1476 1919 1533 1953 Fr.

201 1969 368 2011 Gronov„
394 1969 495 2013 prob.
511 1970 615 2011 Boot,
637 1981 703 2003 scr.
719 1969 872 2013 Tyrrell,
891 1970 976 2014 7'-Et
993 1970 1034 2003 in
1052 1969 1102 2003 eis
1121 1968 1199 2002 sine
1219 1966 1534 2011 parenth.Baiter,

199 2014 311 2057 XVes„
332 2017 434 2049 Boot.
462 2016 499 2050 P.
513 2020 630 2058 7221,
652 2020 832 2050 3137.ὴ
853 2020 895 2049 16
920 2020 1208 2059 sumptuosorum
1226 2013 1350 2047 Lehm.
1367 2012 1533 2054 Quaestt.

198 2073 232 2105 p.
258 2066 321 2095 116
349 2062 393 2096 cf.
415 2062 479 2103 Qu.
506 2062 549 2097 fr.
576 2062 627 2095 111
645 2066 676 2096 8.
699 2066 785 2105 6m.,
806 2062 960 2106 Tyri-eli,
981 2061 1171 2107 [suorum]
1190 2060 1327 2102 Baiter,
1353 2060 1535 2103 †suorum

199 2107 389 2150 Wesenb.,
422 2110 516 2143 Boot
545 2109 648 2153 prob.
681 2110 913 2151 scenicorum,
946 2109 1044 2152 quod
1076 2109 1133 2141 est
1163 2107 1201 2141 in
1232 2118 1304 2151 mg.
1332 2106 1470 2148 Lamb.,
1498 2108 1535 2140 et

200 2155 432 2189 commendat
456 2156 578 2189 Moser
602 2167 722 2200 progr.
751 2155 834 2190 Ulm
861 2159 950 2189 1848
975 2167 1010 2200 p.
1033 2158 1075 2188 10
1091 2166 1142 2197 sq.
1175 2174 1221 2179 —
1253 2157 1294 2187 17
1322 2158 1353 2187 et
1378 2153 1535 2187 admini-

198 2202 403 2235 strationem
440 2201 631 2246 Wesenh,
668 2203 858 2236 Lehmann
889 2201 968 2244 1.1.,
1006 2202 1134 2247 [etiam
1165 2199 1534 2243 administrationem]

198 2247 335 2288 Baiter,
362 2252 394 2281 et
411 2259 486 2282 eam
512 2250 605 2283 adm.
631 2250 735 2291 Boot,
763 2254 794 2284 et
818 2251 890 2283 iam
916 2249 1009 2283 adm.
1036 2247 1155 2289 Klotz,
1182 2246 1334 2290 TyrreU.
1361 2267 1406 2271 -
1432 2249 1475 2279 26
1501 2256 1532 2279 V.

199 2293 238 2328 O.
255 2293 292 2327 Ε.
322 2294 489 2328 Schmidt
513 2295 691 2329 Fleckeis.
719 2307 802 2329 ann.
820 2298 909 2329 1884
933 2307 967 2339 p.
991 2298 1068 2338 347,
1102 2296 1266 2328 16.—19.
1292 2293 1386 2328 Jani
1415 2292 1534 2326 Ruete
