<?xml version="1.0" encoding="UTF-8"?>
<!DOCTYPE html PUBLIC "-//W3C//DTD XHTML 1.0 Transitional//EN"
    "http://www.w3.org/TR/xhtml1/DTD/xhtml1-transitional.dtd">
<html xmlns="http://www.w3.org/1999/xhtml" xml:lang="en" lang="en">
 <head>
  <title>
</title>
<meta http-equiv="Content-Type" content="text/html;charset=utf-8" />
  <meta name='ocr-system' content='tesseract 3.04.00' />
  <meta name='ocr-capabilities' content='ocr_page ocr_carea ocr_par ocr_line ocrx_word'/>
</head>
<body>
  <div class='ocr_page' id='page_1' title='image "./p2scriptaquaemanse03ciceuoft_0082.png"; bbox 0 0 1665 2553; ppageno 0'>
   <div class='ocr_carea' id='block_1_1' title="bbox 180 93 1102 130">
    <p class='ocr_par' dir='ltr' id='par_1_1' title="bbox 180 93 1102 130">
     <span class='ocr_line' id='line_1_1' title="bbox 180 93 1102 130; baseline -0.001 -1"><span class='ocrx_word' id='word_1_1' title='bbox 180 95 278 130; x_wconf 88' lang='lat' dir='ltr'>LXX</span> <span class='ocrx_word' id='word_1_2' title='bbox 609 94 887 129; x_wconf 85' lang='lat' dir='ltr'>ADNOTATIO</span> <span class='ocrx_word' id='word_1_3' title='bbox 915 93 1102 129; x_wconf 84' lang='lat' dir='ltr'>CRITICA</span> 
     </span>
    </p>
   </div>
   <div class='ocr_carea' id='block_1_2' title="bbox 175 187 1520 2334">
    <p class='ocr_par' dir='ltr' id='par_1_2' title="bbox 179 187 1520 1214">
     <span class='ocr_line' id='line_1_2' title="bbox 179 187 1518 233; baseline -0.001 -10"><span class='ocrx_word' id='word_1_4' title='bbox 179 189 332 231; x_wconf 78' lang='lat' dir='ltr'>dicitur,</span> <span class='ocrx_word' id='word_1_5' title='bbox 363 199 470 233; x_wconf 77' lang='lat' dir='ltr'>quam</span> <span class='ocrx_word' id='word_1_6' title='bbox 499 189 748 223; x_wconf 69' lang='lat' dir='ltr'>universorum</span> <span class='ocrx_word' id='word_1_7' title='bbox 774 189 974 232; x_wconf 69' lang='lat' dir='ltr'>(universae</span> <span class='ocrx_word' id='word_1_8' title='bbox 997 187 1163 232; x_wconf 81' lang='lat' dir='ltr'><strong>Madvig)</strong></span> <span class='ocrx_word' id='word_1_9' title='bbox 1188 189 1364 222; x_wconf 72' lang='lat' dir='ltr'>interitus.</span> <span class='ocrx_word' id='word_1_10' title='bbox 1396 208 1440 213; x_wconf 95' lang='lat'>—</span> <span class='ocrx_word' id='word_1_11' title='bbox 1473 191 1518 221; x_wconf 88' lang='lat'>20</span> 
     </span>
     <span class='ocr_line' id='line_1_3' title="bbox 180 234 1519 279; baseline -0.001 -10"><span class='ocrx_word' id='word_1_12' title='bbox 180 236 397 270; x_wconf 69' lang='lat' dir='ltr'>denuntiata</span> <span class='ocrx_word' id='word_1_13' title='bbox 415 246 484 270; x_wconf 82' lang='lat' dir='ltr'>esse</span> <span class='ocrx_word' id='word_1_14' title='bbox 503 235 638 269; x_wconf 74' lang='lat' dir='ltr'>dieitur</span> <span class='ocrx_word' id='word_1_15' title='bbox 662 235 687 268; x_wconf 89' lang='grc' dir='ltr'>Ι.</span> <span class='ocrx_word' id='word_1_16' title='bbox 703 235 758 268; x_wconf 86' lang='lat' dir='ltr'>Fr.</span> <span class='ocrx_word' id='word_1_17' title='bbox 777 234 944 276; x_wconf 52' lang='lat' dir='ltr'>Gronov„</span> <span class='ocrx_word' id='word_1_18' title='bbox 969 234 1108 279; x_wconf 86' lang='lat' dir='ltr'>Baiter,</span> <span class='ocrx_word' id='word_1_19' title='bbox 1128 234 1282 279; x_wconf 78' lang='lat' dir='ltr'>Tyrrell,</span> <span class='ocrx_word' id='word_1_20' title='bbox 1303 235 1519 269; x_wconf 74' lang='lat' dir='ltr'>denuntiata</span> 
     </span>
     <span class='ocr_line' id='line_1_4' title="bbox 181 281 1516 327; baseline -0.001 -10"><span class='ocrx_word' id='word_1_21' title='bbox 181 287 231 317; x_wconf 78' lang='lat' dir='ltr'>est</span> <span class='ocrx_word' id='word_1_22' title='bbox 255 283 368 327; x_wconf 74' lang='lat' dir='ltr'>iyitur</span> <span class='ocrx_word' id='word_1_23' title='bbox 392 281 441 325; x_wconf 86' lang='lat' dir='ltr'>M,</span> <span class='ocrx_word' id='word_1_24' title='bbox 468 281 653 324; x_wconf 84' lang='lat' dir='ltr'>Wesenb.,</span> <span class='ocrx_word' id='word_1_25' title='bbox 681 293 763 315; x_wconf 89' lang='lat' dir='ltr'>cum</span> <span class='ocrx_word' id='word_1_26' title='bbox 789 292 895 315; x_wconf 84' lang='lat' dir='ltr'>cruce</span> <span class='ocrx_word' id='word_1_27' title='bbox 920 281 1023 315; x_wconf 87' lang='lat' dir='ltr'>Boot.</span> <span class='ocrx_word' id='word_1_28' title='bbox 1051 302 1095 306; x_wconf 96' lang='lat'><strong>—</strong></span> <span class='ocrx_word' id='word_1_29' title='bbox 1121 286 1163 315; x_wconf 90' lang='lat'>21</span> <span class='ocrx_word' id='word_1_30' title='bbox 1191 283 1382 316; x_wconf 72' lang='lat' dir='ltr'>universae</span> <span class='ocrx_word' id='word_1_31' title='bbox 1405 281 1458 316; x_wconf 83' lang='lat' dir='ltr'>rei</span> <span class='ocrx_word' id='word_1_32' title='bbox 1477 292 1516 324; x_wconf 79' lang='lat' dir='ltr'>p.</span> 
     </span>
     <span class='ocr_line' id='line_1_5' title="bbox 181 327 1516 374; baseline -0.001 -12"><span class='ocrx_word' id='word_1_33' title='bbox 181 328 402 371; x_wconf 71' lang='lat' dir='ltr'>Buecheler,</span> <span class='ocrx_word' id='word_1_34' title='bbox 437 330 677 374; x_wconf 69' lang='lat' dir='ltr'>†mziversam</span> <span class='ocrx_word' id='word_1_35' title='bbox 701 328 838 371; x_wconf 89' lang='lat' dir='ltr'>Baiter,</span> <span class='ocrx_word' id='word_1_36' title='bbox 872 327 1057 371; x_wconf 86' lang='lat' dir='ltr'>Wesenb.,</span> <span class='ocrx_word' id='word_1_37' title='bbox 1089 329 1338 363; x_wconf 72' lang='lat' dir='ltr'>universorum</span> <span class='ocrx_word' id='word_1_38' title='bbox 1362 327 1516 372; x_wconf 81' lang='lat' dir='ltr'>Tyrrell.</span> 
     </span>
     <span class='ocr_line' id='line_1_6' title="bbox 182 374 1519 419; baseline 0 -10"><span class='ocrx_word' id='word_1_39' title='bbox 182 397 226 401; x_wconf 92' lang='lat'><em>-</em></span> <span class='ocrx_word' id='word_1_40' title='bbox 265 380 308 409; x_wconf 87' lang='lat'>26</span> <span class='ocrx_word' id='word_1_41' title='bbox 345 376 488 419; x_wconf 73' lang='lat' dir='ltr'>scripsit</span> <span class='ocrx_word' id='word_1_42' title='bbox 520 376 602 409; x_wconf 90' lang='lat' dir='ltr'>add.</span> <span class='ocrx_word' id='word_1_43' title='bbox 628 377 713 419; x_wconf 87' lang='lat' dir='ltr'>post</span> <span class='ocrx_word' id='word_1_44' title='bbox 743 376 925 419; x_wconf 68' lang='lat' dir='ltr'>scripserit</span> <span class='ocrx_word' id='word_1_45' title='bbox 954 374 1106 418; x_wconf 75' lang='lat' dir='ltr'>Tyrrell.</span> <span class='ocrx_word' id='word_1_46' title='bbox 1147 397 1188 400; x_wconf 97' lang='lat'><strong>—</strong></span> <span class='ocrx_word' id='word_1_47' title='bbox 1231 379 1274 409; x_wconf 89' lang='lat'>28</span> <span class='ocrx_word' id='word_1_48' title='bbox 1290 387 1342 418; x_wconf 89' lang='lat' dir='ltr'>sq.</span> <span class='ocrx_word' id='word_1_49' title='bbox 1368 375 1519 409; x_wconf 74' lang='lat' dir='ltr'>mandat</span> 
     </span>
     <span class='ocr_line' id='line_1_7' title="bbox 180 420 1516 465; baseline 0.001 -10"><span class='ocrx_word' id='word_1_50' title='bbox 180 422 337 465; x_wconf 71' lang='lat' dir='ltr'>Victor,</span> <span class='ocrx_word' id='word_1_51' title='bbox 370 422 513 465; x_wconf 91' lang='lat' dir='ltr'>Baiter,</span> <span class='ocrx_word' id='word_1_52' title='bbox 546 422 639 456; x_wconf 90' lang='lat' dir='ltr'>Boot</span> <span class='ocrx_word' id='word_1_53' title='bbox 667 420 817 455; x_wconf 87' lang='lat' dir='ltr'>‘Caesar</span> <span class='ocrx_word' id='word_1_54' title='bbox 842 422 1000 465; x_wconf 76' lang='lat' dir='ltr'>orabat&#39;,</span> <span class='ocrx_word' id='word_1_55' title='bbox 1030 421 1163 465; x_wconf 86' lang='lat' dir='ltr'>inquit,</span> <span class='ocrx_word' id='word_1_56' title='bbox 1197 422 1284 456; x_wconf 80' lang='lat' dir='ltr'>‘non</span> <span class='ocrx_word' id='word_1_57' title='bbox 1309 422 1516 456; x_wconf 73' lang='lat' dir='ltr'>mandabat.</span> 
     </span>
     <span class='ocr_line' id='line_1_8' title="bbox 181 467 1519 513; baseline -0.001 -10"><span class='ocrx_word' id='word_1_58' title='bbox 181 469 383 513; x_wconf 84' lang='lat' dir='ltr'>Propterea</span> <span class='ocrx_word' id='word_1_59' title='bbox 420 469 591 503; x_wconf 85' lang='lat' dir='ltr'>ultimam</span> <span class='ocrx_word' id='word_1_60' title='bbox 621 469 786 502; x_wconf 79' lang='lat' dir='ltr'>litteram</span> <span class='ocrx_word' id='word_1_61' title='bbox 818 468 962 502; x_wconf 82' lang='lat' dir='ltr'>delevi.’</span> <span class='ocrx_word' id='word_1_62' title='bbox 1019 467 1138 502; x_wconf 88' lang='lat' dir='ltr'>Multo</span> <span class='ocrx_word' id='word_1_63' title='bbox 1168 469 1290 502; x_wconf 81' lang='lat' dir='ltr'>minus</span> <span class='ocrx_word' id='word_1_64' title='bbox 1321 469 1519 503; x_wconf 76' lang='lat' dir='ltr'>mandabat</span> 
     </span>
     <span class='ocr_line' id='line_1_9' title="bbox 182 514 1516 559; baseline -0.001 -10"><span class='ocrx_word' id='word_1_65' title='bbox 182 515 333 559; x_wconf 87' lang='lat' dir='ltr'>Balbus,</span> <span class='ocrx_word' id='word_1_66' title='bbox 367 516 431 559; x_wconf 90' lang='lat' dir='ltr'>qui</span> <span class='ocrx_word' id='word_1_67' title='bbox 458 514 626 549; x_wconf 79' lang='lat' dir='ltr'>Caesaris</span> <span class='ocrx_word' id='word_1_68' title='bbox 651 516 829 549; x_wconf 85' lang='lat' dir='ltr'>mandata</span> <span class='ocrx_word' id='word_1_69' title='bbox 857 516 904 548; x_wconf 90' lang='lat' dir='ltr'>ad</span> <span class='ocrx_word' id='word_1_70' title='bbox 925 514 1135 549; x_wconf 85' lang='lat' dir='ltr'>Ciceronem</span> <span class='ocrx_word' id='word_1_71' title='bbox 1161 515 1297 550; x_wconf 86' lang='lat' dir='ltr'>detulit</span> <span class='ocrx_word' id='word_1_72' title='bbox 1320 517 1363 549; x_wconf 86' lang='lat' dir='ltr'>ut</span> <span class='ocrx_word' id='word_1_73' title='bbox 1387 527 1418 549; x_wconf 80' lang='lat' dir='ltr'>V.</span> <span class='ocrx_word' id='word_1_74' title='bbox 1435 527 1462 549; x_wconf 85' lang='lat' dir='ltr'>c.</span> <span class='ocrx_word' id='word_1_75' title='bbox 1477 514 1516 548; x_wconf 87' lang='lat' dir='ltr'>L.</span> 
     </span>
     <span class='ocr_line' id='line_1_10' title="bbox 184 561 1517 606; baseline -0.001 -10"><span class='ocrx_word' id='word_1_76' title='bbox 184 561 319 596; x_wconf 87' lang='lat' dir='ltr'>Caesar</span> <span class='ocrx_word' id='word_1_77' title='bbox 337 563 516 596; x_wconf 85' lang='lat' dir='ltr'>mandata</span> <span class='ocrx_word' id='word_1_78' title='bbox 537 561 571 596; x_wconf 82' lang='lat' dir='ltr'>C.</span> <span class='ocrx_word' id='word_1_79' title='bbox 589 561 755 596; x_wconf 79' lang='lat' dir='ltr'>Caesaris</span> <span class='ocrx_word' id='word_1_80' title='bbox 777 563 824 595; x_wconf 83' lang='lat' dir='ltr'>acl</span> <span class='ocrx_word' id='word_1_81' title='bbox 843 562 1059 606; x_wconf 88' lang='lat' dir='ltr'>Pompeium</span> <span class='ocrx_word' id='word_1_82' title='bbox 1077 566 1263 606; x_wconf 82' lang='lat' dir='ltr'>p.210.10.</span> <span class='ocrx_word' id='word_1_83' title='bbox 1296 564 1307 606; x_wconf 86' lang='grc' dir='ltr'>ΙΙ</span> <span class='ocrx_word' id='word_1_84' title='bbox 1343 561 1517 597; x_wconf 80' lang='grc' dir='ltr'>Ρ.237.7</span> 
     </span>
     <span class='ocr_line' id='line_1_11' title="bbox 182 608 1518 653; baseline -0.001 -10"><span class='ocrx_word' id='word_1_85' title='bbox 182 610 255 644; x_wconf 79' lang='lat' dir='ltr'>seio</span> <span class='ocrx_word' id='word_1_86' title='bbox 278 611 378 643; x_wconf 87' lang='lat' dir='ltr'>recte</span> <span class='ocrx_word' id='word_1_87' title='bbox 405 620 473 643; x_wconf 88' lang='lat' dir='ltr'>om.</span> <span class='ocrx_word' id='word_1_88' title='bbox 493 609 610 651; x_wconf 72' lang='lat' dir='ltr'>Wes,</span> <span class='ocrx_word' id='word_1_89' title='bbox 641 609 744 643; x_wconf 90' lang='lat' dir='ltr'>Boot.</span> <span class='ocrx_word' id='word_1_90' title='bbox 784 609 842 642; x_wconf 83' lang='lat' dir='ltr'>Ad</span> <span class='ocrx_word' id='word_1_91' title='bbox 866 621 900 653; x_wconf 88' lang='lat' dir='ltr'>p.</span> <span class='ocrx_word' id='word_1_92' title='bbox 923 612 977 642; x_wconf 88' lang='lat'>24.</span> <span class='ocrx_word' id='word_1_93' title='bbox 999 613 1029 643; x_wconf 90' lang='lat'>8.</span> <span class='ocrx_word' id='word_1_94' title='bbox 1065 629 1105 633; x_wconf 93' lang='lat'>—</span> <span class='ocrx_word' id='word_1_95' title='bbox 1140 613 1182 642; x_wconf 91' lang='lat'>13</span> <span class='ocrx_word' id='word_1_96' title='bbox 1210 609 1300 643; x_wconf 82' lang='lat' dir='ltr'>XII</span> <span class='ocrx_word' id='word_1_97' title='bbox 1320 621 1385 643; x_wconf 85' lang='lat' dir='ltr'>scr.</span> <span class='ocrx_word' id='word_1_98' title='bbox 1406 608 1518 651; x_wconf 75' lang='lat' dir='ltr'>Wes,</span> 
     </span>
     <span class='ocr_line' id='line_1_12' title="bbox 183 655 1517 700; baseline -0.001 -10"><span class='ocrx_word' id='word_1_99' title='bbox 183 656 327 700; x_wconf 80' lang='lat' dir='ltr'>Tyrrell</span> <span class='ocrx_word' id='word_1_100' title='bbox 353 667 407 700; x_wconf 87' lang='lat' dir='ltr'>ep.</span> <span class='ocrx_word' id='word_1_101' title='bbox 430 660 508 698; x_wconf 84' lang='lat'>322,</span> <span class='ocrx_word' id='word_1_102' title='bbox 536 656 627 690; x_wconf 90' lang='lat' dir='ltr'>coni.</span> <span class='ocrx_word' id='word_1_103' title='bbox 649 656 744 689; x_wconf 86' lang='lat' dir='ltr'>Boot</span> <span class='ocrx_word' id='word_1_104' title='bbox 770 666 788 689; x_wconf 91' lang='lat' dir='ltr'>e</span> <span class='ocrx_word' id='word_1_105' title='bbox 812 668 847 700; x_wconf 85' lang='lat' dir='ltr'>p.</span> <span class='ocrx_word' id='word_1_106' title='bbox 870 659 947 689; x_wconf 88' lang='grc'>244.</span> <span class='ocrx_word' id='word_1_107' title='bbox 964 659 996 698; x_wconf 86' lang='grc'>2,</span> <span class='ocrx_word' id='word_1_108' title='bbox 1022 656 1090 689; x_wconf 87' lang='lat' dir='ltr'>XI</span> <span class='ocrx_word' id='word_1_109' title='bbox 1110 656 1225 698; x_wconf 81' lang='lat' dir='ltr'>codd,</span> <span class='ocrx_word' id='word_1_110' title='bbox 1250 656 1388 699; x_wconf 85' lang='lat' dir='ltr'>Baiter,</span> <span class='ocrx_word' id='word_1_111' title='bbox 1412 655 1517 689; x_wconf 90' lang='lat' dir='ltr'>Boot.</span> 
     </span>
     <span class='ocr_line' id='line_1_13' title="bbox 183 702 1518 746; baseline -0.001 -10"><span class='ocrx_word' id='word_1_112' title='bbox 183 723 229 728; x_wconf 92' lang='lat'>—</span> <span class='ocrx_word' id='word_1_113' title='bbox 253 703 304 736; x_wconf 74' lang='lat' dir='ltr'>sb.</span> <span class='ocrx_word' id='word_1_114' title='bbox 328 703 487 736; x_wconf 83' lang='lat' dir='ltr'>alterum</span> <span class='ocrx_word' id='word_1_115' title='bbox 511 714 589 737; x_wconf 79' lang='lat' dir='ltr'>eum</span> <span class='ocrx_word' id='word_1_116' title='bbox 617 703 700 736; x_wconf 86' lang='lat' dir='ltr'>add.</span> <span class='ocrx_word' id='word_1_117' title='bbox 722 702 794 745; x_wconf 57' lang='grc' dir='ltr'>ΜΞ,</span> <span class='ocrx_word' id='word_1_118' title='bbox 827 702 1017 744; x_wconf 81' lang='lat' dir='ltr'>Wesenb.,</span> <span class='ocrx_word' id='word_1_119' title='bbox 1049 702 1154 745; x_wconf 86' lang='lat' dir='ltr'>Boot,</span> <span class='ocrx_word' id='word_1_120' title='bbox 1180 702 1335 746; x_wconf 74' lang='lat' dir='ltr'>Tyrrell,</span> <span class='ocrx_word' id='word_1_121' title='bbox 1362 713 1430 736; x_wconf 89' lang='lat' dir='ltr'>om.</span> <span class='ocrx_word' id='word_1_122' title='bbox 1451 702 1518 744; x_wconf 73' lang='lat' dir='ltr'>Ml,</span> 
     </span>
     <span class='ocr_line' id='line_1_14' title="bbox 182 749 1518 793; baseline 0 -10"><span class='ocrx_word' id='word_1_123' title='bbox 182 750 319 783; x_wconf 83' lang='lat' dir='ltr'>Baiter.</span> <span class='ocrx_word' id='word_1_124' title='bbox 359 771 403 774; x_wconf 97' lang='lat'><strong>—</strong></span> <span class='ocrx_word' id='word_1_125' title='bbox 442 754 484 783; x_wconf 86' lang='lat'>27</span> <span class='ocrx_word' id='word_1_126' title='bbox 518 751 577 784; x_wconf 76' lang='lat' dir='ltr'>cui</span> <span class='ocrx_word' id='word_1_127' title='bbox 605 760 672 793; x_wconf 88' lang='lat' dir='ltr'>pro</span> <span class='ocrx_word' id='word_1_128' title='bbox 704 750 767 783; x_wconf 79' lang='lat' dir='ltr'>ubi</span> <span class='ocrx_word' id='word_1_129' title='bbox 791 749 976 792; x_wconf 75' lang='lat' dir='ltr'>Lambin,</span> <span class='ocrx_word' id='word_1_130' title='bbox 1007 749 1134 783; x_wconf 83' lang='lat' dir='ltr'>Baiter</span> <span class='ocrx_word' id='word_1_131' title='bbox 1159 749 1241 783; x_wconf 87' lang='lat' dir='ltr'>fals.</span> <span class='ocrx_word' id='word_1_132' title='bbox 1286 749 1438 783; x_wconf 83' lang='lat' dir='ltr'>Praeter</span> <span class='ocrx_word' id='word_1_133' title='bbox 1463 759 1518 792; x_wconf 88' lang='lat' dir='ltr'>ea,</span> 
     </span>
     <span class='ocr_line' id='line_1_15' title="bbox 184 795 1518 839; baseline -0.001 -9"><span class='ocrx_word' id='word_1_134' title='bbox 184 807 279 839; x_wconf 86' lang='lat' dir='ltr'>quae</span> <span class='ocrx_word' id='word_1_135' title='bbox 313 796 419 830; x_wconf 84' lang='lat' dir='ltr'>affert</span> <span class='ocrx_word' id='word_1_136' title='bbox 444 796 554 839; x_wconf 84' lang='lat' dir='ltr'>Boot,</span> <span class='ocrx_word' id='word_1_137' title='bbox 587 808 617 829; x_wconf 74' lang='lat' dir='ltr'>V.</span> <span class='ocrx_word' id='word_1_138' title='bbox 641 795 730 829; x_wconf 86' lang='lat' dir='ltr'>Caes</span> <span class='ocrx_word' id='word_1_139' title='bbox 763 796 796 829; x_wconf 81' lang='lat' dir='ltr'>b.</span> <span class='ocrx_word' id='word_1_140' title='bbox 820 796 884 829; x_wconf 68' lang='lat' dir='ltr'>ciV.</span> <span class='ocrx_word' id='word_1_141' title='bbox 905 796 955 829; x_wconf 87' lang='grc' dir='ltr'>ΙΠ</span> <span class='ocrx_word' id='word_1_142' title='bbox 976 799 1028 830; x_wconf 89' lang='grc'>12.</span> <span class='ocrx_word' id='word_1_143' title='bbox 1052 799 1088 837; x_wconf 88' lang='grc'>1,</span> <span class='ocrx_word' id='word_1_144' title='bbox 1121 796 1155 829; x_wconf 78' lang='lat' dir='ltr'>b.</span> <span class='ocrx_word' id='word_1_145' title='bbox 1176 796 1252 829; x_wconf 78' lang='lat' dir='ltr'>Afr.</span> <span class='ocrx_word' id='word_1_146' title='bbox 1275 800 1328 830; x_wconf 88' lang='lat'>33.</span> <span class='ocrx_word' id='word_1_147' title='bbox 1351 800 1382 838; x_wconf 79' lang='lat'>3,</span> <span class='ocrx_word' id='word_1_148' title='bbox 1416 799 1470 830; x_wconf 85' lang='lat'>34.</span> <span class='ocrx_word' id='word_1_149' title='bbox 1487 799 1518 838; x_wconf 89' lang='lat'>2,</span> 
     </span>
     <span class='ocr_line' id='line_1_16' title="bbox 186 842 1520 887; baseline -0.001 -10"><span class='ocrx_word' id='word_1_150' title='bbox 186 846 238 877; x_wconf 87' lang='lat'>76.</span> <span class='ocrx_word' id='word_1_151' title='bbox 262 848 293 885; x_wconf 90' lang='lat'>1,</span> <span class='ocrx_word' id='word_1_152' title='bbox 321 847 374 876; x_wconf 82' lang='lat'>86.</span> <span class='ocrx_word' id='word_1_153' title='bbox 397 847 428 885; x_wconf 90' lang='lat'>3,</span> <span class='ocrx_word' id='word_1_154' title='bbox 454 842 558 876; x_wconf 84' lang='lat' dir='ltr'>Varr.</span> <span class='ocrx_word' id='word_1_155' title='bbox 579 842 602 876; x_wconf 91' lang='lat' dir='ltr'>l.</span> <span class='ocrx_word' id='word_1_156' title='bbox 618 843 655 876; x_wconf 87' lang='lat' dir='ltr'>L.</span> <span class='ocrx_word' id='word_1_157' title='bbox 677 842 743 875; x_wconf 81' lang='lat' dir='ltr'>VH</span> <span class='ocrx_word' id='word_1_158' title='bbox 765 846 841 876; x_wconf 90' lang='lat'>102.</span> <span class='ocrx_word' id='word_1_159' title='bbox 863 864 907 868; x_wconf 89' lang='lat'>-—</span> <span class='ocrx_word' id='word_1_160' title='bbox 941 847 985 876; x_wconf 94' lang='lat'>30</span> <span class='ocrx_word' id='word_1_161' title='bbox 1011 844 1157 887; x_wconf 78' lang='lat' dir='ltr'>cepisses</span> <span class='ocrx_word' id='word_1_162' title='bbox 1180 843 1309 877; x_wconf 84' lang='lat' dir='ltr'>Baiter</span> <span class='ocrx_word' id='word_1_163' title='bbox 1332 844 1433 877; x_wconf 87' lang='lat' dir='ltr'>recte</span> <span class='ocrx_word' id='word_1_164' title='bbox 1458 843 1520 887; x_wconf 88' lang='lat' dir='ltr'>(ad</span> 
     </span>
     <span class='ocr_line' id='line_1_17' title="bbox 183 889 1517 935; baseline 0 -12"><span class='ocrx_word' id='word_1_165' title='bbox 183 902 218 934; x_wconf 89' lang='lat' dir='ltr'>p.</span> <span class='ocrx_word' id='word_1_166' title='bbox 244 894 298 923; x_wconf 88' lang='lat'>24.</span> <span class='ocrx_word' id='word_1_167' title='bbox 320 892 371 934; x_wconf 81' lang='lat'>8),</span> <span class='ocrx_word' id='word_1_168' title='bbox 404 891 530 935; x_wconf 73' lang='lat' dir='ltr'>†pere.</span> <span class='ocrx_word' id='word_1_169' title='bbox 551 889 741 932; x_wconf 72' lang='lat' dir='ltr'>Wesenb.,</span> <span class='ocrx_word' id='word_1_170' title='bbox 770 901 889 934; x_wconf 73' lang='lat' dir='ltr'>praec.</span> <span class='ocrx_word' id='word_1_171' title='bbox 915 889 1024 933; x_wconf 77' lang='lat' dir='ltr'>vulg..</span> <span class='ocrx_word' id='word_1_172' title='bbox 1056 890 1166 933; x_wconf 90' lang='lat' dir='ltr'>Boot,</span> <span class='ocrx_word' id='word_1_173' title='bbox 1193 889 1338 934; x_wconf 70' lang='lat' dir='ltr'>Tyrrell</span> <span class='ocrx_word' id='word_1_174' title='bbox 1363 900 1418 934; x_wconf 88' lang='lat' dir='ltr'>ep.</span> <span class='ocrx_word' id='word_1_175' title='bbox 1439 893 1517 923; x_wconf 88' lang='lat'>327.</span> 
     </span>
     <span class='ocr_line' id='line_1_18' title="bbox 184 936 1519 980; baseline 0 -9"><span class='ocrx_word' id='word_1_176' title='bbox 184 957 229 961; x_wconf 80' lang='lat'>—</span> <span class='ocrx_word' id='word_1_177' title='bbox 256 940 299 970; x_wconf 83' lang='lat'>32</span> <span class='ocrx_word' id='word_1_178' title='bbox 325 941 357 971; x_wconf 75' lang='lat' dir='ltr'>et</span> <span class='ocrx_word' id='word_1_179' title='bbox 382 948 458 970; x_wconf 77' lang='lat' dir='ltr'>eam</span> <span class='ocrx_word' id='word_1_180' title='bbox 484 936 613 970; x_wconf 86' lang='lat' dir='ltr'>addidi</span> <span class='ocrx_word' id='word_1_181' title='bbox 639 938 818 980; x_wconf 85' lang='lat' dir='ltr'>(poteram</span> <span class='ocrx_word' id='word_1_182' title='bbox 845 936 959 970; x_wconf 87' lang='lat' dir='ltr'>etiam</span> <span class='ocrx_word' id='word_1_183' title='bbox 983 941 1015 970; x_wconf 83' lang='lat' dir='ltr'>et</span> <span class='ocrx_word' id='word_1_184' title='bbox 1039 937 1150 979; x_wconf 79' lang='lat' dir='ltr'>illam,</span> <span class='ocrx_word' id='word_1_185' title='bbox 1183 941 1215 971; x_wconf 75' lang='lat' dir='ltr'>et</span> <span class='ocrx_word' id='word_1_186' title='bbox 1239 941 1360 979; x_wconf 79' lang='lat' dir='ltr'>totam,</span> <span class='ocrx_word' id='word_1_187' title='bbox 1386 941 1418 971; x_wconf 77' lang='lat' dir='ltr'>et</span> <span class='ocrx_word' id='word_1_188' title='bbox 1431 947 1519 980; x_wconf 76' lang='lat' dir='ltr'>pro-</span> 
     </span>
     <span class='ocr_line' id='line_1_19' title="bbox 182 983 1520 1028; baseline 0 -11"><span class='ocrx_word' id='word_1_189' title='bbox 182 985 335 1026; x_wconf 64' lang='lat' dir='ltr'>oeimamg</span> <span class='ocrx_word' id='word_1_190' title='bbox 363 984 428 1017; x_wconf 89' lang='lat' dir='ltr'>sed</span> <span class='ocrx_word' id='word_1_191' title='bbox 453 983 497 1017; x_wconf 89' lang='lat' dir='ltr'>cf.</span> <span class='ocrx_word' id='word_1_192' title='bbox 518 995 552 1027; x_wconf 88' lang='lat' dir='ltr'>p.</span> <span class='ocrx_word' id='word_1_193' title='bbox 575 987 651 1016; x_wconf 83' lang='lat'>222.</span> <span class='ocrx_word' id='word_1_194' title='bbox 675 986 731 1028; x_wconf 82' lang='grc'>16)</span> <span class='ocrx_word' id='word_1_195' title='bbox 759 983 898 1016; x_wconf 87' lang='lat' dir='ltr'>dictum</span> <span class='ocrx_word' id='word_1_196' title='bbox 924 994 965 1016; x_wconf 93' lang='lat' dir='ltr'>eo</span> <span class='ocrx_word' id='word_1_197' title='bbox 991 983 1098 1016; x_wconf 91' lang='lat' dir='ltr'>modo</span> <span class='ocrx_word' id='word_1_198' title='bbox 1126 994 1197 1025; x_wconf 87' lang='lat' dir='ltr'>quo</span> <span class='ocrx_word' id='word_1_199' title='bbox 1222 987 1350 1027; x_wconf 86' lang='lat' dir='ltr'>p.150.</span> <span class='ocrx_word' id='word_1_200' title='bbox 1368 987 1410 1016; x_wconf 88' lang='grc'>16</span> <span class='ocrx_word' id='word_1_201' title='bbox 1437 995 1520 1027; x_wconf 77' lang='lat' dir='ltr'>qua</span> 
     </span>
     <span class='ocr_line' id='line_1_20' title="bbox 183 1030 1519 1075; baseline 0.001 -12"><span class='ocrx_word' id='word_1_202' title='bbox 183 1031 224 1063; x_wconf 73' lang='lat' dir='ltr'>in</span> <span class='ocrx_word' id='word_1_203' title='bbox 248 1032 351 1075; x_wconf 76' lang='lat' dir='ltr'>fuya,</span> <span class='ocrx_word' id='word_1_204' title='bbox 378 1034 455 1063; x_wconf 89' lang='lat'>240.</span> <span class='ocrx_word' id='word_1_205' title='bbox 470 1034 511 1063; x_wconf 88' lang='lat'>21</span> <span class='ocrx_word' id='word_1_206' title='bbox 539 1031 606 1064; x_wconf 76' lang='lat' dir='ltr'>iter</span> <span class='ocrx_word' id='word_1_207' title='bbox 630 1030 763 1072; x_wconf 66' lang='lat' dir='ltr'>illud,</span> <span class='ocrx_word' id='word_1_208' title='bbox 789 1034 903 1063; x_wconf 94' lang='lat'>417.1</span> <span class='ocrx_word' id='word_1_209' title='bbox 932 1041 1019 1063; x_wconf 75' lang='lat' dir='ltr'>eam</span> <span class='ocrx_word' id='word_1_210' title='bbox 1045 1030 1244 1073; x_wconf 77' lang='lat' dir='ltr'>epistulam,</span> <span class='ocrx_word' id='word_1_211' title='bbox 1270 1033 1349 1063; x_wconf 92' lang='lat'>487.</span> <span class='ocrx_word' id='word_1_212' title='bbox 1365 1033 1408 1063; x_wconf 91' lang='lat'>27</span> <span class='ocrx_word' id='word_1_213' title='bbox 1429 1041 1519 1064; x_wconf 79' lang='lat' dir='ltr'>eum</span> 
     </span>
     <span class='ocr_line' id='line_1_21' title="bbox 185 1075 1518 1121; baseline 0 -11"><span class='ocrx_word' id='word_1_214' title='bbox 185 1077 341 1111; x_wconf 72' lang='lat' dir='ltr'>libellum</span> <span class='ocrx_word' id='word_1_215' title='bbox 373 1076 430 1119; x_wconf 88' lang='lat' dir='ltr'>(cf.</span> <span class='ocrx_word' id='word_1_216' title='bbox 453 1077 501 1109; x_wconf 87' lang='lat' dir='ltr'>ad</span> <span class='ocrx_word' id='word_1_217' title='bbox 528 1075 623 1110; x_wconf 87' lang='lat' dir='ltr'>Cael.</span> <span class='ocrx_word' id='word_1_218' title='bbox 644 1088 679 1120; x_wconf 88' lang='lat' dir='ltr'>p.</span> <span class='ocrx_word' id='word_1_219' title='bbox 701 1080 755 1110; x_wconf 90' lang='lat'>84.</span> <span class='ocrx_word' id='word_1_220' title='bbox 778 1078 828 1120; x_wconf 84' lang='lat'>9),</span> <span class='ocrx_word' id='word_1_221' title='bbox 859 1080 891 1110; x_wconf 74' lang='lat' dir='ltr'>et</span> <span class='ocrx_word' id='word_1_222' title='bbox 917 1076 1015 1118; x_wconf 89' lang='lat' dir='ltr'>edd.,</span> <span class='ocrx_word' id='word_1_223' title='bbox 1049 1076 1236 1120; x_wconf 87' lang='lat' dir='ltr'>particula</span> <span class='ocrx_word' id='word_1_224' title='bbox 1268 1076 1386 1110; x_wconf 88' lang='lat' dir='ltr'>careri</span> <span class='ocrx_word' id='word_1_225' title='bbox 1409 1087 1518 1121; x_wconf 87' lang='lat' dir='ltr'>posse</span> 
     </span>
     <span class='ocr_line' id='line_1_22' title="bbox 182 1122 1519 1168; baseline 0.001 -12"><span class='ocrx_word' id='word_1_226' title='bbox 182 1125 293 1168; x_wconf 86' lang='lat' dir='ltr'>putat</span> <span class='ocrx_word' id='word_1_227' title='bbox 323 1123 514 1157; x_wconf 81' lang='lat' dir='ltr'>Lehmann</span> <span class='ocrx_word' id='word_1_228' title='bbox 546 1122 693 1164; x_wconf 80' lang='lat' dir='ltr'>Quaest.</span> <span class='ocrx_word' id='word_1_229' title='bbox 714 1135 748 1166; x_wconf 86' lang='lat' dir='ltr'>p.</span> <span class='ocrx_word' id='word_1_230' title='bbox 769 1127 830 1165; x_wconf 82' lang='lat'>25,</span> <span class='ocrx_word' id='word_1_231' title='bbox 868 1133 954 1156; x_wconf 88' lang='lat' dir='ltr'>nam</span> <span class='ocrx_word' id='word_1_232' title='bbox 991 1133 1035 1156; x_wconf 79' lang='lat' dir='ltr'>ex</span> <span class='ocrx_word' id='word_1_233' title='bbox 1064 1134 1099 1167; x_wconf 78' lang='lat' dir='ltr'>p.</span> <span class='ocrx_word' id='word_1_234' title='bbox 1121 1126 1198 1157; x_wconf 84' lang='lat'>238.</span> <span class='ocrx_word' id='word_1_235' title='bbox 1222 1126 1264 1157; x_wconf 89' lang='grc'>16</span> <span class='ocrx_word' id='word_1_236' title='bbox 1296 1124 1390 1158; x_wconf 74' lang='lat' dir='ltr'>hanc</span> <span class='ocrx_word' id='word_1_237' title='bbox 1418 1134 1519 1158; x_wconf 83' lang='lat' dir='ltr'>oram</span> 
     </span>
     <span class='ocr_line' id='line_1_23' title="bbox 185 1169 1510 1214; baseline 0.001 -11"><span class='ocrx_word' id='word_1_238' title='bbox 185 1180 365 1214; x_wconf 84' lang='lat' dir='ltr'>apparere</span> <span class='ocrx_word' id='word_1_239' title='bbox 383 1169 478 1203; x_wconf 85' lang='lat' dir='ltr'>nihil</span> <span class='ocrx_word' id='word_1_240' title='bbox 496 1169 674 1203; x_wconf 87' lang='lat' dir='ltr'>interesse</span> <span class='ocrx_word' id='word_1_241' title='bbox 694 1169 791 1203; x_wconf 88' lang='lat' dir='ltr'>inter</span> <span class='ocrx_word' id='word_1_242' title='bbox 813 1170 1052 1204; x_wconf 72' lang='lat' dir='ltr'>Tarracinam</span> <span class='ocrx_word' id='word_1_243' title='bbox 1072 1176 1109 1203; x_wconf 81' lang='lat' dir='ltr'>et</span> <span class='ocrx_word' id='word_1_244' title='bbox 1127 1180 1227 1204; x_wconf 79' lang='lat' dir='ltr'>oram</span> <span class='ocrx_word' id='word_1_245' title='bbox 1245 1170 1474 1205; x_wconf 70' lang='lat' dir='ltr'>maritimam.</span> <span class='ocrx_word' id='word_1_246' title='bbox 1508 1177 1510 1195; x_wconf 78' lang='lat'><em>¹</em></span> 
     </span>
    </p>

    <p class='ocr_par' dir='ltr' id='par_1_3' title="bbox 175 1215 1518 2334">
     <span class='ocr_line' id='line_1_24' title="bbox 231 1215 1517 1260; baseline 0 -10"><span class='ocrx_word' id='word_1_247' title='bbox 231 1217 276 1251; x_wconf 90' lang='lat' dir='ltr'>P.</span> <span class='ocrx_word' id='word_1_248' title='bbox 298 1216 387 1250; x_wconf 82' lang='grc'>238.</span> <span class='ocrx_word' id='word_1_249' title='bbox 409 1220 451 1250; x_wconf 88' lang='lat'>19</span> <span class='ocrx_word' id='word_1_250' title='bbox 489 1217 547 1250; x_wconf 74' lang='lat' dir='ltr'>sin</span> <span class='ocrx_word' id='word_1_251' title='bbox 578 1217 699 1250; x_wconf 72' lang='lat' dir='ltr'>omma</span> <span class='ocrx_word' id='word_1_252' title='bbox 734 1217 772 1250; x_wconf 73' lang='lat' dir='ltr'>in</span> <span class='ocrx_word' id='word_1_253' title='bbox 804 1228 918 1250; x_wconf 69' lang='lat' dir='ltr'>unum</span> <span class='ocrx_word' id='word_1_254' title='bbox 948 1215 1044 1260; x_wconf 73' lang='lat' dir='ltr'>vulg.</span> <span class='ocrx_word' id='word_1_255' title='bbox 1071 1218 1177 1259; x_wconf 52' lang='lat' dir='ltr'>vett„</span> <span class='ocrx_word' id='word_1_256' title='bbox 1214 1216 1324 1259; x_wconf 84' lang='lat' dir='ltr'>Boot,</span> <span class='ocrx_word' id='word_1_257' title='bbox 1362 1216 1517 1260; x_wconf 74' lang='lat' dir='ltr'>Tyr-rell,</span> 
     </span>
     <span class='ocr_line' id='line_1_25' title="bbox 183 1262 1518 1307; baseline 0 -10"><span class='ocrx_word' id='word_1_258' title='bbox 183 1264 241 1298; x_wconf 75' lang='lat' dir='ltr'>sm</span> <span class='ocrx_word' id='word_1_259' title='bbox 279 1265 400 1297; x_wconf 72' lang='lat' dir='ltr'>omnia</span> <span class='ocrx_word' id='word_1_260' title='bbox 436 1275 549 1297; x_wconf 67' lang='lat' dir='ltr'>‘einum</span> <span class='ocrx_word' id='word_1_261' title='bbox 586 1264 626 1296; x_wconf 70' lang='lat' dir='ltr'>in</span> <span class='ocrx_word' id='word_1_262' title='bbox 656 1263 800 1305; x_wconf 83' lang='lat' dir='ltr'>Baiter,</span> <span class='ocrx_word' id='word_1_263' title='bbox 839 1262 1029 1305; x_wconf 82' lang='lat' dir='ltr'>Wesenb.,</span> <span class='ocrx_word' id='word_1_264' title='bbox 1068 1264 1109 1297; x_wconf 72' lang='lat' dir='ltr'>in</span> <span class='ocrx_word' id='word_1_265' title='bbox 1146 1264 1268 1297; x_wconf 73' lang='lat' dir='ltr'>omnia</span> <span class='ocrx_word' id='word_1_266' title='bbox 1305 1275 1418 1298; x_wconf 65' lang='lat' dir='ltr'>uotum</span> <span class='ocrx_word' id='word_1_267' title='bbox 1456 1264 1518 1307; x_wconf 81' lang='lat' dir='ltr'>(ad</span> 
     </span>
     <span class='ocr_line' id='line_1_26' title="bbox 182 1309 1515 1354; baseline 0.001 -11"><span class='ocrx_word' id='word_1_268' title='bbox 182 1322 217 1354; x_wconf 88' lang='lat' dir='ltr'>p.</span> <span class='ocrx_word' id='word_1_269' title='bbox 242 1314 294 1344; x_wconf 89' lang='lat'>17.</span> <span class='ocrx_word' id='word_1_270' title='bbox 316 1311 373 1354; x_wconf 89' lang='lat'>27)</span> <span class='ocrx_word' id='word_1_271' title='bbox 399 1309 466 1352; x_wconf 74' lang='lat' dir='ltr'>M1,</span> <span class='ocrx_word' id='word_1_272' title='bbox 493 1311 612 1343; x_wconf 72' lang='lat' dir='ltr'>omnia</span> <span class='ocrx_word' id='word_1_273' title='bbox 638 1310 678 1343; x_wconf 63' lang='lat' dir='ltr'>ior</span> <span class='ocrx_word' id='word_1_274' title='bbox 702 1321 816 1344; x_wconf 66' lang='lat' dir='ltr'>‘amem</span> <span class='ocrx_word' id='word_1_275' title='bbox 841 1309 906 1343; x_wconf 56' lang='grc' dir='ltr'>ΜΞ.</span> <span class='ocrx_word' id='word_1_276' title='bbox 927 1331 972 1334; x_wconf 82' lang='grc'>-</span> <span class='ocrx_word' id='word_1_277' title='bbox 993 1313 1036 1343; x_wconf 88' lang='grc'>30</span> <span class='ocrx_word' id='word_1_278' title='bbox 1064 1312 1099 1343; x_wconf 89' lang='lat' dir='ltr'>et</span> <span class='ocrx_word' id='word_1_279' title='bbox 1126 1313 1203 1343; x_wconf 84' lang='lat'>267.</span> <span class='ocrx_word' id='word_1_280' title='bbox 1220 1313 1239 1343; x_wconf 87' lang='grc'>8</span> <span class='ocrx_word' id='word_1_281' title='bbox 1259 1312 1345 1354; x_wconf 87' lang='lat' dir='ltr'>post</span> <span class='ocrx_word' id='word_1_282' title='bbox 1364 1311 1409 1344; x_wconf 86' lang='lat' dir='ltr'>B.</span> <span class='ocrx_word' id='word_1_283' title='bbox 1432 1311 1515 1344; x_wconf 85' lang='lat' dir='ltr'>add.</span> 
     </span>
     <span class='ocr_line' id='line_1_27' title="bbox 183 1356 1515 1401; baseline 0.002 -12"><span class='ocrx_word' id='word_1_284' title='bbox 183 1357 230 1390; x_wconf 89' lang='grc' dir='ltr'><em>Ε</em></span> <span class='ocrx_word' id='word_1_285' title='bbox 251 1356 431 1390; x_wconf 86' lang='lat' dir='ltr'>Lambino</span> <span class='ocrx_word' id='word_1_286' title='bbox 459 1358 608 1390; x_wconf 84' lang='lat' dir='ltr'>auctore</span> <span class='ocrx_word' id='word_1_287' title='bbox 635 1356 728 1399; x_wconf 87' lang='lat' dir='ltr'>edd,</span> <span class='ocrx_word' id='word_1_288' title='bbox 755 1356 828 1391; x_wconf 72' lang='lat' dir='ltr'>Sub</span> <span class='ocrx_word' id='word_1_289' title='bbox 848 1356 914 1398; x_wconf 72' lang='lat' dir='ltr'>Ml,</span> <span class='ocrx_word' id='word_1_290' title='bbox 942 1356 1012 1390; x_wconf 80' lang='grc'>(161</span> <span class='ocrx_word' id='word_1_291' title='bbox 1034 1356 1099 1390; x_wconf 60' lang='grc' dir='ltr'>ΜΞ.</span> <span class='ocrx_word' id='word_1_292' title='bbox 1136 1356 1194 1390; x_wconf 83' lang='lat' dir='ltr'>Ad</span> <span class='ocrx_word' id='word_1_293' title='bbox 1213 1356 1299 1390; x_wconf 90' lang='lat' dir='ltr'>fam.</span> <span class='ocrx_word' id='word_1_294' title='bbox 1314 1369 1350 1401; x_wconf 86' lang='lat' dir='ltr'>p</span> <span class='ocrx_word' id='word_1_295' title='bbox 1367 1360 1444 1391; x_wconf 84' lang='lat'>195.</span> <span class='ocrx_word' id='word_1_296' title='bbox 1461 1361 1515 1391; x_wconf 89' lang='lat'>28.</span> 
     </span>
     <span class='ocr_line' id='line_1_28' title="bbox 184 1403 1518 1447; baseline 0.002 -11"><span class='ocrx_word' id='word_1_297' title='bbox 184 1424 228 1428; x_wconf 93' lang='lat'><em>-</em></span> <span class='ocrx_word' id='word_1_298' title='bbox 264 1407 306 1437; x_wconf 87' lang='grc'>33</span> <span class='ocrx_word' id='word_1_299' title='bbox 341 1404 562 1447; x_wconf 67' lang='lat' dir='ltr'>Maynopere</span> <span class='ocrx_word' id='word_1_300' title='bbox 600 1414 666 1437; x_wconf 85' lang='lat' dir='ltr'>sua</span> <span class='ocrx_word' id='word_1_301' title='bbox 699 1405 828 1447; x_wconf 87' lang='lat' dir='ltr'>sponte</span> <span class='ocrx_word' id='word_1_302' title='bbox 859 1403 962 1437; x_wconf 84' lang='lat' dir='ltr'>Boot.</span> <span class='ocrx_word' id='word_1_303' title='bbox 1013 1405 1024 1447; x_wconf 79' lang='grc' dir='ltr'>Η</span> <span class='ocrx_word' id='word_1_304' title='bbox 1078 1403 1124 1437; x_wconf 91' lang='lat' dir='ltr'>P.</span> <span class='ocrx_word' id='word_1_305' title='bbox 1146 1403 1235 1437; x_wconf 82' lang='grc'>239.</span> <span class='ocrx_word' id='word_1_306' title='bbox 1259 1407 1278 1437; x_wconf 89' lang='grc'>7</span> <span class='ocrx_word' id='word_1_307' title='bbox 1310 1404 1518 1447; x_wconf 81' lang='lat' dir='ltr'>†misissem</span> 
     </span>
     <span class='ocr_line' id='line_1_29' title="bbox 183 1449 1517 1494; baseline 0.001 -11"><span class='ocrx_word' id='word_1_308' title='bbox 183 1449 355 1484; x_wconf 84' lang='lat' dir='ltr'>Wesenb</span> <span class='ocrx_word' id='word_1_309' title='bbox 388 1450 479 1483; x_wconf 91' lang='lat' dir='ltr'>coni.</span> <span class='ocrx_word' id='word_1_310' title='bbox 509 1451 592 1484; x_wconf 78' lang='lat' dir='ltr'>misi</span> <span class='ocrx_word' id='word_1_311' title='bbox 628 1461 686 1484; x_wconf 77' lang='lat' dir='ltr'>eas</span> <span class='ocrx_word' id='word_1_312' title='bbox 725 1452 789 1483; x_wconf 87' lang='lat' dir='ltr'>aut</span> <span class='ocrx_word' id='word_1_313' title='bbox 823 1451 920 1492; x_wconf 70' lang='lat' dir='ltr'>misi,</span> <span class='ocrx_word' id='word_1_314' title='bbox 958 1449 1061 1483; x_wconf 88' lang='lat' dir='ltr'>Boot.</span> <span class='ocrx_word' id='word_1_315' title='bbox 1112 1449 1206 1483; x_wconf 88' lang='lat' dir='ltr'>Mihi</span> <span class='ocrx_word' id='word_1_316' title='bbox 1236 1450 1517 1494; x_wconf 85' lang='lat' dir='ltr'>plusquamper-</span> 
     </span>
     <span class='ocr_line' id='line_1_30' title="bbox 182 1496 1516 1541; baseline 0 -11"><span class='ocrx_word' id='word_1_317' title='bbox 182 1497 321 1531; x_wconf 87' lang='lat' dir='ltr'>fectum</span> <span class='ocrx_word' id='word_1_318' title='bbox 348 1497 395 1529; x_wconf 79' lang='lat' dir='ltr'>ad</span> <span class='ocrx_word' id='word_1_319' title='bbox 419 1497 649 1530; x_wconf 75' lang='lat' dir='ltr'>iedditarnm</span> <span class='ocrx_word' id='word_1_320' title='bbox 674 1496 883 1530; x_wconf 86' lang='lat' dir='ltr'>litterarum</span> <span class='ocrx_word' id='word_1_321' title='bbox 907 1498 1052 1540; x_wconf 90' lang='lat' dir='ltr'>tempus</span> <span class='ocrx_word' id='word_1_322' title='bbox 1078 1497 1202 1540; x_wconf 86' lang='lat' dir='ltr'>potius</span> <span class='ocrx_word' id='word_1_323' title='bbox 1230 1507 1341 1540; x_wconf 85' lang='lat' dir='ltr'>quam</span> <span class='ocrx_word' id='word_1_324' title='bbox 1362 1498 1411 1530; x_wconf 90' lang='lat' dir='ltr'>ad</span> <span class='ocrx_word' id='word_1_325' title='bbox 1431 1507 1516 1541; x_wconf 86' lang='lat' dir='ltr'>apo-</span> 
     </span>
     <span class='ocr_line' id='line_1_31' title="bbox 183 1543 1517 1588; baseline 0 -11"><span class='ocrx_word' id='word_1_326' title='bbox 183 1544 288 1578; x_wconf 86' lang='lat' dir='ltr'>desin</span> <span class='ocrx_word' id='word_1_327' title='bbox 319 1544 489 1577; x_wconf 71' lang='lat' dir='ltr'>habebam</span> <span class='ocrx_word' id='word_1_328' title='bbox 521 1544 837 1577; x_wconf 85' lang='lat' dir='ltr'>accommodatum</span> <span class='ocrx_word' id='word_1_329' title='bbox 870 1554 948 1577; x_wconf 88' lang='lat' dir='ltr'>esse</span> <span class='ocrx_word' id='word_1_330' title='bbox 972 1543 1128 1577; x_wconf 72' lang='lat' dir='ltr'>videtur.</span> <span class='ocrx_word' id='word_1_331' title='bbox 1162 1564 1205 1568; x_wconf 97' lang='lat'><strong>—</strong></span> <span class='ocrx_word' id='word_1_332' title='bbox 1245 1548 1287 1577; x_wconf 91' lang='lat'>13</span> <span class='ocrx_word' id='word_1_333' title='bbox 1313 1544 1369 1578; x_wconf 85' lang='lat' dir='ltr'>his</span> <span class='ocrx_word' id='word_1_334' title='bbox 1392 1544 1517 1588; x_wconf 86' lang='lat' dir='ltr'>potius</span> 
     </span>
     <span class='ocr_line' id='line_1_32' title="bbox 183 1590 1516 1635; baseline 0.001 -12"><span class='ocrx_word' id='word_1_335' title='bbox 183 1601 295 1634; x_wconf 85' lang='lat' dir='ltr'>quam</span> <span class='ocrx_word' id='word_1_336' title='bbox 316 1591 360 1624; x_wconf 80' lang='lat' dir='ltr'>iis</span> <span class='ocrx_word' id='word_1_337' title='bbox 380 1590 428 1633; x_wconf 82' lang='lat' dir='ltr'>M,</span> <span class='ocrx_word' id='word_1_338' title='bbox 454 1590 597 1633; x_wconf 61' lang='lat' dir='ltr'>Tyrrell</span> <span class='ocrx_word' id='word_1_339' title='bbox 626 1601 679 1634; x_wconf 84' lang='lat' dir='ltr'>ep.</span> <span class='ocrx_word' id='word_1_340' title='bbox 697 1594 774 1623; x_wconf 82' lang='grc'>343.</span> <span class='ocrx_word' id='word_1_341' title='bbox 813 1590 869 1623; x_wconf 78' lang='lat' dir='ltr'>Ad</span> <span class='ocrx_word' id='word_1_342' title='bbox 895 1602 929 1634; x_wconf 87' lang='lat' dir='ltr'>p.</span> <span class='ocrx_word' id='word_1_343' title='bbox 947 1594 1000 1623; x_wconf 89' lang='lat'>37.</span> <span class='ocrx_word' id='word_1_344' title='bbox 1017 1594 1070 1624; x_wconf 88' lang='lat'>37.</span> <span class='ocrx_word' id='word_1_345' title='bbox 1091 1611 1137 1615; x_wconf 88' lang='lat'>—</span> <span class='ocrx_word' id='word_1_346' title='bbox 1157 1594 1201 1624; x_wconf 87' lang='grc'>20</span> <span class='ocrx_word' id='word_1_347' title='bbox 1227 1590 1406 1624; x_wconf 72' lang='lat' dir='ltr'>Eserniae</span> <span class='ocrx_word' id='word_1_348' title='bbox 1431 1591 1516 1635; x_wconf 87' lang='lat' dir='ltr'>(-ie),</span> 
     </span>
     <span class='ocr_line' id='line_1_33' title="bbox 183 1636 1515 1681; baseline 0 -10"><span class='ocrx_word' id='word_1_349' title='bbox 183 1642 227 1671; x_wconf 86' lang='lat'>24</span> <span class='ocrx_word' id='word_1_350' title='bbox 254 1638 411 1671; x_wconf 62' lang='lat' dir='ltr'>Eserrzia</span> <span class='ocrx_word' id='word_1_351' title='bbox 439 1637 556 1678; x_wconf 81' lang='lat' dir='ltr'>codd,</span> <span class='ocrx_word' id='word_1_352' title='bbox 585 1637 786 1671; x_wconf 82' lang='lat' dir='ltr'>Schroeder</span> <span class='ocrx_word' id='word_1_353' title='bbox 810 1637 942 1670; x_wconf 86' lang='lat' dir='ltr'>Philol.</span> <span class='ocrx_word' id='word_1_354' title='bbox 958 1636 1055 1670; x_wconf 84' lang='lat' dir='ltr'>XLII</span> <span class='ocrx_word' id='word_1_355' title='bbox 1072 1649 1107 1681; x_wconf 89' lang='lat' dir='ltr'>p.</span> <span class='ocrx_word' id='word_1_356' title='bbox 1125 1640 1201 1670; x_wconf 89' lang='lat'>547.</span> <span class='ocrx_word' id='word_1_357' title='bbox 1223 1657 1267 1662; x_wconf 85' lang='lat'>—</span> <span class='ocrx_word' id='word_1_358' title='bbox 1288 1640 1332 1671; x_wconf 83' lang='lat'>28</span> <span class='ocrx_word' id='word_1_359' title='bbox 1353 1637 1435 1671; x_wconf 85' lang='lat' dir='ltr'>Eae</span> <span class='ocrx_word' id='word_1_360' title='bbox 1451 1648 1515 1681; x_wconf 91' lang='lat' dir='ltr'>po-</span> 
     </span>
     <span class='ocr_line' id='line_1_34' title="bbox 182 1683 1516 1728; baseline -0.001 -10"><span class='ocrx_word' id='word_1_361' title='bbox 182 1685 257 1718; x_wconf 88' lang='lat' dir='ltr'>tius</span> <span class='ocrx_word' id='word_1_362' title='bbox 284 1695 396 1727; x_wconf 85' lang='lat' dir='ltr'>quam</span> <span class='ocrx_word' id='word_1_363' title='bbox 414 1684 498 1718; x_wconf 76' lang='lat' dir='ltr'>Hae</span> <span class='ocrx_word' id='word_1_364' title='bbox 519 1683 655 1717; x_wconf 83' lang='lat' dir='ltr'>Orellio</span> <span class='ocrx_word' id='word_1_365' title='bbox 683 1686 832 1717; x_wconf 83' lang='lat' dir='ltr'>auctore</span> <span class='ocrx_word' id='word_1_366' title='bbox 859 1683 954 1717; x_wconf 86' lang='lat' dir='ltr'>Wes.</span> <span class='ocrx_word' id='word_1_367' title='bbox 1000 1684 1059 1716; x_wconf 90' lang='lat' dir='ltr'>Ad</span> <span class='ocrx_word' id='word_1_368' title='bbox 1082 1695 1117 1727; x_wconf 90' lang='lat' dir='ltr'>p.</span> <span class='ocrx_word' id='word_1_369' title='bbox 1135 1687 1188 1717; x_wconf 87' lang='lat'>37.</span> <span class='ocrx_word' id='word_1_370' title='bbox 1205 1687 1258 1717; x_wconf 91' lang='lat'>37.</span> <span class='ocrx_word' id='word_1_371' title='bbox 1280 1704 1325 1708; x_wconf 86' lang='lat'>—</span> <span class='ocrx_word' id='word_1_372' title='bbox 1346 1687 1387 1717; x_wconf 90' lang='lat'>31</span> <span class='ocrx_word' id='word_1_373' title='bbox 1408 1684 1516 1728; x_wconf 83' lang='lat' dir='ltr'>[scri-</span> 
     </span>
     <span class='ocr_line' id='line_1_35' title="bbox 178 1729 1515 1776; baseline -0.001 -11"><span class='ocrx_word' id='word_1_374' title='bbox 178 1731 326 1776; x_wconf 77' lang='lat' dir='ltr'>pseras]</span> <span class='ocrx_word' id='word_1_375' title='bbox 358 1730 472 1764; x_wconf 86' lang='lat' dir='ltr'>Cobet</span> <span class='ocrx_word' id='word_1_376' title='bbox 503 1730 635 1764; x_wconf 84' lang='lat' dir='ltr'>Mnem.</span> <span class='ocrx_word' id='word_1_377' title='bbox 656 1730 741 1763; x_wconf 75' lang='lat' dir='ltr'><strong>VIII</strong></span> <span class='ocrx_word' id='word_1_378' title='bbox 765 1743 799 1774; x_wconf 89' lang='lat' dir='ltr'>p.</span> <span class='ocrx_word' id='word_1_379' title='bbox 821 1734 889 1764; x_wconf 88' lang='lat'>455</span> <span class='ocrx_word' id='word_1_380' title='bbox 917 1732 954 1763; x_wconf 89' lang='lat' dir='ltr'>et</span> <span class='ocrx_word' id='word_1_381' title='bbox 978 1729 1022 1764; x_wconf 75' lang='lat' dir='ltr'>N.</span> <span class='ocrx_word' id='word_1_382' title='bbox 1039 1730 1071 1764; x_wconf 82' lang='lat' dir='ltr'>S.</span> <span class='ocrx_word' id='word_1_383' title='bbox 1093 1730 1176 1763; x_wconf 73' lang='lat' dir='ltr'>vm</span> <span class='ocrx_word' id='word_1_384' title='bbox 1199 1742 1234 1774; x_wconf 88' lang='lat' dir='ltr'>p.</span> <span class='ocrx_word' id='word_1_385' title='bbox 1257 1733 1340 1772; x_wconf 85' lang='lat'>197,</span> <span class='ocrx_word' id='word_1_386' title='bbox 1377 1729 1515 1772; x_wconf 84' lang='lat' dir='ltr'>Baiter,</span> 
     </span>
     <span class='ocr_line' id='line_1_36' title="bbox 181 1776 1518 1821; baseline -0.001 -10"><span class='ocrx_word' id='word_1_387' title='bbox 181 1778 283 1811; x_wconf 90' lang='lat' dir='ltr'>Boot.</span> <span class='ocrx_word' id='word_1_388' title='bbox 334 1778 393 1811; x_wconf 87' lang='lat' dir='ltr'>Ad</span> <span class='ocrx_word' id='word_1_389' title='bbox 417 1789 452 1821; x_wconf 91' lang='lat' dir='ltr'>p.</span> <span class='ocrx_word' id='word_1_390' title='bbox 476 1781 528 1811; x_wconf 92' lang='lat'>14.</span> <span class='ocrx_word' id='word_1_391' title='bbox 551 1780 603 1810; x_wconf 90' lang='lat'>27.</span> <span class='ocrx_word' id='word_1_392' title='bbox 644 1798 689 1802; x_wconf 90' lang='lat'>—</span> <span class='ocrx_word' id='word_1_393' title='bbox 727 1781 770 1810; x_wconf 85' lang='lat'>32</span> <span class='ocrx_word' id='word_1_394' title='bbox 796 1782 848 1819; x_wconf 76' lang='lat' dir='ltr'>ut,</span> <span class='ocrx_word' id='word_1_395' title='bbox 867 1778 1053 1821; x_wconf 74' lang='lat' dir='ltr'>praesidio</span> <span class='ocrx_word' id='word_1_396' title='bbox 1079 1778 1173 1821; x_wconf 76' lang='lat' dir='ltr'>quod</span> <span class='ocrx_word' id='word_1_397' title='bbox 1198 1778 1379 1821; x_wconf 87' lang='lat' dir='ltr'>(poteram</span> <span class='ocrx_word' id='word_1_398' title='bbox 1403 1776 1518 1810; x_wconf 87' lang='lat' dir='ltr'>etiam</span> 
     </span>
     <span class='ocr_line' id='line_1_37' title="bbox 177 1823 1514 1868; baseline -0.001 -10"><span class='ocrx_word' id='word_1_399' title='bbox 177 1825 374 1868; x_wconf 73' lang='lat' dir='ltr'>praesidio,</span> <span class='ocrx_word' id='word_1_400' title='bbox 400 1825 493 1868; x_wconf 77' lang='lat' dir='ltr'>quod</span> <span class='ocrx_word' id='word_1_401' title='bbox 502 1839 508 1865; x_wconf 75' lang='grc' dir='ltr'><strong>ς</strong></span> <span class='ocrx_word' id='word_1_402' title='bbox 544 1823 639 1857; x_wconf 86' lang='lat' dir='ltr'>nihil</span> <span class='ocrx_word' id='word_1_403' title='bbox 663 1824 831 1860; x_wconf 53' lang='lat' dir='ltr'>interest]</span> <span class='ocrx_word' id='word_1_404' title='bbox 853 1834 871 1857; x_wconf 89' lang='lat' dir='ltr'>e</span> <span class='ocrx_word' id='word_1_405' title='bbox 892 1824 994 1857; x_wconf 86' lang='lat' dir='ltr'>codd.</span> <span class='ocrx_word' id='word_1_406' title='bbox 1011 1823 1153 1868; x_wconf 85' lang='lat' dir='ltr'>scripsi,</span> <span class='ocrx_word' id='word_1_407' title='bbox 1174 1824 1354 1867; x_wconf 72' lang='lat' dir='ltr'>praesidii</span> <span class='ocrx_word' id='word_1_408' title='bbox 1378 1833 1514 1866; x_wconf 81' lang='lat' dir='ltr'>omnes,</span> 
     </span>
     <span class='ocr_line' id='line_1_38' title="bbox 181 1869 1517 1914; baseline -0.001 -10"><span class='ocrx_word' id='word_1_409' title='bbox 181 1872 281 1914; x_wconf 79' lang='lat' dir='ltr'>quod</span> <span class='ocrx_word' id='word_1_410' title='bbox 313 1871 443 1912; x_wconf 88' lang='lat' dir='ltr'>sciam,</span> <span class='ocrx_word' id='word_1_411' title='bbox 477 1871 558 1904; x_wconf 87' lang='lat' dir='ltr'>edd.</span> <span class='ocrx_word' id='word_1_412' title='bbox 580 1871 659 1904; x_wconf 90' lang='lat' dir='ltr'>sine</span> <span class='ocrx_word' id='word_1_413' title='bbox 685 1871 797 1904; x_wconf 85' lang='lat' dir='ltr'>dubio</span> <span class='ocrx_word' id='word_1_414' title='bbox 822 1872 974 1914; x_wconf 86' lang='lat' dir='ltr'>propter</span> <span class='ocrx_word' id='word_1_415' title='bbox 997 1882 1032 1914; x_wconf 88' lang='lat' dir='ltr'>p.</span> <span class='ocrx_word' id='word_1_416' title='bbox 1055 1874 1132 1904; x_wconf 89' lang='lat'>230.</span> <span class='ocrx_word' id='word_1_417' title='bbox 1155 1874 1216 1912; x_wconf 88' lang='lat'>34,</span> <span class='ocrx_word' id='word_1_418' title='bbox 1248 1870 1313 1903; x_wconf 84' lang='lat' dir='ltr'>ubi</span> <span class='ocrx_word' id='word_1_419' title='bbox 1339 1869 1378 1903; x_wconf 91' lang='lat' dir='ltr'>M</span> <span class='ocrx_word' id='word_1_420' title='bbox 1400 1870 1517 1904; x_wconf 89' lang='lat' dir='ltr'>habet</span> 
     </span>
     <span class='ocr_line' id='line_1_39' title="bbox 178 1915 1514 1962; baseline 0 -11"><span class='ocrx_word' id='word_1_421' title='bbox 178 1919 332 1962; x_wconf 72' lang='lat' dir='ltr'>presidi,</span> <span class='ocrx_word' id='word_1_422' title='bbox 364 1918 523 1951; x_wconf 87' lang='lat' dir='ltr'>fortasse</span> <span class='ocrx_word' id='word_1_423' title='bbox 547 1928 650 1960; x_wconf 81' lang='lat' dir='ltr'>vere,</span> <span class='ocrx_word' id='word_1_424' title='bbox 682 1928 918 1960; x_wconf 84' lang='lat' dir='ltr'>nequaquam</span> <span class='ocrx_word' id='word_1_425' title='bbox 944 1919 1029 1950; x_wconf 87' lang='lat' dir='ltr'>cert.</span> <span class='ocrx_word' id='word_1_426' title='bbox 1086 1918 1098 1961; x_wconf 77' lang='grc' dir='ltr'>Η</span> <span class='ocrx_word' id='word_1_427' title='bbox 1151 1917 1197 1951; x_wconf 82' lang='lat' dir='ltr'>P.</span> <span class='ocrx_word' id='word_1_428' title='bbox 1219 1915 1308 1951; x_wconf 77' lang='lat'>240.</span> <span class='ocrx_word' id='word_1_429' title='bbox 1329 1920 1351 1949; x_wconf 86' lang='lat'>4</span> <span class='ocrx_word' id='word_1_430' title='bbox 1377 1917 1514 1951; x_wconf 81' lang='lat' dir='ltr'>audii-</span> 
     </span>
     <span class='ocr_line' id='line_1_40' title="bbox 180 1962 1516 2008; baseline -0.001 -10"><span class='ocrx_word' id='word_1_431' title='bbox 180 1976 259 1998; x_wconf 71' lang='lat' dir='ltr'>mus</span> <span class='ocrx_word' id='word_1_432' title='bbox 278 1964 388 2005; x_wconf 79' lang='lat' dir='ltr'>Wes.,</span> <span class='ocrx_word' id='word_1_433' title='bbox 415 1964 529 2008; x_wconf 62' lang='lat' dir='ltr'>Tyrr..</span> <span class='ocrx_word' id='word_1_434' title='bbox 550 1965 719 1998; x_wconf 78' lang='lat' dir='ltr'>audimus</span> <span class='ocrx_word' id='word_1_435' title='bbox 738 1963 785 1997; x_wconf 88' lang='lat' dir='ltr'>M.</span> <span class='ocrx_word' id='word_1_436' title='bbox 818 1963 860 1997; x_wconf 85' lang='lat' dir='ltr'>V.</span> <span class='ocrx_word' id='word_1_437' title='bbox 878 1963 1046 2007; x_wconf 75' lang='lat' dir='ltr'>exempla</span> <span class='ocrx_word' id='word_1_438' title='bbox 1066 1963 1166 2007; x_wconf 87' lang='lat' dir='ltr'>apud</span> <span class='ocrx_word' id='word_1_439' title='bbox 1183 1962 1516 2007; x_wconf 78' lang='lat' dir='ltr'>Neue-Wagener3</span> 
     </span>
     <span class='ocr_line' id='line_1_41' title="bbox 180 2011 1514 2055; baseline 0.001 -11"><span class='ocrx_word' id='word_1_440' title='bbox 180 2011 230 2043; x_wconf 82' lang='lat' dir='ltr'>HI</span> <span class='ocrx_word' id='word_1_441' title='bbox 253 2023 288 2054; x_wconf 90' lang='lat' dir='ltr'>p.</span> <span class='ocrx_word' id='word_1_442' title='bbox 304 2015 372 2044; x_wconf 82' lang='lat'>448</span> <span class='ocrx_word' id='word_1_443' title='bbox 388 2022 451 2054; x_wconf 85' lang='lat' dir='ltr'>sq.,</span> <span class='ocrx_word' id='word_1_444' title='bbox 478 2011 575 2044; x_wconf 84' lang='lat' dir='ltr'>infra</span> <span class='ocrx_word' id='word_1_445' title='bbox 593 2023 628 2055; x_wconf 90' lang='lat' dir='ltr'>p.</span> <span class='ocrx_word' id='word_1_446' title='bbox 645 2014 722 2044; x_wconf 87' lang='lat'>250.</span> <span class='ocrx_word' id='word_1_447' title='bbox 738 2015 770 2053; x_wconf 90' lang='lat'>4,</span> <span class='ocrx_word' id='word_1_448' title='bbox 798 2014 874 2044; x_wconf 87' lang='lat'>286.</span> <span class='ocrx_word' id='word_1_449' title='bbox 892 2014 946 2052; x_wconf 89' lang='grc'>31,</span> <span class='ocrx_word' id='word_1_450' title='bbox 972 2014 1050 2044; x_wconf 85' lang='grc'>496.</span> <span class='ocrx_word' id='word_1_451' title='bbox 1067 2013 1122 2052; x_wconf 86' lang='grc'>34,</span> <span class='ocrx_word' id='word_1_452' title='bbox 1149 2013 1296 2043; x_wconf 72' lang='lat'>53415.</span> <span class='ocrx_word' id='word_1_453' title='bbox 1323 2030 1369 2035; x_wconf 89' lang='lat'>·—</span> <span class='ocrx_word' id='word_1_454' title='bbox 1396 2014 1439 2044; x_wconf 93' lang='lat'>10</span> <span class='ocrx_word' id='word_1_455' title='bbox 1459 2012 1514 2045; x_wconf 78' lang='lat' dir='ltr'>i‘n-</span> 
     </span>
     <span class='ocr_line' id='line_1_42' title="bbox 179 2057 1516 2101; baseline 0.001 -10"><span class='ocrx_word' id='word_1_456' title='bbox 179 2058 356 2091; x_wconf 75' lang='lat' dir='ltr'>tenderat</span> <span class='ocrx_word' id='word_1_457' title='bbox 381 2057 429 2100; x_wconf 81' lang='lat' dir='ltr'>M,</span> <span class='ocrx_word' id='word_1_458' title='bbox 455 2057 554 2091; x_wconf 63' lang='lat' dir='ltr'>YVes.</span> <span class='ocrx_word' id='word_1_459' title='bbox 599 2057 658 2090; x_wconf 85' lang='lat' dir='ltr'>Ad</span> <span class='ocrx_word' id='word_1_460' title='bbox 682 2069 716 2101; x_wconf 85' lang='lat' dir='ltr'>p.</span> <span class='ocrx_word' id='word_1_461' title='bbox 740 2060 815 2090; x_wconf 87' lang='lat'>106.</span> <span class='ocrx_word' id='word_1_462' title='bbox 832 2061 863 2099; x_wconf 87' lang='grc'>9,</span> <span class='ocrx_word' id='word_1_463' title='bbox 891 2060 1038 2090; x_wconf 87' lang='lat'>170.10.</span> <span class='ocrx_word' id='word_1_464' title='bbox 1060 2077 1105 2082; x_wconf 83' lang='lat'>—</span> <span class='ocrx_word' id='word_1_465' title='bbox 1125 2059 1168 2090; x_wconf 87' lang='lat'>25</span> <span class='ocrx_word' id='word_1_466' title='bbox 1193 2057 1398 2101; x_wconf 61' lang='lat' dir='ltr'>regionibus</span> <span class='ocrx_word' id='word_1_467' title='bbox 1422 2059 1516 2092; x_wconf 78' lang='lat' dir='ltr'>suis</span> 
     </span>
     <span class='ocr_line' id='line_1_43' title="bbox 179 2101 1513 2148; baseline 0.001 -11"><span class='ocrx_word' id='word_1_468' title='bbox 179 2103 292 2146; x_wconf 78' lang='lat' dir='ltr'>Wes,</span> <span class='ocrx_word' id='word_1_469' title='bbox 318 2104 420 2137; x_wconf 89' lang='lat' dir='ltr'>Boot.</span> <span class='ocrx_word' id='word_1_470' title='bbox 465 2104 508 2138; x_wconf 88' lang='lat' dir='ltr'>V.</span> <span class='ocrx_word' id='word_1_471' title='bbox 529 2103 688 2138; x_wconf 82' lang='lat' dir='ltr'>Boeckel</span> <span class='ocrx_word' id='word_1_472' title='bbox 721 2114 774 2148; x_wconf 84' lang='lat' dir='ltr'>ep.</span> <span class='ocrx_word' id='word_1_473' title='bbox 803 2103 865 2137; x_wconf 85' lang='lat' dir='ltr'>sel.</span> <span class='ocrx_word' id='word_1_474' title='bbox 895 2107 948 2137; x_wconf 92' lang='lat'>74.</span> <span class='ocrx_word' id='word_1_475' title='bbox 1000 2104 1011 2147; x_wconf 80' lang='grc' dir='ltr'>ΙΙ</span> <span class='ocrx_word' id='word_1_476' title='bbox 1060 2103 1106 2137; x_wconf 85' lang='grc' dir='ltr'>Ρ.</span> <span class='ocrx_word' id='word_1_477' title='bbox 1128 2101 1217 2137; x_wconf 80' lang='grc'>241.</span> <span class='ocrx_word' id='word_1_478' title='bbox 1240 2107 1282 2136; x_wconf 92' lang='lat'>17</span> <span class='ocrx_word' id='word_1_479' title='bbox 1308 2103 1452 2138; x_wconf 72' lang='lat' dir='ltr'>Deinde</span> <span class='ocrx_word' id='word_1_480' title='bbox 1477 2102 1513 2147; x_wconf 85' lang='lat' dir='ltr'>G,</span> 
     </span>
     <span class='ocr_line' id='line_1_44' title="bbox 179 2149 1514 2194; baseline 0.001 -12"><span class='ocrx_word' id='word_1_481' title='bbox 179 2150 297 2192; x_wconf 87' lang='lat' dir='ltr'>Wes.,</span> <span class='ocrx_word' id='word_1_482' title='bbox 329 2150 438 2192; x_wconf 91' lang='lat' dir='ltr'>Boot,</span> <span class='ocrx_word' id='word_1_483' title='bbox 471 2150 629 2194; x_wconf 70' lang='lat' dir='ltr'>Tyri-cll,</span> <span class='ocrx_word' id='word_1_484' title='bbox 661 2151 745 2184; x_wconf 78' lang='lat' dir='ltr'>inde</span> <span class='ocrx_word' id='word_1_485' title='bbox 770 2150 825 2192; x_wconf 91' lang='lat' dir='ltr'>M,</span> <span class='ocrx_word' id='word_1_486' title='bbox 857 2149 992 2183; x_wconf 87' lang='lat' dir='ltr'>Baiter.</span> <span class='ocrx_word' id='word_1_487' title='bbox 1037 2169 1082 2174; x_wconf 95' lang='lat'><strong>—</strong></span> <span class='ocrx_word' id='word_1_488' title='bbox 1128 2153 1172 2182; x_wconf 90' lang='lat'>24</span> <span class='ocrx_word' id='word_1_489' title='bbox 1196 2154 1269 2183; x_wconf 79' lang='lat' dir='ltr'>tum</span> <span class='ocrx_word' id='word_1_490' title='bbox 1296 2150 1393 2194; x_wconf 81' lang='lat' dir='ltr'>vulg.</span> <span class='ocrx_word' id='word_1_491' title='bbox 1413 2151 1514 2193; x_wconf 69' lang='lat' dir='ltr'>vett,</span> 
     </span>
     <span class='ocr_line' id='line_1_45' title="bbox 179 2196 1512 2241; baseline 0 -11"><span class='ocrx_word' id='word_1_492' title='bbox 179 2196 291 2238; x_wconf 77' lang='lat' dir='ltr'>Wes,</span> <span class='ocrx_word' id='word_1_493' title='bbox 317 2196 421 2239; x_wconf 86' lang='lat' dir='ltr'>Boot,</span> <span class='ocrx_word' id='word_1_494' title='bbox 442 2201 481 2231; x_wconf 52' lang='lat' dir='ltr'>tu.</span> <span class='ocrx_word' id='word_1_495' title='bbox 501 2197 567 2240; x_wconf 81' lang='lat' dir='ltr'>M1,</span> <span class='ocrx_word' id='word_1_496' title='bbox 597 2197 678 2231; x_wconf 78' lang='lat' dir='ltr'>‘sed</span> <span class='ocrx_word' id='word_1_497' title='bbox 697 2202 736 2231; x_wconf 77' lang='lat' dir='ltr'>tu</span> <span class='ocrx_word' id='word_1_498' title='bbox 758 2198 982 2241; x_wconf 82' lang='lat' dir='ltr'>expunctum</span> <span class='ocrx_word' id='word_1_499' title='bbox 1001 2196 1084 2239; x_wconf 85' lang='lat' dir='ltr'>est’,</span> <span class='ocrx_word' id='word_1_500' title='bbox 1111 2207 1179 2230; x_wconf 90' lang='lat' dir='ltr'>om.</span> <span class='ocrx_word' id='word_1_501' title='bbox 1194 2196 1332 2239; x_wconf 86' lang='lat' dir='ltr'>Baiter,</span> <span class='ocrx_word' id='word_1_502' title='bbox 1359 2197 1512 2241; x_wconf 81' lang='lat' dir='ltr'>Tyrrell.</span> 
     </span>
     <span class='ocr_line' id='line_1_46' title="bbox 178 2242 1515 2288; baseline 0 -12"><span class='ocrx_word' id='word_1_503' title='bbox 178 2243 236 2276; x_wconf 90' lang='lat' dir='ltr'>Ad</span> <span class='ocrx_word' id='word_1_504' title='bbox 260 2255 294 2287; x_wconf 89' lang='lat' dir='ltr'>p.</span> <span class='ocrx_word' id='word_1_505' title='bbox 312 2247 364 2276; x_wconf 85' lang='lat'>54.</span> <span class='ocrx_word' id='word_1_506' title='bbox 382 2247 435 2277; x_wconf 87' lang='lat'>15.</span> <span class='ocrx_word' id='word_1_507' title='bbox 457 2264 501 2268; x_wconf 82' lang='lat'>—-</span> <span class='ocrx_word' id='word_1_508' title='bbox 523 2247 566 2277; x_wconf 87' lang='grc'>26</span> <span class='ocrx_word' id='word_1_509' title='bbox 584 2244 747 2287; x_wconf 79' lang='lat' dir='ltr'>procellis</span> <span class='ocrx_word' id='word_1_510' title='bbox 767 2243 843 2286; x_wconf 90' lang='lat' dir='ltr'>alii,</span> <span class='ocrx_word' id='word_1_511' title='bbox 864 2243 985 2276; x_wconf 88' lang='lat' dir='ltr'>Moser</span> <span class='ocrx_word' id='word_1_512' title='bbox 1002 2253 1124 2286; x_wconf 83' lang='lat' dir='ltr'>progr.</span> <span class='ocrx_word' id='word_1_513' title='bbox 1138 2242 1224 2276; x_wconf 90' lang='lat' dir='ltr'>Ulm</span> <span class='ocrx_word' id='word_1_514' title='bbox 1245 2247 1331 2277; x_wconf 88' lang='lat'>1841</span> <span class='ocrx_word' id='word_1_515' title='bbox 1347 2255 1382 2288; x_wconf 90' lang='lat' dir='ltr'>p.</span> <span class='ocrx_word' id='word_1_516' title='bbox 1396 2247 1439 2278; x_wconf 88' lang='lat'>13</span> <span class='ocrx_word' id='word_1_517' title='bbox 1448 2255 1515 2286; x_wconf 77' lang='lat' dir='ltr'>sq.,</span> 
     </span>
     <span class='ocr_line' id='line_1_47' title="bbox 175 2289 1515 2334; baseline 0.001 -12"><span class='ocrx_word' id='word_1_518' title='bbox 175 2289 330 2333; x_wconf 78' lang='lat' dir='ltr'>Madvig</span> <span class='ocrx_word' id='word_1_519' title='bbox 351 2290 439 2323; x_wconf 75' lang='lat' dir='ltr'>Adv.</span> <span class='ocrx_word' id='word_1_520' title='bbox 459 2289 492 2322; x_wconf 89' lang='lat' dir='ltr'>II</span> <span class='ocrx_word' id='word_1_521' title='bbox 517 2302 550 2334; x_wconf 87' lang='lat' dir='ltr'>p.</span> <span class='ocrx_word' id='word_1_522' title='bbox 568 2294 646 2334; x_wconf 89' lang='grc'>236,</span> <span class='ocrx_word' id='word_1_523' title='bbox 672 2290 857 2333; x_wconf 88' lang='lat' dir='ltr'>Wesenb.,</span> <span class='ocrx_word' id='word_1_524' title='bbox 883 2290 977 2323; x_wconf 92' lang='lat' dir='ltr'>Boot</span> <span class='ocrx_word' id='word_1_525' title='bbox 1000 2289 1166 2333; x_wconf 68' lang='lat' dir='ltr'>probab,</span> <span class='ocrx_word' id='word_1_526' title='bbox 1193 2290 1259 2323; x_wconf 88' lang='lat' dir='ltr'>sed</span> <span class='ocrx_word' id='word_1_527' title='bbox 1278 2300 1515 2334; x_wconf 84' lang='lat' dir='ltr'>nequaquam</span> 
     </span>
    </p>
   </div>
  </div>
 </body>
</html>
