1665 2553
197 64 281 105 3?ss
623 62 671 96 M.
698 62 841 96 TULLI
866 61 1114 97 CICERONIS

804 192 935 234 XXX.

475 273 549 309 Ser.
570 274 729 308 Asturae
760 273 820 307 VI
839 274 887 308 K.
909 274 999 317 Apr.
1022 285 1054 309 α.
1078 276 1149 308 709
1176 276 1266 317 (45).

602 355 791 390 CICERO
815 355 1009 390 ATTICO
1034 355 1142 390 SAL.

288 428 464 481 Quaero,
497 427 608 481 quod
641 427 693 468 ad
724 430 767 468 te
799 427 993 482 scribam,
1025 427 1097 468 sed
1121 427 1230 468 1111111
1256 430 1330 469 631.
1380 428 1540 470 Eadem

203 487 366 528 cotidie.
419 486 539 535 Quod
564 485 795 527 Lentulum
820 487 980 535 invisis,
1005 486 1123 527 valde
1150 489 1330 540 gratum.
1380 486 1537 529 Pueros
1573 506 1590 532 5

201 546 387 587 attribue
419 546 467 598 ei,
501 548 605 598 quot
637 548 678 585 et
710 559 816 598 quos
848 545 1070 586 videbitur.
1121 544 1185 585 De
1212 544 1290 586 Sili
1321 546 1537 588 voluntate

202 604 408 645 vendendi
442 607 483 644 et
515 603 579 644 de-
597 618 663 657 eo,
702 604 868 658 quanti,
906 607 955 644 tu
985 604 1121 644 vereri
1153 604 1318 658 videris,
1355 605 1537 658 primum

200 678 253 704 116
289 663 415 717 110111,
458 662 605 702 deinde
642 677 695 703 ne
736 663 857 702 tanti.
921 661 1040 703 Sicca
1071 662 1211 716 aliter3
1257 663 1328 704 sed
1359 663 1440 704 tibi
1473 664 1538 704 ad-

202 722 370 763 sentior.
435 720 589 776 Quare,
632 724 679 761 ut
723 721 760 761 ei
797 721 973 775 placuit,
1018 721 1167 775 scripsi
1205 721 1258 762 ad
1294 721 1537 776 Egnatium.

203 780 323 830 Quod
356 780 486 821 Silius
524 782 566 820 te
604 794 699 820 cum
731 778 880 820 Clodio
918 780 1038 833 loqui
1069 780 1179 835 vult,
1222 782 1345 833 potes
1376 780 1420 821 id
1449 796 1539 822 mea
1559 800 1594 825 10

201 840 421 880 voluntate
462 838 615 891 facere,
660 838 1005 892 commodiusque
1043 841 1108 880 est
1141 853 1285 893 quam,
1327 839 1439 893 quod
1469 840 1539 880 ille

158 931 174 940 .
203 914 226 939 a
258 913 324 939 me
356 897 477 951 petit,
508 911 574 938 me
605 898 746 950 ipsum
779 897 960 938 scribere
993 897 1043 938 ad
1075 896 1283 938 Clodium.
1333 897 1397 939 De
1428 913 1540 939 man-

202 957 323 1011 cipiis
365 955 640 997 Castricianis
679 956 1070 997 commodissimum
1109 970 1199 997 esse
1243 957 1365 998 credo
1403 959 1542 997 trans-

201 1016 316 1070 igere
348 1015 599 1069 Egnatium,
638 1015 750 1068 quod
789 1015 939 1055 scribis
978 1018 1019 1055 te
1060 1015 1121 1055 ita
1157 1015 1351 1056 futurum
1382 1018 1540 1069 putare.

203 1074 309 1115 Cum
342 1073 465 1128 Ovia,
504 1087 677 1126 quaeso,
714 1073 809 1114 vide
840 1076 888 1113 ut
921 1074 1183 1114 conficiatur:
1243 1073 1463 1128 Quoniam,
1494 1077 1542 1115 ut
1561 1092 1596 1118 15

204 1133 364 1186 scribis,
396 1146 482 1173 nox
515 1135 617 1186 erat,
653 1132 698 1172 in
728 1131 932 1172 hodierna
965 1132 1148 1185 epistula
1179 1132 1302 1186 plura
1334 1136 1540 1186 exspecto.

798 1270 950 1312 XXXI.

481 1352 554 1387 Ser.
576 1352 734 1386 Asturae
759 1352 823 1386 IV
844 1352 892 1385 K.
913 1352 1004 1395 Apr.
1026 1364 1058 1386 α.
1082 1355 1153 1387 709
1181 1355 1269 1396 (45).

605 1433 796 1467 CICERO
821 1433 1014 1468 ATTICO
1038 1434 1146 1468 SAL.
1165 1442 1177 1454 ⁰

293 1506 445 1547 Silium
471 1508 659 1546 mutasse
686 1505 940 1546 sententiam
968 1505 1085 1547 Sicca
1110 1506 1356 1547 mirabatur.
1412 1506 1542 1561 Equi·
1563 1526 1597 1550 20

204 1565 297 1605 dem
335 1565 471 1619 magis
512 1563 663 1618 miror,
701 1563 830 1617 quod,
872 1578 966 1605 cum
1004 1565 1048 1605 in
1079 1565 1216 1605 filium
1248 1579 1414 1606 causam
1448 1579 1542 1606 con-

202 1624 350 1678 ferret,
394 1637 500 1677 quae
544 1622 649 1663 1111111
689 1637 776 1663 non
818 1623 977 1663 iniusta
1021 1623 1187 1664 videtur
1232 1623 1379 1678 (habet
1418 1624 1542 1678 enim,

204 1683 372 1736 qualem
418 1680 547 1736 vult),
598 1681 658 1721 ais
700 1684 742 1721 te
790 1684 959 1735 putare,
1015 1681 1051 1722 si
1089 1682 1369 1722 addiderimus
1415 1682 1542 1737 aliud,

204 1756 227 1781 a
260 1755 342 1795 quo
375 1740 571 1794 refugiat,
603 1754 697 1780 cum
725 1739 776 1780 ab
803 1740 896 1793 ipso
922 1740 964 1780 id
990 1740 1118 1781 fuerit
1145 1740 1414 1795 destinatum,
1446 1755 1541 1781 ven-

160 1832 175 1841 -
203 1800 402 1840 diturum.
466 1798 641 1848 Quaeris
674 1813 697 1838 a
729 1813 808 1853 me,
843 1799 955 1852 quod
988 1813 1198 1839 summum
1231 1799 1415 1852 pretium
1448 1813 1542 1840 con-
1562 1817 1596 1843 25

206 1858 380 1899 stituam
423 1860 464 1898 et
503 1860 708 1911 quantum
749 1857 910 1898 anteire
941 1857 1047 1898 istos
1079 1857 1228 1898 hortos
1260 1856 1401 1898 Drusi.
1463 1857 1541 1898 Ac-

205 1917 310 1957 cessi
342 1931 592 1970 numquam3
625 1914 916 1969 Coponianam
946 1916 1092 1956 villam
1118 1918 1160 1956 et
1185 1918 1370 1957 veterem
1396 1920 1433 1957 et
1454 1930 1542 1957 non

203 1989 400 2029 magnam
442 1975 562 2028 novi,
607 1974 755 2014 silvam
792 1974 997 2029 nobilem,
1039 1975 1225 2015 fructum
1263 1977 1403 2015 autem
1441 1989 1541 2015 neu-

205 2034 325 2087 trius,
358 2034 469 2087 quod
501 2036 644 2074 tamen
675 2034 780 2086 puto
811 2047 890 2073 nos
923 2033 1028 2073 scire
1061 2035 1265 2086 oportere.
1324 2032 1404 2074 Sed
1435 2033 1541 2073 mihi

204 2092 355 2132 utrivis
381 2092 563 2132 istorum
588 2094 778 2144 tempore
802 2091 937 2146 magis
965 2105 1058 2132 meo
1080 2106 1206 2145 quam
1231 2091 1396 2132 ratione
1419 2092 1541 2132 aesti-
1560 2109 1594 2134 30

204 2150 345 2190 mandi
383 2153 493 2190 sunt.
555 2149 722 2190 Possim
760 2152 902 2190 autem
943 2149 1115 2203 adsequi
1155 2164 1304 2205 necne,
1336 2153 1383 2191 tu
1414 2149 1540 2190 velim

205 2208 375 2261 cogites.
454 2208 498 2249 Si
553 2208 663 2249 enim
712 2206 996 2249 Faberianum
1043 2208 1283 2262 venderem,
1333 2208 1541 2261 explicare

204 2266 272 2306 vel
319 2267 704 2319 repraesentatione
753 2281 840 2307 non
890 2266 1126 2307 dubitarem
1177 2267 1226 2308 de
1271 2266 1460 2321 Silianis,
1504 2267 1540 2307 si
