1665 2553
197 93 251 134 68
621 92 669 127 M.
696 92 837 127 TULLI
861 91 1108 127 crcnnonis

195 188 240 229 in
271 189 383 230 ferro
416 190 457 229 et
494 190 583 229 tam
608 188 800 229 insuetus
838 188 1116 229 contumeliae
1153 203 1205 229 ne
1247 189 1362 230 omni
1402 189 1532 230 animi

195 247 357 302 impetu
389 247 525 288 dolori
557 249 598 287 et
630 246 870 288 iracundiae
900 248 1055 300 pareat.

284 305 429 346 Bibuli
462 305 534 359 qui
567 305 623 345 sit
655 305 792 345 exitus
823 305 1005 359 futurus,
1034 305 1187 346 nescio.
1237 305 1298 347 Ut
1328 319 1440 347 nunc
1463 321 1530 347 res

196 379 240 406 se
280 363 426 417 habet,
468 363 705 404 admirabili
743 363 879 417 gloria
911 366 985 404 est.
1048 363 1128 412 Qui
1160 378 1253 405 cum
1285 364 1454 405 comitia
1485 365 1530 405 in

193 437 383 464 mensem
410 420 636 463 Octobrem
661 422 907 476 distulisset,
940 421 1053 475 quod
1079 422 1186 463 solet
1212 436 1259 463 ea
1289 437 1355 464 res
1382 423 1530 476 populi
1567 439 1583 465 5

193 481 458 522 voluntatem
480 480 700 535 offendere,
726 482 897 534 putarat
919 478 1072 521 Caesar
1096 481 1287 522 oratione
1313 496 1388 522 sua
1406 495 1530 535 posse

194 539 356 593 impelli
398 539 656 594 contionem,
702 541 750 579 111
789 539 871 579 iret
912 538 963 579 ad
1002 538 1220 594 Bibulum3
1260 539 1394 580 multa
1435 554 1531 580 cum

198 597 516 639 seditiosissime
565 598 736 650 diceret,
780 611 924 638 vocem
970 598 1201 651 exprimere
1245 612 1333 639 non
1377 598 1529 652 potuit.

196 655 305 704 Quid
338 656 534 710 quaeris?
567 656 756 696 sentiunt
789 670 832 696 se
863 655 1024 696 nullam
1060 656 1189 696 ullius
1221 656 1354 710 partis
1384 656 1530 697 volun-

194 717 327 755 tatem
356 717 509 755 tenere.
570 713 635 755 Eo
667 713 803 768 magis
834 714 897 755 vis
928 714 1053 755 nobis
1086 716 1149 755 est
1180 714 1375 756 timenda.
1549 732 1583 756 10

287 772 458 813 Clodius
498 772 694 813 inimicus
737 774 800 813 est
839 772 974 814 nobis.
1041 771 1268 826 Pompeius
1309 773 1529 814 confirmat

196 845 291 872 eum
320 830 430 871 nihil
462 845 550 871 esse
581 831 792 872 facturum
818 833 964 872 contra
989 845 1066 873 me.
1115 830 1222 872 Mihi
1247 832 1530 885 periculosum

196 892 259 930 est
300 889 483 944 credere,
525 890 576 930 ad
615 889 897 930 resistendum
935 903 1002 931 me
1042 904 1155 944 paro.
1219 889 1367 931 Studia
1407 904 1529 944 spero

194 962 261 988 me
293 962 456 988 summa
486 947 732 989 habiturum
764 948 950 989 omnium
975 948 1179 989 ordinum.
1241 948 1301 990 Te
1331 963 1425 990 cum
1451 962 1528 1003 ego

196 1006 403 1061 desidero,
433 1010 527 1047 tum
557 1021 656 1047 vero
688 1021 753 1047 res
787 1007 839 1047 ad
869 1010 1036 1060 tempus
1067 1007 1173 1047 illud
1203 1009 1336 1048 vocat.
1395 1006 1529 1048 Pluri-
1548 1022 1581 1048 15

193 1079 310 1105 mum
341 1065 524 1120 consilii,
555 1065 700 1119 animi,
732 1065 930 1118 praesidii
962 1065 1140 1119 denique
1170 1065 1293 1121 mihi,
1331 1065 1368 1106 si
1398 1068 1441 1106 16
1477 1065 1530 1106 ad

194 1126 360 1176 tempus
410 1123 571 1176 videro,
622 1124 853 1165 accesserit.
919 1123 1056 1164 Varro
1106 1123 1211 1163 mihi
1261 1124 1365 1165 satis
1415 1124 1528 1164 facit.

192 1179 419 1234 Pompeius
445 1181 636 1235 loquitur
657 1181 869 1222 divinitus.
909 1180 1039 1236 Spero
1059 1196 1136 1222 nos
1158 1184 1231 1222 aut
1251 1196 1345 1223 cum
1365 1196 1528 1223 summa

195 1240 332 1293 gloria
373 1242 445 1280 aut
487 1243 598 1280 certe
639 1239 727 1280 sine
766 1240 961 1280 molestia
1002 1240 1268 1281 discessuros.
1330 1239 1395 1281 Tu
1426 1240 1528 1294 quid

195 1311 308 1352 agas,
340 1311 460 1351 quem
495 1298 547 1338 ad
576 1298 747 1338 modum
775 1301 817 1339 te
844 1298 1040 1352 oblectes,
1072 1298 1172 1353 quid
1199 1313 1292 1339 cum
1319 1297 1528 1353 Sicyoniis
1547 1315 1581 1340 20

196 1356 342 1411 egeris,
375 1358 423 1396 ut
454 1356 594 1412 sciam,
625 1370 735 1397 cura.

794 1473 927 1514 XXII.

195 1552 268 1587 Sor.
296 1552 431 1587 Romae
452 1558 534 1597 post
559 1554 663 1587 VIII
684 1553 731 1587 K.
759 1553 866 1596 Sext„
891 1558 973 1588 ante
999 1554 1078 1587 XV
1100 1553 1148 1588 K.
1170 1554 1261 1588 Nov.
1283 1565 1315 1587 a.
1344 1555 1415 1588 695
1435 1555 1526 1597 (59).

616 1634 784 1669 CICERO
809 1634 982 1670 ATTICO
1010 1634 1106 1670 SAL.

284 1705 417 1754 Quam
457 1707 607 1748 vellem
646 1706 806 1748 Romae
850 1707 1093 1748 mansisses!
1163 1706 1393 1748 Mansisses
1434 1721 1528 1760 pro·
1547 1722 1580 1748 25

194 1765 318 1818 fecto,
339 1765 374 1805 si
392 1765 493 1806 haec
512 1766 603 1807 fore
622 1768 898 1820 putassemus.
936 1765 1047 1806 Nam
1059 1765 1322 1806 Pulchellum
1334 1767 1528 1806 nostrum

194 1823 394 1864 facillime
419 1826 656 1865 teneremus
683 1827 755 1865 aut
782 1826 903 1878 certe,
930 1824 1032 1878 quid
1057 1826 1166 1865 esset
1191 1823 1391 1877 facturus,
1423 1823 1528 1864 scire

194 1896 425 1935 possemus,
474 1881 600 1923 Nunc
631 1897 675 1924 se
705 1897 771 1923 res
797 1883 856 1923 sic
879 1882 1018 1923 habet.
1061 1882 1238 1937 Volitat,
1267 1881 1389 1936 furit3
1419 1881 1528 1922 nihil

194 1939 323 1981 habet
355 1941 475 1995 certi,
511 1941 658 1981 multis
691 1941 926 1995 denuntiat,
965 1941 1077 1995 quod
1106 1941 1194 1981 fors
1226 1939 1448 1996 obtulerit,
1484 1939 1529 1981 id

197 2001 365 2039 acturus
396 1999 582 2054 videtur3
614 2014 707 2040 cum
732 1999 858 2053 videt,
890 2013 972 2053 quo
1005 1999 1060 2040 sit
1090 1999 1136 2039 in
1168 1998 1262 2039 odio
1291 2000 1427 2039 status
1458 1998 1528 2039 hic
1546 2014 1580 2039 30

195 2071 353 2111 rerum,
393 2057 439 2097 in
479 2072 566 2112 eos,
608 2058 681 2112 qui
719 2057 820 2098 haec
858 2059 1050 2112 egerunt,
1095 2057 1300 2110 impetum
1339 2057 1527 2098 facturus

196 2114 379 2169 videtur3
421 2130 515 2156 cum
556 2118 696 2157 autem
736 2130 882 2156 rursus
924 2129 1022 2169 opes
1061 2129 1205 2156 eorum
1242 2118 1283 2155 et
1321 2115 1527 2156 exercitus

197 2173 457 2227 recordatur,
499 2174 705 2215 convertit
738 2188 781 2214 se
812 2174 856 2213 in
886 2173 1038 2227 bonos,
1078 2173 1202 2214 nobis
1244 2175 1384 2214 autem
1422 2172 1527 2226 ipsis

150 2240 169 2269 2
198 2232 289 2270 tum
318 2231 416 2286 vim,
447 2235 537 2273 tum
569 2233 770 2273 iudicium
800 2232 995 2272 minatur.
1059 2230 1165 2272 Cum
1195 2230 1276 2273 hoc
1302 2230 1526 2285 Pompeius

199 2288 285 2342 egit
323 2291 380 2342 et,
421 2292 467 2330 ut
509 2291 560 2331 ad
600 2305 665 2332 me
704 2291 794 2344 ipse
831 2290 1037 2331 referebat
1071 2288 1220 2346 (alium
1252 2290 1362 2331 enim
1392 2288 1525 2330 habeo
1546 2304 1579 2330 35
