1665 2553
636 81 674 116 P.
696 84 893 115 432-438.
1290 80 1434 115 CXXIX

94 177 249 213 Diutius
284 187 441 212 sermone
478 175 573 210 enim
609 174 749 209 Gurlitt
783 174 965 208 ‘Berliner
998 173 1125 218 philol.
1154 173 1431 208 Wochenschr.⁷

96 227 197 259 1898.
224 227 308 266 542,
349 223 436 257 ‘Der
460 222 565 256 Brief
596 223 690 256 setzt
721 221 799 256 sich
832 232 897 255 aus
929 221 1018 254 zwei
1043 220 1172 254 Teilen
1196 221 1434 262 zusammen’,

94 270 227 314 inquit.
280 269 367 304 ‘Der
405 269 532 303 zweite
571 270 665 303 setzt
695 268 765 302 mit
796 268 867 302 den
898 267 1054 301 Worten
1086 267 1162 302 ein:
1200 268 1354 302 Diutius
1387 279 1432 301 ss.

97 317 173 352 ‘ich
197 317 323 351 wurde
342 316 540 350 namlich
559 315 710 360 langere
731 315 811 349 Zeit
831 314 947 349 durch
959 314 1149 358 Gesprach
1169 314 1439 359 aufgehalten”

95 375 163 399 nec
187 375 254 409 per
279 374 328 407 se,
354 365 395 397 ut
413 363 506 397 mihi
524 363 681 405 videtur,
707 362 905 395 admodum
922 360 1169 406 probabiliter
1188 363 1225 394 et
1244 371 1368 394 errans
1389 360 1434 394 de

95 411 227 445 horum
265 412 302 445 et
337 410 613 454 insequentium
650 409 842 443 verborum
881 419 1030 442 conexu.
1080 407 1178 441 Nam
1208 418 1298 449 non,
1336 406 1435 450 quod

96 458 206 492 huius
239 457 422 502 epistulae
455 456 563 490 initio
598 457 803 500 ‘scripserat
840 456 983 490 obscure
1013 455 1198 498 fortasse’,
1239 454 1304 488 sed
1336 454 1435 497 quod

97 505 186 539 ibid.
213 517 244 539 v.
267 509 286 538 2
302 516 379 548 sqq.
402 505 633 546 narraverat,
666 502 829 547 explicat
853 502 976 536 verbis
1001 503 1077 536 eius
1101 502 1198 536 modi
1223 506 1280 536 est.
1308 522 1353 525 —
1390 504 1433 534 27

103 552 235 587 Verum
265 552 332 586 tibi
362 552 504 596 iynosco
538 552 575 584 et
605 562 635 584 V.
659 554 700 583 31
718 561 769 593 sq.
797 550 892 594 quod
928 570 973 574 —-
1010 549 1165 593 ueyabat
1194 548 1233 581 in
1264 547 1432 592 parenth.

98 598 271 633 WVesenb.
316 598 375 631 Ad
399 610 433 641 p.
458 601 582 632 16.14.
626 599 637 641 Η
680 597 725 631 P.
740 595 864 631 436.3
892 597 1021 638 adhue,
1046 600 1096 630 est
1113 595 1258 639 Tyrrell
1284 606 1338 638 ep.
1355 598 1432 636 705,

99 646 234 688 adhuc,
265 646 329 680 etsi
360 644 484 687 Klotz,
515 644 625 686 Boot,
659 644 776 678 adhuc
806 647 838 678 et
863 643 984 686 codd,
1017 643 1154 685 adhuc;
1190 643 1250 676 sed
1274 641 1432 683 Ernesti,

99 692 265 727 Schuetz.
288 713 333 717 --—
360 696 402 725 11
424 689 679 734 πραγματικὸν
698 691 798 732 vett,
823 689 977 733 Tyrrell.
997 710 1043 714 —
1067 689 1118 723 Ib.
1133 690 1287 731 habebis,
1305 689 1434 723 scribes

100 739 193 774 coni.
221 738 394 772 Wesenb.
429 740 466 772 et
496 738 609 781 Boot,
650 748 715 771 scr.
747 738 903 780 uterque
941 737 978 770 et
1014 736 1159 780 Tyrrell
1194 736 1316 777 habes,
1347 736 1434 769 scri-

101 805 167 846 bes,
200 804 325 838 habere
344 803 506 837 scribises
525 801 592 843 M1,
618 801 641 835 i.
658 811 700 845 e.,
719 801 762 835 ut
781 801 920 845 opinor,
945 787 1084 843 habeis&
1109 801 1248 841 scribes,
1279 799 1434 840 habebis,

99 851 212 886 scribe
236 851 285 884 sis
304 849 348 883 H.
364 850 405 883 A.
420 848 524 886 Koch
546 848 897 892 ‘PhiloLAnzeiger’
922 851 1011 881 1874
1030 859 1064 891 p.
1077 850 1156 890 496,
1187 847 1305 889 habes,
1323 846 1434 881 scribe

103 898 186 931 adn.
211 897 322 931 ‘Fort
342 897 465 938 habes,
497 895 708 930 rescribesis’
737 895 874 928 Baiter.
915 915 960 920 -
998 898 1039 928 17
1066 894 1178 928 Nune
1203 894 1291 937 quid
1316 892 1433 934 codd„

101 944 198 989 vulg.
220 945 325 985 vett,
357 943 498 986 Baiter,
531 941 674 986 Tyrrell
707 952 760 985 ep.
783 945 860 975 706.
905 942 915 984 ΙΙ
964 940 1010 975 Ρ.
1031 939 1120 975 437.
1143 943 1161 974 7
1193 951 1228 975 se
1260 941 1345 974 ante
1375 951 1433 974 su-

101 996 257 1035 spectum
284 989 366 1023 add.
390 989 466 1031 alii,
498 989 602 1031 Boot,
627 990 713 1032 post
738 999 807 1023 esse
831 987 969 1030 Baiter,
996 987 1140 1031 Tyri-el]
1165 997 1220 1031 ep.
1244 990 1321 1029 707,
1349 988 1434 1020 ante

102 1049 172 1073 esse
196 1036 368 1070 Wesenb.
415 1036 473 1069 Ad
497 1047 531 1079 p.
554 1039 655 1069 8.19.
688 1055 734 1060 —
767 1038 810 1068 10
835 1035 983 1069 Annius
1008 1034 1118 1079 vulg,
1149 1034 1254 1076 Boot,
1280 1032 1433 1077 Tyrrell,

100 1096 173 1129 qua
197 1084 324 1119 sanius
348 1083 397 1125 M,
423 1083 578 1117 Asinius
603 1081 739 1124 Stroth,
764 1081 902 1123 Baiter,
930 1080 1099 1115 Wesenb.
1138 1102 1183 1105 —
1220 1080 1270 1114 Π).
1294 1080 1330 1115 C.
1350 1080 1434 1114 Asi·
1490 1070 1497 1073 Δ

100 1132 204 1166 nium
229 1130 320 1164 coni.
341 1130 446 1173 Boot,
479 1141 544 1163 scr.
566 1128 720 1173 Tyrrell,
748 1128 945 1163 Geminium
970 1128 1088 1171 codd,
1114 1127 1209 1172 vulg.
1248 1149 1293 1152 —
1332 1131 1372 1160 11
1400 1127 1435 1160 A

103 1179 304 1213 balneatore
319 1175 356 1220 C,
376 1188 452 1219 v.c.,
472 1176 627 1221 L(mg0),
647 1175 687 1219 P,
707 1176 752 1210 ab
772 1176 953 1209 alueatore
967 1173 996 1208 O
1012 1176 1164 1219 (expm),
1184 1174 1215 1207 R
1231 1174 1435 1218 (Lehmann

105 1225 181 1259 Att.
201 1236 237 1269 p.
260 1227 324 1258 181
342 1225 424 1265 ex),
457 1235 479 1257 a
506 1224 682 1257 baleatore
706 1222 761 1265 M,
799 1223 844 1256 ab
869 1222 1023 1256 aleatore
1048 1221 1129 1255 edd.
1150 1221 1234 1255 fort.
1254 1223 1363 1254 recte.
1391 1241 1435 1245 ——

104 1276 148 1306 13
167 1276 262 1306 recte
280 1270 385 1313 Reid,
405 1269 548 1314 Tyrrell
566 1269 682 1314 prob,
708 1280 781 1303 non
802 1270 886 1302 cert.
903 1289 947 1293 —
966 1268 1017 1302 Tb.
1032 1269 1058 1314 [
1055 1269 1239 1303 Antonius
1236 1268 1261 1313 ]
1280 1267 1434 1301 Ernesto

104 1320 253 1353 auctore
278 1318 380 1351 Boot.
414 1337 459 1342 ——
484 1316 534 1350 Ib.
561 1319 590 1350 Ο
615 1328 633 1350 c
661 1316 719 1350 ‘ex
749 1315 966 1358 codicibus',
992 1315 1114 1358 inquit
1141 1315 1332 1348 Lehmann
1358 1315 1433 1348 Att.

102 1378 138 1411 p.
154 1369 233 1408 204,
255 1364 342 1398 ‘nisi
355 1364 450 1398 forte
464 1363 546 1406 quis
562 1363 680 1397 credit
693 1361 938 1396 Cratandrum
952 1362 1081 1396 eadem
1093 1365 1203 1406 atque
1217 1361 1437 1395 Muellerum

104 1412 230 1446 studia
254 1411 294 1445 in
319 1409 502 1445 Ciceronis
529 1420 662 1454 genere
689 1409 836 1444 dicendi
860 1409 1063 1454 posuisse’,
1096 1420 1155 1443 me
1183 1410 1277 1442 auct.
1297 1408 1435 1448 Baiter,

105 1471 174 1494 om.
196 1458 342 1500 reliqui,
374 1458 457 1491 Eu!
481 1457 634 1500 Tyri-cll.
673 1478 717 1481 —
756 1460 797 1490 17
830 1459 862 1491 si
894 1457 1034 1500 quidem
1058 1457 1116 1490 illi
1141 1457 1373 1501 mayistratus
1397 1455 1436 1488 in

104 1505 273 1550 parenth.
285 1504 475 1538 Lehmann
489 1504 683 1548 Att.p.205
704 1514 777 1537 non
797 1503 916 1547 magis
930 1513 1110 1537 necessar.
1124 1513 1235 1546 quam
1247 1506 1370 1547 p.438.
1382 1505 1434 1536 13.

106 1552 165 1586 Ad
195 1564 229 1596 p.
247 1555 299 1585 16.
317 1555 370 1585 14.
409 1572 453 1575 —
489 1550 539 1584 Ib.
560 1551 666 1584 etiam
695 1550 819 1595 potius
852 1561 963 1593 quam
994 1555 1110 1585 tamen
1135 1549 1307 1583 WVesenb.
1328 1548 1434 1582 male.

110 1600 244 1634 Tamen
258 1599 315 1632 est
328 1597 461 1631 saltem
473 1598 515 1630 ut
529 1607 655 1641 saepe:
677 1596 751 1630 sive
766 1598 852 1630 sunt
864 1597 1151 1641 magistratuum
1161 1596 1309 1630 nomine
1322 1595 1436 1639 digni,

107 1646 183 1680 sive
208 1656 281 1679 non
308 1646 404 1687 sunt,
432 1646 517 1677 sunt
541 1643 690 1687 tyranni
716 1643 908 1677 satellites.
948 1643 1007 1676 Ad
1031 1655 1065 1687 p.
1080 1647 1132 1677 14.
1147 1647 1201 1676 22.
1223 1664 1268 1668 —
1294 1647 1335 1676 21
1357 1643 1438 1676 tecti

106 1704 178 1727 esse
203 1692 374 1726 debebant
399 1702 477 1733 scr,
503 1692 627 1735 mayui
651 1692 749 1734 (post
773 1692 819 1734 m)
839 1691 1006 1724 sedebant
1023 1689 1089 1733 M1,
1116 1691 1256 1734 maynis
1282 1700 1350 1724 esse
1370 1688 1436 1729 ΜΞ,

111 1739 192 1773 ‘sed
216 1750 285 1774 esse
310 1749 435 1771 rursus
463 1737 626 1771 deletum
651 1737 739 1778 est’,
771 1738 921 1781 mayisse
946 1737 1116 1771 debebant
1141 1736 1197 1778 Zb,
1224 1748 1306 1770 cum
1332 1746 1437 1769 cruce

109 1786 205 1820 Boot
230 1785 321 1820 coni.
343 1789 435 1818 metu
461 1785 581 1826 vacui,
614 1785 737 1829 mayui
762 1795 832 1818 esse
857 1784 1026 1817 debebaut
1049 1783 1234 1825 Wesenb.,
1261 1783 1345 1827 vagi
1369 1793 1438 1816 esse

111 1833 184 1867 deb.
206 1832 367 1873 Manut,
398 1830 553 1874 Tyrrell,
586 1829 695 1874 ἅγιοι,
721 1831 838 1864 sancti
861 1841 931 1864 esse
956 1831 1029 1864 deb.
1052 1829 1127 1863 alii.
1166 1850 1211 1854 -
1250 1833 1292 1862 22
1319 1829 1439 1872 Atqui

110 1879 252 1920 Bosius,
278 1877 450 1912 Wesenb.
495 1877 554 1910 Ad
577 1889 612 1921 p.
635 1880 689 1910 30.
705 1881 736 1911 8.
763 1898 807 1901 -
839 1881 882 1910 ‘23
909 1877 1002 1921 quid
1028 1876 1144 1918 codd,
1176 1877 1275 1917 vett,
1300 1875 1437 1917 Baiter,

109 1925 271 1969 Tyrrell,
303 1925 402 1968 quod
434 1923 583 1957 defendi
614 1924 734 1957 miror.
779 1923 838 1956 Ad
868 1935 900 1967 p.
923 1927 1048 1957 40.30.
1099 1944 1143 1947 —
1194 1926 1235 1955 32
1274 1922 1440 1956 Primum

111 1972 222 2006 laetor
246 1972 338 2016 (tibi)
369 1972 494 2005 melius
524 1982 594 2005 esse
625 1970 716 2004 coni.
737 1970 831 2004 Boot
863 1970 990 2015 ‘iqitur
1014 1969 1186 2003 otiosum’
1221 1979 1300 2002 esse
1324 1971 1438 2011 ratus,

111 2018 151 2052 in
177 2029 247 2061 quo
274 2020 382 2059 errat,
410 2018 496 2051 ante
523 2016 606 2051 Obs.
627 2029 662 2061 p.
684 2020 727 2050 59
742 2028 794 2059 sq.
817 2017 981 2051 Primum
1008 2017 1057 2050 mi
1080 2020 1223 2060 gratum
1249 2016 1340 2059 (tibi)
1371 2027 1438 2050 me-

113 2065 184 2098 lius
209 2076 286 2099 esse.
326 2067 336 2109 ΙΙ
379 2065 425 2099 P.
440 2063 561 2098 438.1
589 2065 630 2098 si
655 2064 742 2108 quid
769 2063 854 2097 Otto
880 2075 971 2097 mus.
993 2063 1108 2096 Rhen.
1131 2065 1220 2096 1886
1245 2074 1279 2106 p.
1296 2065 1373 2096 373.
1395 2084 1439 2087 —

114 2115 157 2144 16
167 2122 219 2154 sq.
234 2112 339 2146 verba
357 2123 433 2145 mea
448 2110 572 2153 Orelli,
593 2110 693 2154 Tyrr.
710 2121 764 2154 ep.
777 2114 852 2144 708.
878 2131 912 2134 ——
934 2114 977 2143 24
993 2109 1134 2143 Caietae
1146 2108 1282 2151 Baiter,
1297 2108 1440 2153 Tyr-rell

113 2169 168 2201 ep.
187 2161 264 2199 709,
289 2158 330 2191 iri
357 2157 497 2192 Caietae
522 2157 570 2197 M,
601 2157 680 2191 ‘sed
708 2158 746 2191 iu
772 2157 934 2190 deletum
961 2156 1030 2189 est'
1059 2157 1102 2199 (V.
1119 2155 1166 2188 ad
1184 2168 1218 2199 p.
1236 2159 1288 2189 17.
1305 2159 1373 2200 27),
1401 2157 1440 2190 in

115 2204 238 2239 Caieta
258 2202 314 2247 Zb,
340 2203 523 2246 Wesenb„
549 2204 643 2238 Boot
669 2204 812 2238 Caietae
838 2214 859 2237 a
880 2203 1097 2236 ‘correctore
1116 2201 1202 2235 libri
1220 2202 1331 2236 Med.'
1360 2213 1438 2236 esse

113 2252 228 2284 ratus.
262 2249 313 2284 Cf.
333 2254 480 2294 p.5.28,
507 2254 651 2284 228.10.
673 2271 717 2276 —
743 2254 786 2283 25
808 2261 844 2293 p.
867 2250 1020 2292 aliqua
1045 2249 1119 2292 (ie.
1135 2250 1309 2294 publica),
1334 2261 1439 2293 quae—

114 2298 198 2332 dam
217 2297 265 2340 M,
284 2297 388 2338 Boot,
409 2298 485 2330 alia
505 2298 680 2340 quaedam
699 2298 785 2330 vett.
802 2296 896 2339 edd„
928 2295 1112 2340 Wesenb.,
1132 2296 1254 2331 attulit
1266 2297 1442 2340 quaedam

186 2360 244 2386 cie.
265 2362 349 2392 epist.
367 2361 407 2386 Π.
1216 2360 1230 2382 1
