1665 2553
169 187 189 216 2

215 80 300 121 432
638 79 685 114 M.
714 79 854 113 TULLI
879 78 1128 113 CICERONIS

304 173 528 216 Vestorius
578 174 629 215 ad
671 189 737 215 me
782 174 970 228 scripsit,
1020 176 1068 214 ut
1111 173 1300 214 iuberem
1343 173 1552 227 mancipio

217 233 306 274 dari
339 248 457 274 servo
491 247 566 274 suo
593 247 670 287 pro
696 247 789 274 mea
813 236 934 286 parte
960 232 1159 273 Hetereio
1187 232 1350 273 cuidam
1376 232 1554 273 fundum

216 291 515 346 Brinnianum,
551 294 600 332 ut
636 292 725 345 ipse
763 292 801 332 ei
831 291 1021 332 Puteolis
1062 293 1174 331 recte
1210 291 1420 345 mancipio
1456 291 1554 331 dare

216 354 370 405 posset.
419 350 533 391 Eum
565 365 743 404 servum,
777 350 812 391 si
844 350 924 390 tibi
956 349 1182 404 videbitur,
1213 349 1265 390 ad
1299 363 1365 390 me
1390 349 1553 404 mittes,

219 409 369 463 opinor
401 409 512 450 enim
544 409 595 449 ad
626 411 667 449 te
700 409 827 449 etiam
861 409 1079 462 scripsisse
1110 407 1367 449 Vestorium.
1592 425 1606 450 5

305 467 368 509 De
413 467 596 508 adventu
634 465 827 508 Caesaris
866 467 976 508 idem
1015 466 1126 521 quod
1172 481 1195 506 a
1234 469 1276 507 te
1314 466 1419 507 mihi
1457 466 1555 507 scri-

217 529 338 579 ptum
369 529 434 567 est
466 526 517 567 ab
545 524 682 580 Oppio
716 529 758 566 et
788 525 934 567 Balbo.
980 525 1113 566 Miror
1144 527 1186 565 te
1217 525 1428 566 nihildum
1460 539 1555 566 cum

218 584 409 639 Tigellio.
453 584 590 634 Velut*
609 584 688 625 hoc
714 585 866 639 ipsum,
898 587 1104 639 quantum
1130 584 1349 638 acceperit,
1380 597 1554 637 prorsus

218 658 318 684 aveo
353 644 458 684 scire
488 658 565 684 nec
595 646 737 683 tamen
769 643 888 684 flocci
919 643 1039 684 facio.
1098 642 1286 697 Quaeris,
1318 642 1419 696 quid
1445 642 1555 696 cogi-

216 705 303 743 tem
335 702 383 742 de
417 702 584 743 obviam
616 702 758 743 itione.
822 701 931 751 Quid
962 716 1104 742 censes
1135 701 1218 742 nisi
1249 700 1446 742 Alsium?
1497 700 1555 741 Et
1575 718 1607 742 ιο

218 761 383 815 quidem
418 761 470 801 ad
501 760 721 801 Murenam
754 760 802 801 de
834 760 1023 814 hospitio
1058 760 1326 814 scripseram,
1364 759 1436 800 sed
1467 759 1553 813 opi—

216 833 294 860 nor
323 834 417 860 cum
442 819 576 860 Matio
603 820 851 873 profectum.
908 817 1135 860 Sallustius
1161 819 1295 873 igitur
1320 818 1554 873 urgebitur.

307 877 473 932 Scripto
517 879 601 919 iam
646 878 861 932 superiore
905 877 1111 919 versiculo
1156 877 1267 918 Eros
1305 877 1411 918 mihi
1449 877 1556 917 dixit

217 937 297 977 sibi
346 937 568 978 Murenam
615 936 912 978 liberalissime
961 935 1239 990 respondisse.
1312 935 1378 976 Eo
1422 935 1555 990 igitur

216 998 395 1036 utamur.
452 995 563 1037 Nam
596 994 725 1036 Silius
758 996 932 1036 culcitas
964 1009 1051 1036 non
1075 995 1214 1035 habet.
1265 993 1375 1036 Dida
1402 997 1554 1047 autem,
1575 1011 1607 1036 15

216 1055 379 1110 opinor,
410 1054 652 1108 hospitibus
686 1057 822 1095 totam
853 1054 1000 1095 villam
1032 1054 1247 1094 concessit.

851 1193 918 1234 LI.

417 1275 491 1310 Ser.
513 1275 553 1308 in
583 1274 788 1309 Tusculano
821 1273 903 1308 VII
923 1274 971 1308 K.
993 1274 1086 1318 Sept.
1107 1286 1140 1308 a.
1164 1277 1235 1309 709
1263 1276 1352 1317 (45).

617 1355 807 1390 CICERO
832 1355 1023 1390 ATTICO
1047 1355 1156 1391 SAL.

304 1428 371 1469 Ad
404 1427 624 1470 Caesarem
657 1442 783 1481 quam
808 1427 905 1468 misi
931 1427 1169 1481 epistulam,
1202 1428 1291 1468 eius
1316 1427 1554 1481 exemplum
1575 1445 1607 1469 20

216 1488 329 1542 fugit
366 1502 431 1528 me
469 1490 560 1527 tum
593 1487 674 1527 tibi
705 1487 884 1526 mittere.
947 1485 1036 1526 Nec
1067 1486 1109 1526 id
1141 1486 1241 1542 fuit,
1278 1486 1390 1540 quod
1422 1486 1555 1540 suspi-

218 1546 342 1599 caris,
380 1549 428 1586 ut
464 1560 531 1586 me
569 1545 745 1599 puderet
783 1545 866 1599 tui,
902 1559 955 1585 ne
993 1544 1168 1586 ridicule
1198 1544 1441 1599 †micillus,
1478 1559 1554 1586 nec

218 1604 453 1646 mehercule
499 1604 648 1657 scripsi
688 1603 829 1657 aliter,
873 1617 919 1643 ac
962 1603 997 1643 si
1034 1605 1143 1658 πρὸς
1181 1607 1279 1645 ἴσον
1317 1604 1554 1657 ὄμοιόνομιθ

218 1664 454 1705 scriberem.
510 1663 623 1703 Bene
655 1663 766 1703 enim
798 1662 994 1702 existimo
1028 1662 1076 1703 de
1109 1662 1195 1703 illis
1227 1662 1361 1716 libris,
1393 1664 1442 1702 ut
1472 1661 1554 1702 tibi

218 1737 369 1764 coram.
431 1721 581 1775 Itaque
622 1721 770 1774 scripsi
810 1723 851 1761 et
890 1720 1187 1770 ἀκολακεύτους
1224 1723 1265 1761 et
1302 1723 1445 1761 tamen
1483 1720 1555 1775 sic,
1575 1736 1606 1762 25

218 1784 265 1822 ut
296 1780 405 1822 nihil
438 1795 533 1821 eum
565 1780 802 1820 existimem
833 1779 1042 1820 lecturum
1074 1779 1289 1820 libentius.

306 1838 370 1880 De
402 1838 546 1879 Attica
577 1852 689 1879 nunc
721 1838 886 1878 demum
918 1837 1024 1878 mihi
1057 1840 1120 1878 est
1152 1837 1435 1893 exploratum3
1479 1837 1555 1878 ita-

219 1913 299 1953 que
344 1898 381 1938 ei
420 1897 469 1938 de
506 1897 673 1951 integro
714 1896 938 1951 gratulare.
1006 1895 1235 1951 Tigellium
1271 1898 1413 1936 totum
1449 1895 1554 1936 mihi

218 1960 260 1998 et
287 1956 455 2010 quidem
482 1970 607 2009 quam
634 1955 835 2008 primum,
866 1969 964 1995 nam
988 1955 1149 2008 pendeo
1177 1954 1315 1995 animi.
1357 1952 1553 1994 Narrabo

218 2015 316 2069 tibi,
355 2014 538 2064 Quintus
571 2028 679 2067 cras3
725 2013 806 2067 sed,
847 2013 898 2053 ad
929 2028 996 2053 me
1028 2028 1079 2054 an
1112 2013 1163 2053 ad
1194 2016 1247 2063 te,
1278 2012 1431 2054 nescio.
1492 2011 1555 2053 Mi
1573 2029 1606 2054 30

219 2073 388 2127 scripsit
430 2072 611 2113 Romam
653 2083 735 2112 VIII
777 2071 869 2112 Kal.
943 2070 1022 2112 Sed
1066 2072 1182 2127 misi,
1226 2071 1298 2125 qui
1342 2071 1552 2111 invitaret.

217 2132 314 2172 Etsi
352 2132 490 2172 hercle
527 2131 611 2172 iam
642 2129 823 2171 Romam
861 2130 1113 2171 veniendum
1151 2132 1232 2184 est,
1269 2143 1322 2170 ne
1353 2130 1425 2171 ille
1457 2131 1553 2170 ante

218 2190 396 2232 advolet.
