1665 2553
187 81 244 123 34
614 81 663 116 M.
690 81 830 116 TULLI
855 80 1105 116 CICERONIS

141 188 160 219 7
188 177 397 231 praesidia
435 191 525 219 esse
565 177 811 232 quaerenda.
879 175 1029 230 Itaque
1072 176 1275 230 primum,
1316 190 1412 217 eum
1456 177 1530 230 qui

187 236 366 277 nimium
398 236 469 276 diu
502 235 551 277 de
582 236 708 276 rebus
738 235 899 276 nostris
930 236 1138 289 tacuerat,
1174 233 1424 288 Pompeium
1463 235 1530 275 ad-

187 294 289 335 duxi
319 295 365 335 in
396 308 487 335 eam
518 294 801 348 voluntatem,
831 297 879 334 ut
911 293 957 334 in
988 295 1136 334 senatu
1166 307 1255 333 non
1286 293 1426 349 semel,
1458 293 1531 334 sed

189 367 311 407 saepe
350 353 583 407 multisque
626 352 767 393 verbis
809 352 938 392 huius
981 351 1088 392 mihi
1138 351 1318 392 salutem
1361 351 1529 406 imperii

190 414 317 466 atque
349 412 465 452 orbis
497 414 707 452 terrarum
740 410 1006 465 adiudicarit3
1039 410 1152 464 quod
1175 424 1263 451 non
1288 413 1376 451 tam
1401 410 1528 452 inter-
1566 427 1582 453 5

187 470 271 511 fuit
301 484 396 511 mea
427 468 581 524 (neque
613 470 725 510 enim
756 469 854 510 illae
885 483 952 510 res
986 471 1058 509 aut
1089 469 1149 509 ita
1181 471 1280 509 sunt
1313 468 1530 524 obscurae,

188 531 237 570 ut
267 528 582 583 testimonium,
619 531 692 569 aut
723 528 785 568 ita
816 527 987 581 dubiae,
1026 529 1075 568 ut
1104 527 1392 568 laudationem
1424 528 1529 569 desi-

189 586 354 643 derent)
382 601 508 640 quam
534 587 596 629 rei
621 587 828 641 publicae,
854 586 966 640 quod
992 588 1112 627 erant
1139 585 1309 639 quidam
1330 586 1529 641 improbi,

190 645 264 699 qui
294 645 609 687 contentionem
641 645 730 686 fore
764 645 950 698 aliquam
981 644 1087 685 mihi
1118 658 1213 685 cum
1242 643 1444 698 Pompeio
1477 659 1528 685 ex

188 719 329 745 rerum
375 704 546 744 illarum
596 704 856 745 dissensione
906 703 1224 744 arbitrarentur.
1299 701 1405 744 Cum
1447 703 1529 744 hoc
1548 719 1583 744 10

189 776 268 817 ego
288 777 355 804 me
375 765 495 803 tanta
514 762 804 803 familiaritate
824 762 1035 816 coniunxi,
1060 764 1108 802 ut
1133 764 1310 815 uterque
1332 764 1528 803 nostrum

188 821 234 861 in
266 836 342 862 sua
371 821 536 862 ratione
573 821 780 862 munitior
821 824 862 862 et
894 821 938 861 in
968 835 1014 861 re
1044 820 1214 874 publica
1250 820 1415 861 firmior
1450 820 1529 861 hac

142 891 163 922 8
191 879 486 921 coniunctione
524 893 614 921 esse
651 879 800 933 possit.
864 878 968 920 Odia
1000 882 1142 920 autem
1172 879 1247 919 illa
1276 879 1528 920 libidinosae

191 941 232 979 et
264 938 465 979 delicatae
496 938 752 992 iuventutis,
790 952 895 992 quae
928 940 1047 978 erant
1078 938 1122 978 in
1152 951 1219 978 me
1250 937 1438 993 incitata,
1469 937 1529 979 sic

189 997 388 1051 mitigata
432 999 531 1037 sunt
574 997 774 1038 comitate
819 997 999 1050 quadam
1042 1011 1154 1050 mea,
1196 1010 1262 1037 me
1305 1011 1436 1037 unum
1479 999 1527 1037 ut
1547 1012 1580 1038 15

192 1070 336 1096 omnes
374 1055 439 1095 illi
476 1055 633 1109 colant3
682 1055 791 1096 nihil
827 1056 911 1095 iam
949 1055 1128 1108 denique
1166 1069 1189 1095 a
1226 1069 1293 1096 me
1331 1069 1528 1108 asperum

190 1115 235 1154 in
279 1128 533 1167 quemquam
576 1114 626 1154 fit
667 1127 745 1155 nec
787 1116 930 1154 tamen
968 1113 1192 1167 quicquam
1234 1113 1438 1167 populare
1481 1127 1528 1154 ac

190 1172 462 1225 dissolutum,
501 1172 573 1212 sed
610 1171 671 1212 ita
708 1174 942 1226 temperata
977 1174 1070 1212 tota
1107 1171 1216 1212 ratio
1255 1174 1337 1224 est,
1379 1174 1427 1212 ut
1466 1172 1528 1212 rei

188 1230 382 1284 publicae
426 1230 708 1271 constantiam
750 1234 979 1285 praestem,
1027 1229 1205 1283 privatis
1249 1230 1354 1270 meis
1398 1230 1525 1271 rebus

189 1291 363 1342 propter
400 1288 693 1329 infirmitatem
730 1288 957 1343 bonorum,
994 1288 1266 1342 iniquitatem
1302 1288 1525 1330 malevolo·
1545 1306 1580 1330 ρο

188 1361 301 1400 rum⁷
346 1347 489 1387 odium
531 1347 577 1387 in
618 1361 685 1388 me
721 1347 1014 1401 improborum
1055 1346 1277 1387 adhibeam
1315 1347 1525 1400 quandam

189 1405 428 1446 cautionem
461 1408 503 1446 et
534 1405 799 1460 diligentiam
831 1408 956 1459 atque
988 1405 1065 1460 ita,
1103 1405 1274 1446 tametsi
1304 1405 1372 1445 his
1402 1406 1524 1446 novis

190 1464 386 1504 amicitiis
430 1463 638 1518 implicati
679 1478 842 1519 sumus,
881 1467 929 1505 ut
973 1464 1119 1505 crebro
1158 1463 1264 1504 mihi
1300 1464 1416 1505 vafer
1453 1464 1525 1505 ille

189 1520 355 1563 Siculus
388 1522 627 1563 insusurret
658 1522 937 1577 Epicharmus
965 1522 1218 1564 cantilenam
1244 1522 1361 1563 illam
1387 1537 1524 1563 suam:

189 1603 336 1659 ‘Naqoe
361 1603 432 1645 καὶ
452 1603 634 1658 μέμνασ’
659 1604 874 1646 ἀπιστεῖν·
902 1606 1049 1659 ἄρθρα
1068 1611 1203 1646 ταῦτα
1222 1610 1302 1645 τᾶν
1322 1604 1524 1659 φρενῶν.’
1544 1620 1578 1646 25

187 1696 251 1738 Ac
287 1700 458 1739 nostrae
500 1698 668 1752 quidem
704 1698 884 1738 rationis
922 1712 969 1738 ac
1004 1698 1116 1739 vitae
1158 1697 1278 1752 quasi
1316 1697 1525 1751 quandam

187 1755 380 1810 formam,
411 1759 460 1797 ut
492 1757 652 1810 opinor,
685 1756 811 1797 vides.

141 1825 162 1856 9
277 1813 340 1854 De
377 1817 452 1856 tuo
493 1818 634 1856 autem
670 1814 844 1869 negotio
883 1829 1005 1869 saepe
1043 1814 1094 1855 ad
1123 1828 1190 1855 me
1222 1813 1382 1854 scribis.
1445 1811 1524 1854 Cui

187 1872 346 1913 mederi
387 1887 499 1914 nunc
535 1887 621 1914 non
661 1887 906 1928 possumus3
950 1875 1014 1914 est
1051 1873 1163 1914 enim
1202 1872 1308 1913 illud
1351 1874 1522 1913 senatus

189 1931 430 1972 consultum
452 1946 616 1972 summa
634 1932 902 1985 pedariorum
916 1932 1134 1972 voluntate
1150 1930 1307 1971 nullius
1326 1933 1522 1971 nostrum
1542 1947 1576 1972 30

189 1989 442 2030 auctoritate
480 1990 650 2031 factum.
712 1988 841 2044 Nam,
882 1990 994 2044 quod
1024 2003 1090 2030 me
1128 2003 1219 2029 esse
1260 1989 1309 2029 ad
1342 1989 1523 2030 scriben-

189 2046 287 2086 dum
318 2048 452 2102 vides,
488 2063 538 2089 ex
569 2048 661 2102 ipso
695 2051 866 2089 senatus
900 2048 1093 2089 consulto
1124 2047 1369 2101 intellegere
1400 2050 1522 2101 potes

190 2104 315 2144 aliam
346 2120 434 2146 rem
465 2109 557 2147 tum
588 2107 779 2160 relatam,
811 2106 891 2147 hoc
923 2108 1065 2147 autem
1096 2105 1145 2145 de
1176 2106 1344 2159 populis
1377 2105 1522 2146 liberis

190 2161 280 2202 sine
317 2176 441 2204 causa
478 2165 676 2206 additum.
737 2164 796 2205 Et
831 2165 892 2205 ita
924 2165 1082 2204 factum
1114 2166 1178 2203 est
1211 2179 1234 2204 a
1263 2163 1307 2205 P.
1342 2162 1520 2205 Servilio

188 2219 276 2260 filio
285 2254 295 2274 ‚
331 2222 403 2274 qui
434 2222 479 2262 in
509 2223 736 2276 postremis
767 2222 1019 2264 sententiam
1051 2221 1169 2275 dixit,
1203 2222 1274 2263 sed
1305 2221 1521 2263 immutari
1541 2238 1574 2264 35

187 2277 267 2318 hoc
299 2280 487 2332 tempore
518 2295 606 2321 non
635 2283 788 2335 potest.
837 2279 987 2334 Itaque
1020 2283 1263 2336 conventus,
1295 2280 1368 2334 qui
1398 2279 1520 2321 initio
