1665 2553
638 85 677 120 P.
699 89 896 120 473-480.
1262 83 1441 119 CXXXIX

98 185 271 225 φρονεῖν.·
296 179 354 214 cui
379 178 494 213 Orelli
521 178 626 222 coni.,
655 178 710 212 ‘In
734 183 855 213 nostro
881 178 998 211 latere
1023 178 1150 221 potest
1168 188 1243 211 voc.
1261 176 1441 211 Graecum

97 225 242 262 νόστον’
277 227 387 269 Boot,
425 226 605 260 salutaria
642 226 775 260 ‘nostris
804 225 908 259 Koch
944 235 1066 269 progr.
1089 224 1186 258 Port.
1207 227 1296 259 1868
1333 236 1368 268 p.
1385 228 1440 266 30,

97 275 274 320 ignoscere
310 273 443 307 nostris
473 273 530 306 Fr.
552 272 720 306 Schmidt
752 283 873 316 progr.
895 271 1061 305 Norimb.
1079 274 1168 305 1879
1200 283 1232 315 p.
1253 275 1296 305 37
1309 283 1361 315 sq.
1396 292 1441 296 ——

98 325 143 355 14
181 325 256 356 aut
287 320 550 364 proferendae?
593 341 638 344 —
681 323 725 353 20
752 318 1028 363 “Ηρακλειδεῖον
1065 318 1126 352 hic
1158 319 1195 352 et
1225 321 1304 352 490.
1327 322 1372 352 20
1404 320 1442 352 et

95 371 236 402 496.12
262 367 366 410 Boot,
392 379 426 411 p.
446 370 525 400 469.
542 370 574 410 3,
600 369 678 401 507.
695 370 737 400 35
763 367 1098 410 proparoxytonon.
1134 386 1178 390 -—
1209 369 1254 398 23
1280 365 1329 400 ad
1353 366 1440 399 scri-

98 416 251 449 bendum
282 415 364 456 tibi,
395 425 473 449 vere
505 414 642 455 dicam,
672 414 790 456 fecisti
821 413 964 455 Baiter,
999 413 1047 447 ad
1071 413 1175 447 scrib.
1200 413 1268 446 tibi
1292 433 1338 437 —
1363 423 1441 446 vere

96 463 213 496 dicere
232 472 377 505 possum
403 482 446 485 —
473 461 590 503 fecisti
614 460 799 503 Wesenb.,
833 462 884 494 sic
909 461 1004 494 enim
1027 471 1080 494 me
1105 460 1220 494 mavis
1245 460 1372 501 dicere,
1392 459 1442 493 ad

95 509 321 543 scribendum
347 509 414 542 tibi
438 519 515 542 vere
542 508 659 550 fecisti
683 507 805 541 Moser
829 517 949 551 progr.
978 506 1063 540 Ulm
1090 509 1180 540 1848
1206 518 1241 550 p.
1264 509 1283 539 6
1299 517 1365 549 sq.,
1391 506 1441 540 ad

96 556 199 590 scrib.
231 556 298 590 tibi
328 555 427 598 (licet
456 555 549 588 enim
575 555 642 589 tibi
665 565 742 589 vere
767 555 896 597 dicere)
922 554 1041 597 fecisti
1062 553 1252 587 Lehmann
1273 552 1440 594 Quaestt.

96 614 132 647 p.
149 606 226 636 113.
241 623 286 627 —-
307 606 351 635 24
371 602 599 636 alacriorem
611 601 790 644 Lambin,
808 600 993 643 Wesenb.,
1013 601 1119 643 Boot,
1133 601 1306 635 acriorem
1322 599 1440 642 codd„

96 649 233 683 Baiter.
261 670 306 674 —
332 652 376 682 30
403 649 497 692 quod
522 648 645 691 codd,
671 649 760 692 quid
784 648 936 691 Manut,
962 647 1100 690 Baiter,
1130 646 1316 688 Wesenb.,
1343 647 1439 691 quic-

97 697 187 741 quid
205 696 328 741 eqerit,
348 696 390 729 de
410 696 568 730 libertate
587 694 844 739 Peerlkampio
867 696 1017 728 auctore
1035 695 1138 728 Boot.
1190 693 1232 727 V.
1248 693 1440 727 Lehmann

96 743 173 777 Att.
194 755 228 787 p.
246 746 324 785 199,
346 754 442 786 supr.
462 742 557 786 ad'p.
569 745 645 775 180.
657 745 710 775 35.
726 763 771 766 —
791 745 832 775 31
851 741 887 776 G.
902 743 1028 776 Annio
1043 741 1119 782 alii,
1133 740 1320 783 Huschke,
1334 740 1439 783 Boot,

99 790 207 824 Gallo
232 790 353 824 animo
379 789 426 830 M,
462 789 569 823 Gallo
587 789 755 823 Aoim'nio
782 789 878 822 ‘odd
900 788 922 822 1.
944 800 976 822 2:
1005 788 1059 831 Z’,
1085 787 1184 821 Wes.
1213 799 1296 822 cum
1322 798 1439 830 cruce,

99 837 207 872 Gallo
239 836 394 871 Caninio
426 834 591 877 Corrad.‚
628 835 764 869 Baiter.
808 836 819 879 ΙΙ
874 835 920 869 Ρ.
941 833 1030 869 478.
1052 839 1072 868 3
1112 845 1257 868 crucem
1295 833 1436 877 addidi,

97 884 203 918 idem
222 884 314 928 quod
333 888 388 918 tu.
421 882 486 916 Me
506 881 630 925 Orelli,
656 881 841 923 Wesenb,
867 882 970 916 Boot.
992 903 1037 907 —
1063 884 1083 915 5
1104 881 1259 916 Servilia
1279 879 1440 923 Corrad.,

96 930 200 975 prob.
233 931 336 971 Boot,
374 929 430 963 Fr.
465 929 632 963 Schmidt
661 940 782 973 progr.
816 929 987 963 Wurceb.
1017 931 1106 962 1892
1138 941 1173 972 p.
1195 931 1259 970 32,
1299 927 1441 962 Gurlitt

97 988 218 1022 progr.
248 976 402 1021 Steglitz
424 979 513 1009 1898
532 988 567 1020 p.
591 980 633 1010 13
649 987 719 1019 sq.,
746 976 878 1010 Selicia
904 975 1020 1018 codd,
1049 975 1130 1009 edd.
1153 996 1198 1000 —
1217 975 1267 1008 Π).
1292 986 1348 1017 ,πε
1368 986 1439 1018 qua
1486 1005 1494 1007 .

94 1035 229 1068 pompa
260 1024 316 1057 Fr.
350 1023 517 1057 Schmidt
546 1034 666 1067 progr.
694 1022 858 1056 Norimb.
888 1025 978 1056 1879
1002 1034 1036 1066 p.
1059 1026 1123 1065 38,
1150 1033 1283 1067 magna
1304 1032 1439 1065 pompa

98 1071 199 1104 idem
228 1081 348 1115 progr.
382 1069 552 1104 Wurceb.
576 1073 665 1103 1892
684 1081 720 1113 p.
743 1073 803 1113 32,
836 1080 910 1104 wion
944 1081 1017 1113 qua
1037 1079 1172 1112 pompa
1196 1070 1321 1103 soleret
1347 1068 1438 1102 coni.

98 1117 291 1160 Wesenb.,
319 1128 394 1151 ‘non
424 1128 496 1161 qua
516 1127 649 1160 pompa
676 1117 893 1151 adsuevisset
916 1115 1107 1150 Lehmann
1128 1115 1294 1157 Quaestt.
1309 1127 1343 1159 p.
1362 1118 1439 1157 135,

98 1176 196 1199 omne
228 1165 276 1199 ad
301 1165 511 1208 Pompeium
536 1163 628 1198 coni.
655 1163 760 1206 Boot,
787 1163 901 1197 etiam
925 1162 1058 1196 Mnem.
1084 1166 1172 1196 1893
1199 1174 1232 1206 p.
1257 1166 1340 1204 120,
1366 1172 1438 1195 non

100 1213 242 1256 quidem
267 1222 401 1255 pompa
434 1210 574 1244 Gurlitt
604 1209 627 1244 1,
643 1210 665 1244 l.
692 1220 834 1253 vereor,
867 1220 912 1244 ne
943 1220 1016 1243 non
1055 1211 1163 1243 recte.
1197 1230 1242 1234 —
1275 1213 1317 1242 13
1343 1208 1440 1242 Hinc

100 1258 262 1302 incipere
289 1257 444 1291 alteram
470 1257 670 1301 epistulam
695 1257 823 1291 datam
847 1256 946 1290 inter
965 1267 996 1290 a.
1019 1256 1051 1290 d.
1074 1256 1141 1289 VH
1161 1257 1198 1289 et
1216 1255 1267 1289 ΠΙ
1285 1256 1327 1289 Κ.
1348 1255 1437 1288 Nov.

100 1305 235 1339 statuit
258 1305 376 1338 Ruete
404 1304 488 1338 diss
510 1304 626 1337 Marb.
650 1307 739 1338 1883
759 1316 793 1348 p.
817 1307 860 1337 10
880 1305 918 1338 et
938 1307 990 1337 34.
1013 1307 1056 1337 51
1086 1303 1262 1337 Graetero
1290 1304 1439 1336 auctore

103 1352 294 1396 ‘speciosis
323 1351 577 1395 argumentis',
604 1352 646 1384 ut
672 1350 725 1384 ait
749 1351 844 1385 Boot
868 1363 902 1395 p.
926 1354 1003 1384 676.
1037 1371 1082 1375 --
1119 1350 1170 1383 Ib.
1199 1351 1353 1394 optimus
1378 1354 1438 1383 est.

101 1399 187 1434 Etsi
206 1398 332 1441 Orelli,
351 1398 489 1440 Baiter,
509 1398 613 1439 Boot,
639 1399 803 1442 optimus.
824 1398 894 1432 Sed
912 1399 944 1432 si
963 1397 1011 1439 M,
1038 1398 1202 1441 optimus.
1224 1396 1319 1439 Etsi,
1338 1396 1440 1431 haec

100 1457 212 1489 quum
225 1445 337 1487 Wes,
358 1446 443 1479 haec
455 1455 570 1488 marg.
587 1443 682 1478 Crat.
699 1444 836 1489 (Lehm.
852 1444 929 1479 Att.
944 1456 978 1488 p.
990 1446 1047 1488 77)
1060 1444 1163 1477 haud
1176 1443 1251 1477 scio
1268 1454 1314 1477 an
1328 1444 1439 1484 recte,

104 1492 174 1526 etsi
193 1491 380 1536 improbat
401 1490 439 1525 O.
452 1491 491 1524 E.
503 1491 670 1525 Schmidt
688 1491 820 1525 Philol.
834 1495 923 1525 1896
938 1503 972 1535 p.
990 1494 1066 1524 700.
1085 1511 1131 1515 -
1154 1493 1196 1524 15
1212 1501 1264 1533 sq.
1280 1501 1370 1534 quas
1394 1510 1440 1514 -—

102 1541 223 1583 accepi
241 1539 280 1572 in
298 1549 375 1582 par.
391 1538 527 1581 Baiter,
551 1537 735 1581 Wesenb,
751 1538 855 1581 Boot,
891 1541 932 1571 17
957 1538 1112 1572 tricatur
1130 1558 1176 1562 ——-
1195 1541 1320 1571 monet.
1336 1538 1440 1570 extra

102 1586 239 1619 Baiter.
266 1585 324 1618 Ad
343 1597 376 1628 p.
394 1588 447 1618 16.
465 1588 517 1618 14.
534 1605 579 1609 —
599 1588 642 1618 18
662 1586 848 1619 monetalis
869 1584 1036 1627 Schuetz,
1056 1584 1194 1627 Baiter,
1214 1584 1318 1626 Boot,
1339 1585 1440 1617 homo

102 1633 187 1667 talis
206 1632 255 1675 M,
275 1631 447 1665 Wesenb.
465 1631 557 1666 coni.
572 1632 672 1666 homo
691 1632 890 1666 monetalis.
906 1652 951 1655 —
972 1635 1014 1664 19
1035 1631 1138 1665 illum
1158 1631 1299 1674 quidem
1319 1630 1438 1671 Klotz,

103 1680 240 1721 Baiter,
262 1678 448 1721 YVesenb„
463 1678 566 1712 Boot.
600 1678 658 1711 Ad
673 1677 769 1712 Cael.
785 1690 819 1722 p.
830 1681 883 1711 84.
895 1682 925 1711 9.
941 1699 986 1702 —
1007 1682 1051 1711 24
1070 1689 1128 1711 me
1141 1678 1211 1712 ista
1224 1688 1279 1712 res
1292 1687 1439 1711 commo-

102 1727 194 1760 vebit
223 1725 414 1767 Wesenb,
449 1724 655 1758 ‘intercidit
685 1737 737 1759 me
768 1725 826 1758 vel
850 1735 915 1759 aios
948 1726 1033 1758 ante
1063 1724 1231 1765 verbum,
1267 1725 1309 1756 ut
1332 1723 1436 1766 puto’

103 1773 206 1806 Boot.
246 1772 305 1805 Ad
329 1784 364 1816 p.
387 1775 464 1805 260.
483 1774 513 1805 5.
541 1792 587 1796 —
618 1775 661 1805 33
687 1772 710 1816 ᾧ
726 1772 881 1816 Myrtilo
907 1771 1078 1805 Wesenb.
1102 1770 1193 1804 coni.
1216 1773 1256 1804 in
1282 1770 1440 1814 Myrtilo

104 1821 170 1853 aut
196 1819 362 1864 Myrtili,
392 1818 462 1852 hoc
493 1829 558 1852 scr.
586 1818 697 1859 Boot,
729 1818 919 1861 ‘quoniam
951 1818 995 1851 de
1027 1817 1175 1850 homine
1207 1817 1283 1850 iam
1308 1817 1439 1849 necato

104 1865 231 1909 quaeri
257 1876 330 1899 non
354 1866 488 1909 potest,
515 1875 610 1907 quae
636 1875 747 1898 causa
774 1864 808 1898 ei
832 1867 889 1907 sit,
913 1875 1024 1907 quam
1044 1874 1194 1897 causam
1213 1863 1350 1904 habeat,
1375 1862 1440 1896 sed

103 1912 315 1956 ponendum
341 1913 421 1945 erat
443 1912 581 1954 fuerit'.
602 1933 646 1936 —
666 1915 711 1944 34
725 1916 851 1955 pateat
863 1911 1021 1953 Ernesti,
1036 1915 1166 1954 pareat
1179 1909 1300 1943 Moser
1317 1920 1438 1953 progr.

104 1958 190 1992 mm
211 1962 299 1992 1848
318 1971 353 2003 p.
371 1962 401 2001 7,
428 1958 613 2000 ἯῙθεθῑὼἿ
638 1958 775 2001 Baiter,
802 1958 906 2000 Boot,
928 1962 1029 2002 patet
1049 1956 1151 1990 codd.
1174 1956 1235 2000 (ad
1248 1968 1282 2000 p.
1299 1959 1353 1989 32.
1372 1958 1437 2000 11).

105 2027 151 2030 ——
182 2008 225 2038 37
251 2006 338 2049 quid
361 2006 408 2040 id
432 2004 603 2039 KVcsenb.
659 2004 717 2038 Ad
742 2017 778 2049 p.
800 2008 876 2038 363.
894 2008 947 2038 30.
1005 2005 1015 2048 ΙΙ
1066 2004 1112 2037 P.
1133 2003 1223 2037 479.
1243 2007 1265 2036 4
1297 2003 1331 2036 V
1352 2003 1439 2037 Kal.

109 2052 230 2096 Quint.
245 2051 383 2094 Baiter,
402 2051 587 2094 WVesenb„
607 2054 665 2086 26.
680 2052 774 2086 ‚suni
793 2052 939 2086 Abends
959 2050 997 2084 O.
1014 2050 1053 2083 Ε.
1075 2049 1242 2083 Schmidt
1260 2049 1439 2084 Fleckeis.

107 2109 189 2132 ann.
213 2101 303 2131 1884
327 2110 361 2142 p.
383 2102 448 2132 347
465 2110 529 2142 sq.,
554 2101 613 2133 26.
641 2099 724 2133 oder
747 2101 805 2133 27.
829 2099 923 2132 ani
947 2097 1066 2130 Ruete
1098 2096 1184 2130 diss.
1211 2096 1327 2130 Marb.
1351 2099 1440 2130 1883

105 2157 140 2189 p.
163 2149 194 2187 9,
221 2144 364 2188 TyrreU
389 2155 443 2189 ep.
466 2149 542 2179 758.
581 2166 626 2169 -
665 2149 708 2179 28
746 2146 818 2179 tuis
848 2146 934 2189 post
965 2144 1097 2186 officiis
1130 2144 1210 2187 (aut
1234 2155 1264 2177 V.
1287 2147 1330 2177 27
1356 2145 1443 2187 post

106 2193 214 2235 enim)
255 2191 463 2225 ‘excidisse'
504 2192 666 2225 affirmat
699 2191 892 2234 Wesenb.,
929 2202 994 2224 scr.
1029 2189 1123 2223 Boot
1158 2190 1309 2234 probab.
1430 2189 1442 2235 ΙΙ

154 2238 200 2272 P.
215 2236 305 2272 480.
327 2241 370 2270 20
396 2249 419 2271 α
444 2237 560 2273 Statio
587 2238 677 2272 coni.
704 2238 799 2272 Boot
821 2236 1040 2271 ‘assentiens
1063 2235 1238 2270 Graetero
1259 2236 1356 2281 VIp.
1373 2240 1441 2270 430

107 2295 226 2328 neque
253 2283 463 2318 Ciceronem
489 2285 687 2328 quicquam
713 2284 831 2319 Statio
859 2283 1041 2327 debuisse,
1067 2293 1197 2326 neque,
1224 2283 1256 2317 si
1281 2283 1339 2317 vel
1362 2294 1441 2316 ma-
