1665 2553
318 82 658 118 EPISTULARUM
683 82 748 116 AD
774 81 989 116 ATTICUM
1015 81 1083 115 ΧΠ
1109 86 1241 116 3—5a.
1364 82 1450 123 355

756 235 806 277 V.

321 317 395 353 Ser.
415 318 456 351 in
479 317 686 353 Tusculano
712 318 762 351 in.
789 328 832 350 m.
857 316 979 361 Quint.
1000 329 1032 351 α.
1056 320 1129 352 708
1156 319 1246 360 (46).

509 399 698 434 CICERO
724 399 915 434 ATTICO
941 398 1050 433 SAL.

197 470 381 520 Quintus
407 473 526 525 pater
553 473 752 525 quartum
779 471 846 512 vel
871 471 1015 524 potius
1040 471 1314 512 millesimum
1339 471 1448 512 nihil

71 546 88 572 5
108 530 235 585 sapit,
273 530 345 584 qui
382 530 564 571 laetetur
595 529 785 584 Luperco
827 530 915 570 filio
956 533 996 570 et
1030 528 1186 585 Statio,
1225 532 1273 570 ut
1305 533 1448 571 cernat

107 588 264 642 duplici
295 588 492 630 dedecore
525 589 781 629 cumulatam
813 588 997 630 domum.
1047 587 1170 630 Addo
1197 588 1326 629 etiam
1352 588 1449 630 Phi—

106 647 303 689 lotimum
334 647 519 688 tertium.
582 646 616 688 O
650 647 891 701 stultitiam,
921 647 1005 688 nisi
1036 661 1129 688 mea
1159 648 1295 688 maior
1328 651 1449 702 esset,

107 706 382 761 singularem!
428 706 540 760 quod
572 708 714 747 autem
747 720 792 747 os
823 706 868 746 in
899 705 1007 747 hanc
1038 720 1127 747 rem
1153 708 1313 761 ἔρανον
1339 722 1362 748 a
1388 708 1447 748 te!

104 763 188 805 Fac
218 779 306 806 non
338 764 389 805 ad
421 765 637 815 εδιψῶσαν
668 765 863 819 κρήνηνζ
906 764 977 805 sed
1009 765 1061 806 ad
1093 767 1322 820 Πειρήνην
1353 780 1449 806 eum

54 840 86 865 10
105 823 280 878 venisse,
312 823 558 878 (ἄμπνευμα
589 824 751 878 σεμνὸν
781 822 1005 877 Ἀλφειοῦ’
1036 824 1082 864 in
1113 826 1154 865 te
1188 824 1369 879 (κρήνῃζ
1401 827 1448 865 ut

105 882 266 937 scribis,
296 882 478 937 haurire,
510 883 555 922 in
580 883 712 923 tantis
738 882 825 923 suis
851 883 1100 936 praesertim
1127 883 1347 937 angustiiS,
1372 891 1448 925 ποῖ

103 947 239 982 ταῦτα
271 942 354 995 ἄρα
385 940 644 995 ἀποσκήψει;
678 939 758 981 Sed
789 941 879 995 ipse
910 941 1074 982 Viderit.
1127 940 1231 983 Cato
1264 957 1331 982 me
1358 942 1447 996 qui·
1506 997 1514 1000 ,

105 1000 200 1041 dem
233 999 425 1054 delectat,
457 1000 528 1041 sed
559 1000 687 1040 etiam
719 1000 899 1040 Bassum
930 998 1141 1041 Lucilium
1173 1015 1260 1041 sua.

737 1117 819 1158 Va.

49 1203 82 1229 15
309 1196 383 1233 Ser.
403 1197 445 1232 in
468 1197 673 1232 Tusculano
693 1198 793 1242 prid.
816 1198 863 1231 K.
884 1198 970 1232 Iam.
991 1210 1025 1233 α.
1047 1201 1120 1233 ’708
1148 1201 1237 1242 (46).

506 1279 696 1315 CICERO
721 1279 914 1314 ATTICO
938 1280 1047 1314 SAL.

190 1350 255 1392 De
287 1350 430 1393 Caelio
471 1354 520 1393 tu
552 1366 741 1406 quaeres,
780 1354 828 1392 ut
865 1352 1033 1407 scribis,
1076 1366 1154 1407 ego
1192 1353 1302 1394 nihil
1332 1355 1443 1394 novi.

103 1408 325 1451 Noscenda
364 1414 505 1451 autem
543 1413 605 1451 est
641 1413 812 1466 natura,
854 1425 940 1451 non
971 1410 1150 1452 facultas
1182 1412 1319 1453 modo.
1381 1411 1445 1453 De

103 1467 336 1509 Hortensio
382 1472 423 1509 et
465 1468 671 1523 Verginio
715 1471 781 1523 tu,
826 1469 861 1509 si
905 1469 1009 1522 quid
1046 1469 1272 1511 dubitabis.
1334 1470 1444 1525 Etsi,

49 1544 85 1568 20
105 1527 218 1580 quod
254 1527 390 1582 magis
422 1527 602 1582 placeat,
644 1541 722 1581 ego
757 1530 963 1580 quantum
995 1528 1171 1582 aspicio,
1209 1543 1296 1569 non
1320 1529 1443 1570 facile

103 1586 325 1627 inveneris.
377 1584 485 1627 Cum
509 1585 704 1640 Mustela,
737 1599 862 1639 quem
887 1586 938 1626 ad
964 1586 1136 1627 modum
1165 1587 1324 1642 scribis,
1348 1602 1443 1629 cum

102 1644 265 1685 venerit
298 1643 483 1698 Crispus.
544 1643 612 1684 Ad
642 1642 799 1684 Avium
831 1644 991 1699 scripsi,
1023 1647 1071 1685 ut
1104 1660 1163 1699 ea,
1199 1660 1305 1699 quae
1336 1646 1443 1687 bene

102 1705 247 1743 nosset
279 1703 328 1744 de
361 1717 475 1757 auro,
513 1702 659 1743 Pisoni
691 1703 1013 1744 demonstraret.
1070 1702 1166 1743 Tibi
1198 1704 1310 1744 enim
1343 1719 1442 1745 sane

104 1761 316 1802 adsentior
348 1764 390 1803 et
421 1761 535 1801 istud
565 1761 744 1801 nimium
776 1761 847 1801 diu
873 1761 967 1801 duci
994 1763 1034 1801 et
1061 1762 1203 1802 omnia
1226 1776 1339 1803 nunc
1365 1778 1442 1804 un—

49 1836 83 1861 25
104 1819 229 1873 dique
266 1820 562 1861 contrahenda.
624 1819 682 1860 Te
722 1820 890 1873 quidem
919 1819 1030 1860 nihil
1061 1834 1202 1875 agere,
1238 1821 1347 1862 nihil
1378 1836 1442 1862 co-

104 1878 240 1932 gitare
267 1878 392 1932 aliud,
423 1878 506 1919 nisi
532 1878 645 1932 quod
671 1878 722 1918 ad
746 1893 812 1918 me
838 1878 1060 1932 pertineat,
1085 1879 1206 1920 facile
1232 1880 1440 1933 perspicio

102 1937 290 1990 meisque
321 1937 504 1992 negotiis
535 1937 731 1991 impediri
762 1936 1037 1990 cupiditatem
1063 1939 1180 1977 tuam
1207 1938 1258 1978 ad
1283 1953 1349 1979 me
1375 1954 1441 1980 ve-

100 1995 254 2035 niendi.
318 1994 399 2037 Sed
439 2009 605 2036 mecum
649 2009 738 2036 esse
781 1997 823 2036 te
860 1997 982 2049 puto,
1026 2010 1112 2036 non
1150 1996 1287 2037 solum
1329 1997 1441 2051 quod

101 2067 238 2094 meam
269 2067 358 2094 rem
389 2055 492 2109 agis,
523 2068 669 2095 verum
701 2054 827 2094 etiam
860 2054 973 2107 quod
1004 2054 1144 2095 videre
1169 2055 1324 2110 videor,
1356 2070 1439 2110 quo

48 2128 83 2154 30
102 2111 227 2152 modo
260 2125 370 2166 agas.
421 2111 570 2167 Neque
603 2113 714 2153 enim
747 2113 833 2153 ulla
859 2112 963 2153 hora
989 2113 1053 2152 tui
1080 2113 1185 2153 mihi
1211 2116 1274 2154 est
1301 2115 1440 2168 operis

102 2170 261 2225 ignota.

1161 2358 1227 2391 23*
