1665 2553
293 615 370 668 M.
408 615 662 669 TULLI
701 615 1158 669 CICERONIS

221 721 732 769 EPISTULARUM
774 721 865 768 AD
909 721 1232 768 ATTICUM

511 824 686 866 LIBER
718 823 948 866 SEXTUS.

711 1012 742 1054 I.

23 1100 39 1127 5
301 1093 375 1129 Ser.
397 1093 599 1129 Laodiceae
632 1095 690 1129 VI
711 1094 758 1128 K.
780 1094 896 1128 Μανύ.
918 1105 950 1128 α.
976 1096 1044 1131 704
1072 1096 1163 1137 (50).

484 1175 651 1210 CICERO
678 1175 850 1210 ATTICO
878 1175 975 1210 SAL.

148 1247 303 1302 Accepi
333 1251 429 1289 tuas
461 1248 628 1289 litteras
662 1263 695 1289 a.
722 1248 758 1289 d.
787 1248 984 1302 quintum
1016 1247 1273 1288 Terminalia
1298 1246 1402 1288 Lao·
1430 1258 1445 1288 1

61 1307 216 1362 diceae3
255 1321 359 1361 quas
391 1307 477 1361 legi
506 1307 789 1348 libentissime
821 1307 1090 1361 plenissimas
1122 1307 1291 1361 amoris,
1327 1306 1402 1346 hu-

61 1365 299 1420 manitatis,
343 1365 489 1419 officii,
532 1365 787 1420 diligentiae.
856 1366 915 1406 Iis
959 1365 1094 1420 igitur
1136 1365 1401 1419 respondebo

9 1442 43 1466 10
61 1438 143 1465 non
182 1424 358 1479 ‘ledaea
390 1424 617 1477 χαλκείων’
656 1423 741 1480 (sic
773 1424 885 1465 enim
922 1422 1142 1479 postulas)
1179 1438 1256 1464 nec
1287 1425 1403 1465 οἷκο-

63 1485 222 1537 νομίαν
246 1496 384 1523 meam
408 1482 644 1538 instituam,
670 1483 741 1524 sed
767 1483 955 1524 ordinem
982 1483 1240 1523 conservabo
1267 1485 1402 1523 tuum.

62 1541 392 1582 Recentissimas
435 1556 458 1581 a
490 1540 701 1594 Cybistris
733 1544 775 1583 te
807 1556 921 1583 meas
953 1542 1119 1582 litteras
1150 1541 1307 1582 habere
1340 1541 1402 1582 ais

65 1615 97 1641 a.
125 1600 160 1640 d.
187 1611 218 1640 x
245 1599 456 1640 Kalendas
484 1598 688 1640 Octobres
721 1600 841 1641 datas
874 1603 916 1641 et
949 1600 1053 1640 scire
1085 1600 1161 1653 vis,
1194 1603 1290 1640 tuas
1323 1614 1401 1654 ego

66 1673 170 1712 quas
191 1658 430 1712 acceperim.
481 1657 637 1699 Omnes
656 1659 755 1713 fere,
775 1673 880 1712 quas
902 1672 1217 1712 commemoras,
1236 1662 1405 1711 praeter

13 1732 46 1759 15
66 1732 147 1770 eas,
179 1731 283 1771 quas
311 1716 460 1757 scribis
480 1715 651 1757 Lentuli
677 1718 818 1770 pueris
845 1720 887 1757 et
912 1717 1176 1770 Equotutico
1203 1719 1245 1757 et
1270 1716 1405 1756 Brun-

67 1775 172 1816 disio
214 1776 344 1816 datas.
408 1774 544 1823 Quare
581 1789 668 1816 non
706 1780 867 1829 οἴχεται
907 1778 982 1815 tua
1018 1775 1247 1828 industria,
1291 1774 1405 1828 quod

66 1834 239 1888 vereris,
279 1834 350 1874 sed
380 1834 592 1888 praeclare
624 1834 810 1888 ponitur,
842 1834 878 1874 si
911 1833 1080 1887 quidem
1111 1833 1154 1873 id
1185 1833 1325 1888 egisti,
1356 1835 1405 1873 ut

68 1905 145 1946 ego
184 1892 421 1933 delectarer.
484 1891 595 1932 Nam
630 1892 749 1932 nulla
788 1906 832 1932 re
866 1907 960 1932 sum
990 1891 1221 1932 delectatus
1253 1891 1404 1945 magis.

157 1948 276 1998 Quod
305 1965 442 1991 meam
473 1951 701 2005 βαθύτητα
731 1951 777 1991 in
806 1950 947 2004 Appio
979 1950 1073 2004 tibi,
1103 1949 1406 1990 liberalitatem
1431 1961 1451 1990 2

16 2025 49 2050 20
70 2008 197 2049 etiam
226 2009 271 2049 in
295 2008 428 2050 Bruto
455 2009 603 2064 probO‚
634 2009 903 2050 veliementer
929 2009 1106 2063 gaudeo3
1139 2023 1185 2049 ac
1209 2011 1406 2061 putaram

68 2066 195 2120 paulo
229 2081 358 2108 secus.
407 2067 574 2121 Appius
607 2067 718 2108 enim
750 2067 800 2108 ad
830 2082 898 2108 me
929 2082 981 2108 ex
1010 2067 1161 2107 itinere
1192 2067 1259 2107 bis
1288 2069 1406 2107 terve

69 2125 475 2180 ὑπομεμψιμοίρους
505 2126 670 2167 litteras
701 2126 888 2181 miserat⁷
925 2126 1038 2179 quod
1070 2125 1273 2179 quaedam
1306 2139 1330 2165 a
1363 2139 1407 2166 se

70 2183 303 2224 constituta
342 2184 630 2225 rescinderem.
691 2184 752 2225 Ut
785 2184 820 2224 si
849 2185 1047 2237 medicus,
1081 2197 1175 2224 cum
1206 2186 1407 2237 aegrotus

71 2242 144 2283 alii
175 2242 336 2283 medico
368 2242 550 2283 traditus
584 2243 651 2297 sit,
681 2242 806 2283 irasci
830 2243 934 2283 velit
960 2242 997 2283 ei
1021 2242 1194 2297 medico⁷
1226 2242 1300 2296 qui
1325 2242 1408 2283 sibi

19 2315 52 2341 25
72 2300 330 2356 successerit,
359 2300 406 2355 si,
433 2315 538 2355 quae
563 2301 653 2355 ipse
678 2301 724 2342 in
750 2301 932 2342 curando
960 2301 1245 2356 constituerit7
1269 2303 1409 2341 mutet
