1665 2553
92 817 126 842 10

92 1131 126 1157 15

92 1422 126 1447 20

90 2002 126 2027 30

89 2291 123 2317 35

352 87 691 123 EPISTULARUM
716 87 780 122 AD
806 87 1016 122 ATTlCUM
1042 87 1110 121 XV
1135 91 1283 122 27—29.
1397 88 1479 128 491

148 183 312 224 litteras
358 182 610 236 exspectabo
655 184 697 223 et
740 182 922 223 maxime
966 182 1016 223 de
1058 182 1185 236 ludis,
1235 182 1284 223 de
1327 182 1481 235 quibus

149 242 277 282 etiam
324 241 375 282 ad
415 241 596 282 Brutum
645 241 726 282 tibi
774 240 1040 281 scribendum
1080 243 1154 281 est.
1227 239 1356 281 Cuius
1398 240 1481 294 epi-

149 300 295 354 stulae,
327 314 453 353 quam
485 299 756 353 interpretari
786 299 877 352 ipse
909 299 980 339 vix
1011 301 1215 355 poteram,
1245 299 1481 352 exemplum

148 359 281 412 pridie
319 358 397 399 tibi
436 358 643 399 miseram.
704 357 873 398 Atticae
909 371 1025 398 meae
1062 357 1189 398 velim
1227 372 1293 397 me
1325 357 1384 397 ita
1417 371 1482 397 ex·

149 431 280 471 cuses,
312 419 360 457 ut
392 430 559 457 omnem
591 416 757 469 culpam
789 417 834 456 in
865 418 906 456 te
938 416 1167 457 transferas
1200 418 1241 456 et
1272 415 1310 456 ei
1340 418 1482 456 tamen

148 475 369 516 confirmes
406 489 473 516 me
504 475 775 516 immutatum
808 488 992 515 amorem
1025 489 1165 515 meum
1195 488 1359 515 mecum
1391 474 1482 514 abs-

147 533 308 574 tulisse.

736 648 888 690 XXIX.

323 729 397 764 Ser.
418 730 459 763 in
486 729 684 763 Formiano
709 729 783 762 ΙΙΙ
802 729 899 762 Non.
923 728 1044 773 Quint.
1067 740 1099 762 (ι.
1124 731 1193 763 710
1220 731 1308 772 (44).

548 809 737 845 CICERO
762 810 953 844 ATTICO
978 809 1085 844 SAL.

234 880 357 922 Bruti
390 881 441 922 ad
471 883 514 922 te
546 881 771 935 epistulam
803 881 910 922 misi.
960 880 1015 921 Di
1046 881 1160 935 boni,
1192 884 1349 934 quanta
1374 881 1480 935 ἀμη-

145 941 290 993 χανιάῐ
335 938 587 994 Cognosces,
618 954 713 980 cum
744 940 907 994 legeris.
957 939 1021 980 De
1053 940 1334 980 celebratione
1364 940 1481 980 ludo-

146 1012 239 1037 rum
276 997 401 1038 Bruti
445 998 525 1038 tibi
563 998 788 1039 adsentior.
854 997 921 1039 Ad
958 997 1013 1038 M.
1046 997 1215 1039 Aelium
1253 998 1395 1038 nullus
1432 1000 1480 1038 tu
1515 1042 1522 1045 ,

147 1056 315 1109 quidem
347 1056 531 1111 domum,
563 1056 634 1096 sed
666 1056 800 1097 sicubi
832 1056 1036 1097 inciderit.
1098 1056 1161 1096 De
1192 1056 1388 1097 Tulliano
1421 1070 1480 1096 se-

146 1114 274 1155 misse
305 1114 361 1155 M.
390 1114 602 1155 Axianum
641 1115 880 1169 adhibebis,
917 1118 966 1155 ut
1004 1114 1164 1155 scribis.
1227 1114 1348 1163 Quod
1384 1129 1479 1155 cum

147 1171 312 1213 Cosano
347 1174 491 1227 egisti,
530 1173 697 1226 optime.
755 1173 874 1221 Quod
905 1187 991 1214 non
1023 1173 1160 1214 solum
1192 1187 1296 1227 mea,
1332 1187 1479 1213 verum

146 1230 274 1271 etiam
317 1234 391 1272 tua
433 1245 559 1272 cansa
600 1246 666 1272 me
711 1231 899 1285 expedis,
949 1234 1129 1286 gratum.
1203 1231 1479 1285 Legationem

144 1289 317 1342 probari
366 1304 501 1330 meam
550 1290 723 1344 gaudeo.
798 1289 918 1338 Quod
959 1290 1194 1344 promittis,
1240 1290 1282 1330 di
1325 1289 1478 1331 faxint!

146 1346 253 1395 Quid
284 1348 396 1388 enim
426 1348 532 1388 mihi
563 1348 668 1388 meis
700 1348 950 1389 iucundius?
1002 1347 1082 1389 Sed
1107 1348 1247 1403 istam,
1279 1362 1405 1401 quam
1430 1351 1478 1388 tu

147 1405 319 1460 excipis,
357 1409 513 1447 metuo.
581 1406 763 1447 Brutum
801 1420 895 1447 cum
933 1420 1185 1461 convenero,
1220 1407 1477 1460 perscribam

147 1463 296 1504 onmia.
358 1463 421 1504 De
464 1464 619 1505 Planco
664 1468 704 1505 et
742 1464 916 1505 Decimo
961 1479 1060 1505 sane
1101 1465 1237 1505 velim.
1302 1463 1477 1505 Sextum

147 1524 313 1562 scutum
356 1522 519 1562 abicere
561 1522 768 1564 nolebam.
829 1522 892 1563 De
928 1522 1105 1576 Mundo,
1149 1523 1184 1563 si
1222 1522 1324 1576 quid
1361 1523 1475 1564 scies.

146 1578 363 1633 Rescripsi
395 1581 447 1621 ad
479 1581 619 1621 omnia
649 1583 741 1635 tua,
772 1595 882 1621 nunc
913 1583 1059 1621 nostra
1091 1581 1241 1634 accipe.

233 1637 414 1686 Quintus
454 1638 567 1679 filius
604 1653 737 1692 usque
767 1638 968 1679 Puteolos
1009 1639 1160 1690 (mirus
1192 1639 1314 1693 civis,
1350 1641 1397 1679 ut
1428 1641 1476 1680 tu

113 1712 126 1735 a
146 1694 379 1737 Favonium
416 1696 613 1737 Asinium
651 1695 781 1753 dicas)
824 1700 866 1738 et
898 1697 1067 1750 quidem
1099 1697 1201 1737 duas
1234 1697 1287 1737 ob
1320 1711 1477 1750 causas,

145 1754 230 1805 †et
266 1757 314 1795 ut
350 1769 512 1795 mecum
549 1757 591 1796 et
628 1758 675 1796 ut
717 1757 974 1797 σπείσασθαι
1014 1755 1106 1795 vult
1144 1769 1238 1796 cum
1270 1754 1404 1796 Bruto
1441 1759 1479 1797 et

146 1810 304 1853 Cassio.
366 1812 446 1854 Sed
489 1816 537 1854 tu
582 1813 682 1866 quid
723 1813 813 1854 ais‘?
864 1812 958 1854 Scio
997 1813 1110 1854 enim
1147 1816 1188 1854 te
1226 1813 1477 1854 familiarem

146 1883 236 1910 esse
267 1869 494 1912 Othonum.
547 1871 622 1912 Ait
652 1871 721 1913 hic
753 1872 835 1912 sibi
860 1871 1012 1912 Iuliam
1038 1872 1163 1926 ferre,
1196 1871 1476 1912 constitutum

145 1928 257 1968 enim
294 1943 383 1970 esse
421 1930 652 1970 discidium.
715 1929 930 1978 Quaesivit
968 1944 1018 1971 ex
1055 1944 1121 1970 me
1158 1932 1297 1984 pater,
1340 1930 1475 1983 qualis

145 1988 255 2026 esset
297 1987 419 2028 fama.
481 1987 581 2028 Dixi
622 1988 731 2029 nihil
774 2002 873 2029 sane
910 2002 976 2028 me
1017 1988 1182 2028 audisse
1222 1986 1477 2043 (nesciebam

146 2044 267 2097 enim,
299 2059 372 2085 cur
405 2046 641 2101 quaereret)
673 2046 757 2087 nisi
789 2046 838 2086 de
870 2060 941 2088 ore
973 2048 1015 2087 et
1045 2049 1173 2099 patre.
1225 2044 1321 2086 ‘Sed
1354 2060 1475 2100 quor-

146 2101 261 2142 sus?'
305 2103 490 2156 inquam.
556 2103 616 2145 At
654 2104 726 2145 1116
762 2104 898 2145 filium
935 2104 1052 2145 velle.
1114 2104 1222 2144 Tum
1260 2117 1356 2160 ego,
1395 2105 1476 2145 etsi

145 2158 477 2214 ἐβδελυττόμην,
509 2165 650 2203 tamen
682 2162 833 2217 negavi
864 2164 1014 2216 putare
1045 2177 1112 2203 me
1143 2162 1216 2202 illa
1247 2176 1337 2202 esse
1367 2177 1474 2203 vera.

145 2218 319 2267 Σκοπὸς
353 2219 467 2275 [hoc]
502 2223 565 2260 est
597 2220 708 2261 enim
733 2221 832 2261 huic
856 2223 1003 2260 nostro
1029 2219 1138 2260 nihil
1162 2220 1374 2276 praebere,
1402 2221 1476 2262 illa

145 2278 287 2316 autem
319 2277 372 2317 οὐ
403 2279 520 2331 παρὰ
550 2284 689 2319 τοῦτο.
752 2278 846 2332 Ego
878 2280 1021 2318 tamen
1052 2278 1243 2331 suspicor
1274 2277 1397 2334 hunc,
1428 2282 1476 2320 ut
