1665 2553
106 62 154 97 M.
182 61 324 97 TULLI
350 60 601 97 CICERONIS
627 60 775 96 EPIST.
795 60 860 94 AD
882 59 1098 94 ATTICUM
1118 60 1184 94 XII
1206 64 1307 94 1—-3,
1366 60 1451 101 353

109 172 208 213 ergo
241 173 347 212 opus
382 160 471 199 erat
504 157 716 211 epistula?
763 156 890 211 Quid,
928 171 1023 198 cum
1055 170 1197 197 coram
1231 170 1376 197 sumus
1411 159 1451 196 et

108 217 330 272 gmrimus,
364 216 565 270 quicquid
596 216 641 256 in
672 216 875 256 buccam?
919 215 1001 256 Est
1033 215 1223 268 profecto
1252 214 1452 268 quiddam

108 275 257 330 λέσχη,
297 290 403 329 quae
439 275 589 330 habet,
628 275 795 316 etiamsi
825 274 936 315 1111111
968 274 1132 328 subest,
1171 273 1451 314 collocutione

108 335 201 389 ipsa
233 335 498 375 suavitatem.

74 458 88 482 5
751 438 803 480 Π.

335 520 408 555 Ser.
430 521 568 555 Romae
593 524 675 554 ante
700 519 786 554 med.
808 531 852 553 m.
873 519 963 563 Apr.
986 531 1017 553 (ι.
1042 521 1114 553 708
1142 521 1231 563 (46).

514 601 705 637 CICERO
729 601 923 636 ATTICO
947 601 1056 635 SAL.

199 675 281 716 Hic
306 689 497 716 rumores
524 678 667 715 tamen
692 673 887 714 Murcum
912 673 1071 727 perisse
1096 673 1334 727 naufragio,
1359 671 1454 713 Asi-

110 735 228 775 nium
267 734 453 775 delatum
485 734 630 775 vivum
667 733 712 773 111
743 747 893 773 manus
926 732 1131 787 militum,
1175 744 1204 772 L
1234 731 1354 772 navis
1389 731 1455 772 de-

59 811 91 835 10
110 793 219 834 latas
257 792 427 834 Uticam
471 792 623 833 reflatu
661 791 759 846 1100,
803 791 1052 844 Pompeium
1089 805 1176 832 non
1214 804 1455 843 comparere

111 866 187 893 nec
212 851 258 892 in
283 851 533 892 Balearibus
561 851 734 892 omnino
760 850 904 904 fuisse,
923 852 971 890 ut
996 849 1220 890 Paciaecus
1247 849 1455 889 adfirmat.

115 909 197 952 Sed
230 913 375 951 auctor
406 910 567 951 nullius
601 909 661 950 rei
695 909 930 963 quisquam.
993 908 1155 963 Habes,
1194 922 1317 963 quae⁷
1355 907 1455 948 dum

113 972 161 1010 tu
213 969 330 1024 abes,
379 969 512 1010 locuti
557 969 653 1009 sint.
728 967 836 1008 Ludi
879 967 1042 1008 interea
1083 966 1322 1008 Praeneste.
1389 965 1456 1006 Ibi
1520 1006 1527 1009 .

113 1027 282 1069 Hirtius
315 1031 357 1068 et
382 1028 456 1068 isti
484 1041 638 1068 omnes.
683 1026 742 1067 Et
770 1026 940 1080 quidem
965 1026 1055 1066 ludi
1083 1026 1170 1067 dies
1196 1038 1290 1066 VIII.
1341 1024 1455 1073 Quae

60 1105 93 1129 15
114 1101 256 1142 cenae,
300 1101 406 1140 quae
450 1086 637 1127 deliciae!
687 1084 772 1126 Res
816 1085 978 1126 interea
1021 1085 1203 1131 fortasse
1240 1087 1456 1125 transacta

114 1149 189 1186 est.
252 1144 285 1186 O
323 1145 455 1186 miros
493 1144 702 1185 homines!
753 1143 812 1184 At
844 1143 1004 1184 Balbus
1045 1143 1254 1198 aedificat3
1298 1145 1344 1184 τί
1371 1143 1454 1196 γὰρ

115 1205 232 1261 αὐτῷ
264 1203 399 1259 μέλει,
441 1202 602 1244 Verum
635 1203 670 1244 si
704 1202 886 1257 quaeris,
918 1202 1083 1243 homini
1113 1217 1199 1243 non
1225 1204 1352 1256 recta,
1385 1201 1456 1242 sed

113 1263 354 1317 voluptaria
386 1262 605 1316 quaerenti
635 1276 775 1303 nonne
801 1261 1035 1315 βεβίωταιῖ)
1085 1260 1150 1302 Tu
1175 1261 1338 1302 interea
1364 1260 1456 1301 dor-

114 1322 207 1363 mis.
261 1321 353 1362 Iam
385 1321 678 1375 explicandum
711 1322 775 1361 est
807 1322 1049 1374 πρόβλημα,
1082 1320 1118 1360 si
1152 1320 1253 1373 quid
1285 1322 1456 1360 acturus

62 1398 96 1423 20
116 1395 171 1422 es,
234 1380 279 1422 Si
312 1380 496 1435 quaeris,
538 1379 639 1434 quid
670 1382 827 1433 putem,
867 1392 945 1433 ego
978 1379 1164 1419 fructum
1195 1381 1311 1432 puto.
1376 1376 1457 1418 Sed

117 1439 218 1494 quid
248 1439 412 1479 multa?
462 1437 553 1479 Iam
582 1441 625 1479 16
657 1438 808 1478 videbo
842 1440 883 1477 et
916 1438 1104 1492 quidem,
1142 1439 1190 1478 ut
1224 1451 1366 1491 spero,
1408 1436 1457 1476 de

116 1499 184 1539 via
227 1500 342 1538 recta
386 1497 439 1537 ad
480 1512 558 1537 me.
627 1496 763 1537 Simul
806 1496 919 1536 enim
964 1499 1005 1536 et
1050 1496 1159 1536 diem
1196 1494 1458 1549 Tyrannioni

116 1556 436 1610 constituemus,
468 1557 511 1595 61
542 1555 578 1596 si
611 1554 713 1608 quid
744 1554 867 1594 aliud.

745 1681 821 1723 ΙΠ.

65 1773 98 1799 25
331 1765 404 1799 Scr.
427 1765 467 1798 in
497 1764 701 1798 Tusculano
726 1763 801 1796 ΠΙ
820 1763 876 1796 Id.
898 1763 983 1797 Iun.
1005 1776 1037 1797 α,
1061 1765 1133 1797 708
1161 1764 1250 1806 (46).

523 1845 713 1880 CICERO
738 1844 930 1879 ATTICO
956 1844 1062 1878 SAL.

207 1919 351 1961 Unum
388 1922 430 1960 te
461 1920 566 1972 puto
597 1917 738 1958 minus
770 1917 972 1957 blandum
1005 1930 1094 1956 esse
1126 1930 1252 1969 quam
1284 1929 1367 1969 1116,
1406 1917 1459 1969 et,

122 1979 158 2019 si
201 1981 377 2032 uterque
420 1980 615 2018 nostrum
654 1978 717 2017 est
755 1976 982 2030 aliquando
1024 1974 1222 2015 adversus
1264 1973 1459 2028 aliquem,

121 2037 232 2077 inter
262 2051 341 2077 nos
373 2040 483 2077 certe
514 2050 747 2089 numquam
778 2049 935 2075 sumus.
986 2033 1099 2074 Audi
1130 2033 1263 2087 igitur
1286 2046 1354 2072 me
1378 2032 1460 2073 hoc

69 2113 102 2137 30
123 2095 392 2149 ἀγοητεύτως
424 2095 640 2135 dicentem.
702 2092 766 2134 Ne
798 2093 957 2147 vivam,
993 2092 1052 2132 mi
1083 2091 1244 2145 Attice,
1287 2091 1322 2131 si
1353 2091 1460 2131 mihi

121 2167 209 2195 11011
252 2153 374 2194 1110ᾰο
414 2153 716 2205 Tusculanum,
759 2152 833 2192 ubi
875 2150 1089 2204 ceteroqui
1131 2164 1223 2190 sum
1266 2149 1460 2205 libenter,

123 2212 193 2253 sed
225 2212 431 2266 μακάρων
462 2218 588 2265 νῆσοι
619 2211 730 2251 tanti
761 2212 873 2265 sunt⁷
902 2213 951 2250 ut
977 2209 1067 2250 sine
1093 2211 1135 2249 16
1162 2209 1242 2249 sim
1267 2210 1334 2248 tot
1359 2207 1458 2249 dies.

124 2269 259 2319 Quare
302 2269 534 2310 obduretur
572 2269 653 2310 hoc
690 2269 896 2323 triduum,
938 2270 985 2309 ut
1023 2270 1065 2307 te
1104 2281 1271 2321 quoque
1303 2280 1460 2320 ponam

195 2345 255 2371 Cic.
275 2345 361 2375 epist.
381 2345 421 2370 ΙΙ.
1203 2339 1246 2369 23
