1665 2553
395 59 735 95 EPISTULARUM
759 59 824 94 AD
850 59 1065 94 ATTICUM
1091 59 1106 93 I
1134 63 1187 94 19.
1405 59 1461 100 33

117 156 191 198 illa
228 156 452 211 tollebam,
490 170 595 209 quae
634 155 685 196 ad
722 155 986 209 privatorum
1024 154 1339 196 incommodum
1371 169 1463 208 per-

117 214 324 270 tinebant,
354 214 590 256 liberabam
623 227 771 269 agrum
803 228 910 268 eum,
943 213 1015 267 qui
1040 213 1084 254 P.
1111 213 1267 269 Mucio,
1298 212 1342 254 L.
1371 212 1463 254 Cal—

117 274 270 328 purnio
304 273 550 315 consulibus
582 273 778 327 publicus
816 273 985 326 fuisset,
1025 270 1296 313 Sullanorum
1327 271 1464 312 homi-

117 347 221 373 num
253 332 544 387 possessiones
577 331 897 386 confirmabam,
928 330 1232 372 Volaterranos
1266 332 1307 371 et
1338 330 1462 372 Arre-

83 408 99 434 5
120 391 247 446 tinos,
279 405 461 445 quorum
493 404 643 445 agrum
670 390 787 431 Sulla
818 390 1055 444 publicarat
1083 403 1219 444 neque
1247 389 1459 443 diviserat,

119 450 163 490 in
213 464 289 490 sua
337 449 605 504 possessione
648 449 899 502 retinebam3
950 463 1079 489 unam
1122 448 1332 490 rationem
1375 462 1464 489 non

119 508 361 562 reiciebam,
405 510 454 548 ut
495 522 595 562 ager
631 507 709 549 hac
746 507 980 548 adventicia
1020 507 1198 561 pecunia
1241 509 1464 561 emeretur,

122 581 228 620 quae
260 581 310 608 ex
340 567 462 608 novis
493 566 771 621 vectigalibus
797 580 871 620 per
898 566 1237 620 quinquennium
1262 566 1463 619 recipere-

120 628 202 666 tur.
264 625 375 666 Huic
413 625 496 666 toti
533 625 690 665 rationi
727 625 916 680 agrariae
955 627 1126 666 senatus
1161 624 1464 665 adversabatur

69 702 102 727 ιο
123 684 342 738 suspicans
374 683 577 738 Pompeio
608 698 762 724 novam
795 683 1005 737 quandam
1037 683 1274 737 potentiam
1301 683 1463 737 quaeri3

121 742 349 796 Pompeius
394 757 492 783 vero
538 742 588 783 ad
631 742 895 783 voluntatem
941 742 1210 796 perferendae
1253 741 1360 797 legis
1404 742 1465 782 in-

122 801 335 842 cubuerat.
397 800 492 856 Ego
531 803 672 842 autem
710 815 865 856 magna
902 815 997 841 cum
1030 801 1294 855 agrariorum
1326 800 1465 855 gratia

123 860 425 901 confirmabam
446 860 635 900 omnium
661 860 926 913 privatorum
951 859 1262 914 possessiones3
1287 859 1323 900 is
1351 859 1464 900 enim

125 921 190 960 est
220 921 367 959 noster
398 918 624 973 exercitus,
661 918 900 972 hominum,
937 921 986 958 ut
1017 920 1110 959 tute
1143 918 1243 972 scis,
1281 917 1464 971 locuple-

72 994 104 1019 15
123 977 249 1031 tium3
286 977 444 1031 populo
483 979 625 1018 autem
663 980 700 1018 et
727 976 929 1031 Pompeio
968 975 1086 1032 (nam
1120 976 1163 1017 id
1196 990 1363 1030 quoque
1394 990 1494 1017 vo·-

124 1034 283 1091 lebam)
323 1036 426 1076 satis
463 1035 668 1076 faciebam
706 1036 939 1090 emptione,
980 1050 1062 1089 qua
1102 1035 1336 1076 constituta
1374 1034 1465 1075 dili-

125 1096 273 1149 genter
293 1097 335 1135 et
356 1094 567 1135 sentinam
586 1093 705 1135 urbis
725 1093 939 1135 exhauriri
958 1097 1000 1135 et
1018 1093 1168 1134 Italiae
1189 1093 1465 1134 solitudinem

124 1153 384 1206 frequentari
415 1167 540 1207 posse
571 1152 820 1193 arbitrabar.
873 1151 955 1193 Sed
983 1151 1087 1193 haec
1117 1154 1210 1192 tota
1240 1165 1307 1192 res
1339 1151 1466 1192 inter-

124 1211 282 1265 pellata
307 1211 419 1252 bello
445 1211 678 1252 refrixerat.
720 1211 918 1252 Metellus
945 1213 1010 1252 est
1036 1210 1183 1251 consul
1203 1225 1301 1251 sane
1328 1210 1465 1250 bonus

73 1288 107 1313 20
127 1272 168 1311 et
204 1284 282 1310 nos
321 1269 547 1311 admodum
584 1270 740 1324 diligit3
785 1270 856 1311 ille
898 1269 1006 1310 alter
1048 1269 1158 1310 nihil
1194 1269 1256 1309 ita
1294 1271 1376 1323 est,
1418 1272 1466 1309 ut

125 1328 262 1383 plane,
294 1328 396 1382 quid
427 1329 588 1383 emerit,
621 1328 792 1370 nesciat.
854 1327 970 1368 Haec
1002 1330 1101 1368 sunt
1132 1328 1178 1368 in
1208 1342 1252 1368 re
1285 1327 1467 1381 publica,
1496 1336 1509 1346 ³

125 1387 210 1428 nisi
254 1387 382 1427 etiam
424 1387 530 1427 illud
574 1387 625 1428 ad
670 1401 758 1428 rem
804 1387 1019 1441 publicam
1068 1388 1193 1440 putas
1242 1386 1468 1440 pertinere,

125 1444 391 1487 Herennium
417 1445 638 1501 quendam,
662 1446 884 1487 tribunum
909 1445 978 1500 pl.,
1003 1444 1206 1486 tribulem
1225 1447 1348 1485 tuum
1369 1458 1467 1484 sane

125 1503 343 1544 hominem
361 1518 543 1558 nequam
563 1506 689 1557 atque
710 1507 914 1559 egentem,
936 1518 1058 1557 saepe
1077 1503 1162 1544 iam
1183 1503 1232 1544 de
1251 1502 1295 1544 P.
1318 1502 1466 1544 Clodio

74 1579 108 1605 25
129 1562 179 1603 ad
211 1562 377 1616 plebem
408 1562 663 1604 traducendo
696 1576 819 1617 agere
859 1562 1058 1616 coepisse.
1127 1561 1238 1602 Huic
1275 1561 1468 1614 frequen-

127 1623 192 1661 ter
222 1620 507 1662 interceditur.
568 1620 683 1662 Haec
720 1623 832 1675 sunt,
861 1623 910 1661 ut
941 1620 1104 1675 opinor,
1135 1620 1181 1660 in
1210 1634 1255 1661 re
1287 1619 1466 1673 publica.

216 1678 310 1734 Ego
337 1682 491 1734 autem,
515 1682 563 1720 ut
590 1680 719 1720 semel
737 1678 959 1720 Nonarum
979 1679 1149 1719 illarum
1167 1677 1467 1719 Decembrium

127 1737 316 1778 iunctam
338 1738 497 1778 invidia
522 1752 569 1778 ac
593 1738 826 1778 multorum
852 1737 1087 1778 inimicitiis
1114 1737 1312 1777 eximiam
1339 1750 1468 1789 quan-

130 1795 226 1836 dam
263 1799 390 1850 atque
421 1796 707 1837 immortalem
738 1796 919 1850 gloriam
951 1798 1200 1836 consecutus
1234 1809 1345 1849 sum,
1381 1808 1470 1834 non

77 1872 112 1897 30
131 1853 276 1895 destiti
301 1855 444 1896 eadem
475 1855 605 1896 animi
634 1854 925 1908 magnitudine
956 1853 1003 1893 in
1032 1867 1077 1893 re
1108 1853 1278 1906 publica
1308 1852 1469 1892 versari

132 1915 174 1953 et
201 1912 319 1953 illam
343 1913 587 1954 institutam
614 1927 660 1954 ac
686 1914 925 1966 susceptam
951 1911 1204 1966 dignitatem
1228 1910 1352 1964 tueri,
1385 1910 1469 1965 sed,

131 1973 408 2025 posteaquam
449 1972 635 2026 primum
674 1970 796 2012 Clodi
838 1970 1104 2011 absolutione
1147 1969 1365 2010 levitatem
1408 1968 1469 2009 in-

131 2028 460 2084 firmitatemque
486 2030 736 2071 iudiciorum
763 2029 971 2083 perspexi,
1002 2028 1148 2069 deinde
1178 2027 1265 2067 vidi
1295 2029 1467 2068 nostros

132 2087 380 2140 publicanos
417 2089 539 2129 facile
577 2103 600 2129 a
639 2090 788 2129 senatu
825 2087 1006 2141 diiungi,
1050 2100 1305 2140 quamquam
1343 2100 1366 2126 a
1402 2100 1469 2126 me

81 2163 114 2189 35
134 2145 228 2199 ipso
272 2160 359 2186 non
402 2147 717 2201 divellerentur,
760 2149 853 2187 tum
898 2149 1039 2186 autem
1080 2145 1226 2185 beatos
1263 2143 1470 2197 homines,

131 2203 211 2244 hos
250 2204 499 2257 piscinarios
537 2205 628 2246 dico
674 2205 829 2245 amicos
868 2207 984 2257 tuos,
1018 2217 1106 2243 non
1137 2202 1313 2244 obscure
1343 2202 1468 2243 nobis

132 2261 332 2317 invidere,
357 2264 503 2316 putavi
527 2263 633 2304 mihi
659 2263 839 2304 maiores
867 2261 1070 2316 quasdam
1096 2275 1195 2315 opes
1221 2263 1262 2302 et
1281 2261 1472 2301 firmiora

204 2337 264 2362 Cic.
285 2338 371 2368 epist.
392 2338 425 2362 11
1237 2333 1257 2363 3
