1665 2553
609 90 647 125 P.
669 95 862 125 512—521.
1259 92 1403 127 CXLIX

73 184 139 219 hac
157 195 254 227 cura,
283 183 422 218 Gurlitt
439 195 558 229 progr.
582 184 736 229 Steglitz
752 188 840 219 1898
855 197 889 229 p.
906 188 949 218 14
971 185 1150 220 Contendo
1169 186 1242 220 iam
1254 186 1403 228 Astura,

77 230 141 264 alii
168 230 253 265 alia.
280 252 324 256 —-
350 235 391 265 31
420 232 512 266 certi
537 231 629 266 coni.
657 231 780 275 Orelli,
808 243 873 266 scr.
894 232 1030 275 Baiter,
1056 232 1159 275 Boot,
1179 237 1267 267 certe
1287 233 1404 275 codd,

74 277 246 311 Wesenb.
278 299 323 303 —
355 282 398 312 32
429 279 567 321 videro,
599 280 661 323 qui
686 277 857 312 Wesenb.
908 280 919 323 ΙΙ
967 280 1012 314 Ρ.
1034 279 1123 314 515.
1145 283 1164 312 2
1190 284 1336 314 excunte
1359 291 1403 314 m.

72 325 155 359 Iun.
177 324 313 368 Baiter,
335 328 428 369 (post
447 326 481 358 V
497 326 583 360 Kal.
602 325 757 370 ininct.)
780 325 971 368 Wesenb.;
991 338 1021 360 v.
1042 326 1160 360 Ruete
1181 327 1267 360 diss.
1285 326 1403 360 Marb.

74 375 163 405 1883
183 383 218 415 p.
240 375 271 405 9.
304 393 349 397 -
380 375 400 405 3
437 372 557 407 Cicero
587 373 707 407 Attico
737 383 801 407 suo
831 374 895 407 sal.
928 373 996 407 dic.
1029 372 1201 407 Wesenb.
1228 394 1272 399 —
1300 377 1319 407 5
1344 373 1405 408 sis

73 417 232 460 Con-ad..
252 418 424 452 Wesenb.
446 440 490 444 —
511 422 530 452 9
551 420 593 452 ut
613 430 667 462 ep.
683 419 722 461 B,
738 418 773 462 C,
788 419 830 462 D,
845 419 884 462 E,
899 419 926 452 F
954 419 1032 453 sine
1051 419 1122 454 loci
1144 422 1209 454 aut
1227 419 1403 464 temporis

72 464 194 509 signif.
210 465 337 499 Baiter
350 468 387 499 et
398 465 582 508 Wesenb.,
597 466 701 499 dedit
711 465 857 500 Ruetel.
868 466 890 500 l.
899 487 944 491 —
954 471 995 501 10
1007 467 1075 501 Cn.
1091 467 1228 502 Planco
1237 467 1402 511 Pighius,

72 511 243 546 Wesenb.
271 533 315 537 —
343 516 384 546 18
405 513 448 547 cle
466 524 506 547 ecc
525 525 563 547 re
584 513 687 546 codd.
708 513 804 556 Bosi,
827 512 1011 555 VVesenb„
1031 514 1134 556 Boot,
1154 515 1196 548 dc
1215 526 1256 548 ea
1275 513 1402 547 Lamb.

72 570 143 603 mg.
171 569 215 593 ex
234 571 264 593 V.
275 570 303 593 c.
331 559 534 603 (Lehmann
566 560 641 593 Att.
662 572 697 604 p.
719 562 792 604 98),
819 571 885 594 orn.
913 560 1063 603 reliqui,
1093 561 1235 603 Baiter,
1262 560 1404 605 Tyrrell

73 615 126 650 ep.
150 609 226 640 767.
282 607 294 650 ΙΙ
349 606 394 640 P.
416 606 505 641 516.
528 610 546 640 5
574 611 691 641 autem
717 607 799 640 add.
825 606 957 649 Mml,
985 618 1052 641 om.
1079 610 1184 651 vett,
1210 608 1313 642 Boot.
1391 607 1404 653 ΙΙ

119 653 164 688 P.
186 652 275 687 517.
298 656 338 686 11
356 665 407 696 sq.
441 654 534 697 quod
572 674 615 678 —-
653 654 881 697 occupatione
911 653 949 687 in
986 655 1153 698 parenth.
1191 666 1283 689 recc.
1319 654 1401 688 edd.

71 701 218 744 praeter
236 699 458 743 Tyri-ellium
479 711 532 744 ep.
551 703 626 733 777.
653 700 711 733 Ad
723 712 756 744 p.
769 704 820 734 16.
833 704 885 734 14.
906 721 950 725 —-
972 704 1014 734 17
1035 706 1138 746 atque
1157 703 1263 736 etiam
1276 712 1401 735 neces—

71 746 168 780 sario
196 746 431 780 scribendum
457 747 574 780 visum
601 748 666 789 est,
694 758 761 781 om.
790 747 892 781 codd.
921 749 958 781 et
983 748 1063 782 edd.
1101 748 1160 782 Ad
1178 752 1341 792 p.49.23.
1391 748 1402 793 Η

118 793 165 827 Ρ.
186 793 276 827 518.
300 797 436 826 12-14
461 794 662 836 interfuisti
693 815 736 818 —
768 805 971 839 coynoscere
1001 794 1039 828 in
1063 795 1231 838 parenth.
1259 795 1402 839 Tyrrell

71 851 126 884 ep.
150 843 227 874 778.
277 840 335 873 Ad
349 844 512 884 p.16.14.
540 861 584 865 —
612 844 653 873 16
673 841 804 885 [Iun]
829 841 964 883 Baiter,
990 841 1093 884 Boot,
1120 842 1189 876 del.
1215 842 1401 885 Wesenb„

71 898 159 920 sei-V.
188 886 340 930 Tyrrell.
362 908 405 911 —
424 891 465 920 21
494 888 696 930 litterasque
721 888 769 921 ad
796 887 879 921 add.
906 888 1089 931 Wesenb.,
1117 889 1259 923 ‘Potest
1276 891 1401 923 tamen

71 933 185 967 etiam
217 933 291 966 alia
322 934 466 967 ratione
498 934 558 967 hic
588 933 689 967 locus
717 934 903 967 emendari
930 935 1138 969 scribendo:
1167 936 1305 970 Planco
1329 947 1401 970 rem

69 981 286 1022 detulerunt,
322 982 386 1014 aut
412 981 549 1014 Planco
574 981 810 1015 manclarunt'
838 981 959 1023 Boot„
991 981 1111 1025 magis
1136 982 1260 1026 placet
1286 983 1400 1016 Plan-

70 1038 148 1061 cum
167 1027 343 1061 arbitrum
365 1027 547 1062 dederunt.
568 1048 613 1052 —
633 1030 675 1061 27
696 1028 784 1061 milii
803 1038 847 1061 ex
867 1028 922 1061 ed.
937 1028 1039 1062 Rom.
1062 1030 1099 1062 et
1118 1028 1242 1063 Lamb.
1263 1029 1400 1071 Baiter,

69 1073 254 1116 Wesenb.,
274 1084 343 1107 om.
363 1074 467 1116 Boot,
487 1073 640 1117 Tyrrell.
677 1076 688 1118 Η
727 1074 773 1109 P.
793 1074 882 1109 519.
901 1079 920 1108 5
942 1075 996 1109 M.
1020 1075 1209 1110 CICERO
1227 1076 1398 1110 Wesenb.

69 1120 127 1153 Ad
139 1123 300 1164 p.446.7.
322 1141 367 1145 -
390 1124 526 1154 23—27
547 1132 681 1155 cum—
694 1125 759 1155 tua
777 1121 824 1155 sit
842 1121 881 1154 in
899 1121 1068 1165 parenth.
1090 1121 1276 1166 Wesenb.,
1295 1123 1398 1157 Boot.

69 1167 127 1201 Ad
146 1179 179 1211 p.
194 1170 311 1201 16.14.
354 1168 366 1211 ΙΙ
409 1168 454 1202 P.
476 1167 566 1202 520.
589 1171 631 1201 14
656 1168 815 1213 [Attici]
839 1168 943 1210 Boot,
969 1168 1104 1203 Baiter.

686 1248 775 1284 521.

161 1306 374 1340 Brutinas
408 1306 587 1350 epistulas
622 1308 728 1341 credo
760 1318 862 1341 veras
896 1319 975 1342 esse
1002 1319 1144 1353 omnes,
1178 1309 1292 1343 etiam
1317 1309 1400 1343 XVI

69 1355 106 1387 et
130 1353 240 1387 XVII.
290 1353 417 1387 Baiter
443 1355 479 1387 et
504 1353 733 1399 Wesenberg
757 1355 957 1390 subditivas
984 1355 1121 1390 dicunt.
1171 1356 1203 1389 A
1220 1356 1398 1400 Tyrrellio

69 1402 106 1433 et
124 1399 278 1433 Pur-sero
304 1400 467 1434 nondum
492 1402 578 1434 sunt
604 1401 736 1435 editae.
787 1401 815 1434 E
842 1412 976 1446 magno
1002 1413 1152 1437 numero
1174 1414 1309 1446 eorum,
1336 1403 1399 1445 qui

67 1446 332 1480 recentioribus
369 1447 596 1491 temporibus
636 1448 681 1482 de
718 1448 763 1482 iis
797 1449 1039 1493 scripserunt,
1071 1450 1268 1494 praecipue
1302 1450 1399 1483 infra

67 1493 318 1527 nominantur:

161 1540 222 1573 Fr.
255 1540 424 1573 Becher
451 1540 519 1574 ‘De
546 1540 729 1575 Ciceronis
757 1552 851 1584 quae
877 1542 1044 1587 feruntur
1070 1544 1117 1576 ad
1142 1544 1297 1577 Brutum
1324 1544 1398 1587 epi-

69 1586 207 1629 stolis',
238 1586 362 1631 Progr.
384 1587 558 1631 Harburg
573 1591 672 1622 1876.
722 1588 897 1622 Eiusdem
926 1589 1037 1623 ‘Uber
1062 1590 1121 1624 die
1149 1590 1309 1634 Sprache
1335 1591 1400 1624 der

67 1632 189 1667 Briefe
216 1633 265 1666 ad
288 1633 362 1667 Br.'
391 1645 481 1667 mus.
497 1634 612 1668 Rhen.
630 1638 717 1668 1882
743 1647 776 1679 p.
794 1639 978 1669 576-597
1006 1638 1042 1669 et
1065 1636 1147 1670 ‘Die
1167 1637 1398 1681 sprachliche

67 1679 247 1724 Eigenart
273 1680 337 1713 der
361 1680 483 1714 Briefe
509 1691 556 1714 311
581 1681 730 1714 Brutus’
757 1681 888 1715 Ρ111101.
911 1686 1000 1716 1885
1020 1695 1054 1726 p.
1075 1687 1270 1717 471-501,

161 1725 298 1760 Cobet
322 1726 454 1760 Mnem.
475 1726 519 1761 N.
543 1728 575 1761 S.
595 1727 661 1760 VII
684 1732 771 1761 1879
792 1740 825 1771 p.
848 1732 1042 1763 262—297.

159 1772 198 1807 L.
239 1772 415 1807 Gurlitt
454 1773 535 1807 ‘Die
560 1774 682 1808 Briefe
715 1773 857 1808 Ciceros
891 1786 938 1808 an
968 1775 1016 1809 M.
1043 1776 1177 1810 Brutus
1210 1776 1248 1809 in
1274 1776 1398 1820 Bezug

68 1819 135 1852 auf
161 1819 240 1853 ihre
265 1819 441 1854 Echtheit
471 1820 633 1864 gepriift'
668 1821 798 1855 Philol.
827 1822 944 1865 supp1.
965 1821 1015 1855 IV
1037 1826 1124 1856 1883
1144 1835 1178 1866 p.
1202 1826 1396 1857 551—630.

67 1886 110 1890 —
151 1865 238 1899 ‘Der
274 1866 507 1911 Archetypus
547 1867 610 1900 der
646 1867 912 1901 Brutusbriefe⁷
952 1868 1129 1902 Fleckeis.
1158 1869 1278 1902 annal.
1308 1872 1396 1903 1885

67 1923 101 1955 p.
123 1915 318 1955 561—576,
347 1917 435 1946 1892
456 1926 491 1957 p.
506 1918 702 1948 410—416.
729 1935 772 1939 -—
800 1914 1173 1949 ‘Handschriftliches
1193 1916 1269 1948 und
1288 1915 1397 1950 Text-

65 1958 262 1993 kritisches
288 1971 332 1992 zu
359 1958 430 1994 Cic.
459 1971 512 2004 ep.
541 1961 588 1993 ad
614 1960 661 1994 M.
687 1961 854 1994 Brutum'
883 1961 1013 1995 Philol.
1037 1965 1124 1995 1896
1144 1974 1178 2005 p.
1200 1965 1395 1996 318—340.

160 2005 301 2039 Ruete
329 2006 411 2040 ‘Die
438 2006 733 2051 Correspondenz
760 2007 902 2042 Ciceros
929 2008 967 2041 in
995 2009 1064 2042 den
1090 2008 1226 2042 ι13111611
1250 2012 1295 2042 44
1320 2010 1397 2042 und

65 2051 124 2085 43'
154 2051 379 2096 Strassburg.
408 2053 550 2088 dissert.
578 2054 763 2098 Mai-burg.
786 2058 886 2088 1883.

161 2097 200 2131 O.
216 2098 254 2131 E.
289 2098 491 2134 Schmidt
536 2100 621 2134 ‘Zur
656 2100 779 2134 Kritik
820 2102 896 2134 und
930 2100 1139 2144 Erkliirung
1177 2101 1241 2135 der
1273 2101 1396 2136 Briefe

67 2142 210 2178 Ciceros
238 2155 284 2177 an
308 2144 356 2178 M.
384 2146 533 2181 Brutus'
561 2146 738 2181 Fleckeis.
767 2158 848 2181 ann.
872 2150 960 2180 1884
980 2159 1014 2191 p.
1037 2151 1230 2182 617-644.
1258 2169 1300 2173 -
1330 2149 1395 2182 ‘Zu

66 2190 209 2225 Ciceros
235 2191 383 2226 Briefen
409 2203 456 2226 an
481 2193 528 2227 M.
555 2194 705 2228 Brutus’
730 2193 907 2227 Fleckeis.
931 2204 1012 2228 ann.
1036 2198 1124 2228 1888
1144 2206 1178 2238 p.
1201 2199 1395 2229 179-184,

64 2257 109 2262 —
137 2238 324 2282 ‘Beitr'age
356 2250 418 2272 zur
448 2239 572 2274 Kritik
604 2241 668 2275 der
701 2240 822 2274 Briefe
850 2239 992 2274 Ciceros
1021 2251 1066 2274 an
1092 2241 1138 2274 M.
1166 2241 1316 2276 Brutus’
1344 2241 1395 2276 ib.

64 2287 153 2318 1890
178 2297 213 2329 p.
235 2288 429 2319 109—138.
