<?xml version="1.0" encoding="UTF-8"?>
<!DOCTYPE html PUBLIC "-//W3C//DTD XHTML 1.0 Transitional//EN"
    "http://www.w3.org/TR/xhtml1/DTD/xhtml1-transitional.dtd">
<html xmlns="http://www.w3.org/1999/xhtml" xml:lang="en" lang="en">
 <head>
  <title>
</title>
<meta http-equiv="Content-Type" content="text/html;charset=utf-8" />
  <meta name='ocr-system' content='tesseract 3.04.00' />
  <meta name='ocr-capabilities' content='ocr_page ocr_carea ocr_par ocr_line ocrx_word'/>
</head>
<body>
  <div class='ocr_page' id='page_1' title='image "./p2scriptaquaemanse03ciceuoft_0558.png"; bbox 0 0 1665 2553; ppageno 0'>
   <div class='ocr_carea' id='block_1_1' title="bbox 178 955 196 984">
    <p class='ocr_par' dir='ltr' id='par_1_1' title="bbox 178 955 196 984">
     <span class='ocr_line' id='line_1_1' title="bbox 178 955 196 984; textangle 90"><span class='ocrx_word' id='word_1_1' title='bbox 178 955 196 984; x_wconf 69' lang='lat'>[0</span> 
     </span>
    </p>
   </div>
   <div class='ocr_carea' id='block_1_2' title="bbox 216 79 1158 125">
    <p class='ocr_par' dir='ltr' id='par_1_2' title="bbox 216 79 1158 125">
     <span class='ocr_line' id='line_1_2' title="bbox 216 79 1158 125; baseline -0.014 1"><span class='ocrx_word' id='word_1_2' title='bbox 216 85 300 125; x_wconf 79' lang='grc'>368</span> <span class='ocrx_word' id='word_1_3' title='bbox 670 82 717 116; x_wconf 91' lang='lat' dir='ltr'>M.</span> <span class='ocrx_word' id='word_1_4' title='bbox 746 81 886 116; x_wconf 91' lang='lat' dir='ltr'>TULLI</span> <span class='ocrx_word' id='word_1_5' title='bbox 911 79 1158 115; x_wconf 85' lang='lat' dir='ltr'>CICERONIS</span> 
     </span>
    </p>
   </div>
   <div class='ocr_carea' id='block_1_3' title="bbox 216 174 1559 2166">
    <p class='ocr_par' dir='ltr' id='par_1_3' title="bbox 216 174 1559 933">
     <span class='ocr_line' id='line_1_3' title="bbox 216 174 1556 233; baseline -0.004 -12"><span class='ocrx_word' id='word_1_6' title='bbox 216 181 316 221; x_wconf 88' lang='lat' dir='ltr'>lum.</span> <span class='ocrx_word' id='word_1_7' title='bbox 379 177 464 220; x_wconf 84' lang='lat' dir='ltr'>Cur</span> <span class='ocrx_word' id='word_1_8' title='bbox 503 192 602 233; x_wconf 88' lang='lat' dir='ltr'>ergo</span> <span class='ocrx_word' id='word_1_9' title='bbox 641 177 685 218; x_wconf 91' lang='lat' dir='ltr'>in</span> <span class='ocrx_word' id='word_1_10' title='bbox 724 176 977 218; x_wconf 87' lang='lat' dir='ltr'>sententiam</span> <span class='ocrx_word' id='word_1_11' title='bbox 1018 174 1221 217; x_wconf 77' lang='lat' dir='ltr'>Catonis?</span> <span class='ocrx_word' id='word_1_12' title='bbox 1272 174 1379 224; x_wconf 79' lang='lat' dir='ltr'>Quia</span> <span class='ocrx_word' id='word_1_13' title='bbox 1415 175 1556 216; x_wconf 86' lang='lat' dir='ltr'>verbis</span> 
     </span>
     <span class='ocr_line' id='line_1_4' title="bbox 216 233 1557 290; baseline -0.004 -10"><span class='ocrx_word' id='word_1_14' title='bbox 216 238 570 280; x_wconf 74' lang='lat' dir='ltr'>luculentioribus</span> <span class='ocrx_word' id='word_1_15' title='bbox 612 239 653 277; x_wconf 91' lang='lat' dir='ltr'>et</span> <span class='ocrx_word' id='word_1_16' title='bbox 685 236 878 290; x_wconf 86' lang='lat' dir='ltr'>pluribus</span> <span class='ocrx_word' id='word_1_17' title='bbox 910 249 999 275; x_wconf 89' lang='lat' dir='ltr'>rem</span> <span class='ocrx_word' id='word_1_18' title='bbox 1031 234 1205 275; x_wconf 85' lang='lat' dir='ltr'>eandem</span> <span class='ocrx_word' id='word_1_19' title='bbox 1236 233 1557 287; x_wconf 87' lang='lat' dir='ltr'>comprehende-</span> 
     </span>
     <span class='ocr_line' id='line_1_5' title="bbox 218 292 1557 348; baseline -0.005 -9"><span class='ocrx_word' id='word_1_20' title='bbox 218 301 295 339; x_wconf 90' lang='lat' dir='ltr'>rat.</span> <span class='ocrx_word' id='word_1_21' title='bbox 345 297 413 338; x_wconf 92' lang='lat' dir='ltr'>Me</span> <span class='ocrx_word' id='word_1_22' title='bbox 446 299 586 337; x_wconf 85' lang='lat' dir='ltr'>autem</span> <span class='ocrx_word' id='word_1_23' title='bbox 617 295 686 335; x_wconf 86' lang='lat' dir='ltr'>hic</span> <span class='ocrx_word' id='word_1_24' title='bbox 717 295 873 348; x_wconf 86' lang='lat' dir='ltr'>laudat,</span> <span class='ocrx_word' id='word_1_25' title='bbox 906 293 1019 347; x_wconf 86' lang='lat' dir='ltr'>quod</span> <span class='ocrx_word' id='word_1_26' title='bbox 1050 293 1301 347; x_wconf 70' lang='lat' dir='ltr'>rettulerim,</span> <span class='ocrx_word' id='word_1_27' title='bbox 1331 307 1418 333; x_wconf 90' lang='lat' dir='ltr'>non</span> <span class='ocrx_word' id='word_1_28' title='bbox 1444 292 1557 346; x_wconf 89' lang='lat' dir='ltr'>quod</span> 
     </span>
     <span class='ocr_line' id='line_1_6' title="bbox 219 351 1556 410; baseline -0.004 -13"><span class='ocrx_word' id='word_1_29' title='bbox 219 355 508 410; x_wconf 73' lang='lat' dir='ltr'>patefecerim,</span> <span class='ocrx_word' id='word_1_30' title='bbox 549 355 655 407; x_wconf 72' lang='lat' dir='ltr'>qnod</span> <span class='ocrx_word' id='word_1_31' title='bbox 684 353 930 394; x_wconf 77' lang='lat' dir='ltr'>cohortatus</span> <span class='ocrx_word' id='word_1_32' title='bbox 964 352 1055 407; x_wconf 90' lang='lat' dir='ltr'>sim,</span> <span class='ocrx_word' id='word_1_33' title='bbox 1094 351 1207 405; x_wconf 88' lang='lat' dir='ltr'>quod</span> <span class='ocrx_word' id='word_1_34' title='bbox 1238 351 1416 405; x_wconf 88' lang='lat' dir='ltr'>denique</span> <span class='ocrx_word' id='word_1_35' title='bbox 1448 354 1556 406; x_wconf 88' lang='lat' dir='ltr'>ante,</span> 
     </span>
     <span class='ocr_line' id='line_1_7' title="bbox 222 409 1556 469; baseline -0.004 -13"><span class='ocrx_word' id='word_1_36' title='bbox 222 430 347 469; x_wconf 88' lang='lat' dir='ltr'>quam</span> <span class='ocrx_word' id='word_1_37' title='bbox 380 413 653 467; x_wconf 87' lang='lat' dir='ltr'>consulerem,</span> <span class='ocrx_word' id='word_1_38' title='bbox 683 412 774 465; x_wconf 88' lang='lat' dir='ltr'>ipse</span> <span class='ocrx_word' id='word_1_39' title='bbox 805 410 1087 452; x_wconf 77' lang='lat' dir='ltr'>indicaverim.</span> <span class='ocrx_word' id='word_1_40' title='bbox 1139 409 1253 458; x_wconf 81' lang='lat' dir='ltr'>Quae</span> <span class='ocrx_word' id='word_1_41' title='bbox 1285 410 1424 450; x_wconf 87' lang='lat' dir='ltr'>omnia</span> <span class='ocrx_word' id='word_1_42' title='bbox 1457 409 1556 463; x_wconf 87' lang='lat' dir='ltr'>quia</span> 
     </span>
     <span class='ocr_line' id='line_1_8' title="bbox 222 468 1558 522; baseline -0.003 -8"><span class='ocrx_word' id='word_1_43' title='bbox 222 473 326 514; x_wconf 87' lang='lat' dir='ltr'>Cato</span> <span class='ocrx_word' id='word_1_44' title='bbox 376 472 571 513; x_wconf 85' lang='lat' dir='ltr'>laudibus</span> <span class='ocrx_word' id='word_1_45' title='bbox 623 470 832 511; x_wconf 74' lang='lat' dir='ltr'>extulerat</span> <span class='ocrx_word' id='word_1_46' title='bbox 880 470 925 510; x_wconf 92' lang='grc'>111</span> <span class='ocrx_word' id='word_1_47' title='bbox 974 469 1133 510; x_wconf 88' lang='lat' dir='ltr'>caelum</span> <span class='ocrx_word' id='word_1_48' title='bbox 1177 468 1558 522; x_wconf 86' lang='lat' dir='ltr'>perscribendaque</span> 
     </span>
     <span class='ocr_line' id='line_1_9' title="bbox 222 527 1558 584; baseline -0.004 -11"><span class='ocrx_word' id='word_1_49' title='bbox 222 534 453 584; x_wconf 85' lang='lat' dir='ltr'>censuerat,</span> <span class='ocrx_word' id='word_1_50' title='bbox 496 530 649 570; x_wconf 86' lang='lat' dir='ltr'>idcirco</span> <span class='ocrx_word' id='word_1_51' title='bbox 694 529 739 570; x_wconf 90' lang='lat' dir='ltr'>in</span> <span class='ocrx_word' id='word_1_52' title='bbox 783 529 871 570; x_wconf 88' lang='lat' dir='ltr'>eius</span> <span class='ocrx_word' id='word_1_53' title='bbox 917 527 1170 569; x_wconf 88' lang='lat' dir='ltr'>sententiam</span> <span class='ocrx_word' id='word_1_54' title='bbox 1215 530 1279 568; x_wconf 89' lang='lat' dir='ltr'>est</span> <span class='ocrx_word' id='word_1_55' title='bbox 1322 527 1434 568; x_wconf 86' lang='lat' dir='ltr'>facta</span> <span class='ocrx_word' id='word_1_56' title='bbox 1477 527 1558 568; x_wconf 89' lang='lat' dir='ltr'>dis-</span> 
     </span>
     <span class='ocr_line' id='line_1_10' title="bbox 222 585 1558 639; baseline -0.004 -8"><span class='ocrx_word' id='word_1_57' title='bbox 222 591 365 631; x_wconf 81' lang='lat' dir='ltr'>cessio.</span> <span class='ocrx_word' id='word_1_58' title='bbox 427 589 510 629; x_wconf 88' lang='lat' dir='ltr'>Hic</span> <span class='ocrx_word' id='word_1_59' title='bbox 548 591 689 629; x_wconf 89' lang='lat' dir='ltr'>autem</span> <span class='ocrx_word' id='word_1_60' title='bbox 729 602 772 629; x_wconf 91' lang='lat' dir='ltr'>se</span> <span class='ocrx_word' id='word_1_61' title='bbox 804 588 932 628; x_wconf 87' lang='lat' dir='ltr'>etiam</span> <span class='ocrx_word' id='word_1_62' title='bbox 962 587 1150 627; x_wconf 88' lang='lat' dir='ltr'>tribuere</span> <span class='ocrx_word' id='word_1_63' title='bbox 1181 586 1365 626; x_wconf 90' lang='lat' dir='ltr'>multum</span> <span class='ocrx_word' id='word_1_64' title='bbox 1395 585 1454 627; x_wconf 89' lang='lat' dir='ltr'>mi</span> <span class='ocrx_word' id='word_1_65' title='bbox 1484 601 1558 639; x_wconf 91' lang='lat' dir='ltr'>pu-</span> 
     </span>
     <span class='ocr_line' id='line_1_11' title="bbox 222 643 1558 704; baseline -0.004 -14"><span class='ocrx_word' id='word_1_66' title='bbox 222 652 303 704; x_wconf 87' lang='lat' dir='ltr'>tat,</span> <span class='ocrx_word' id='word_1_67' title='bbox 342 649 453 702; x_wconf 88' lang='lat' dir='ltr'>quod</span> <span class='ocrx_word' id='word_1_68' title='bbox 492 646 707 700; x_wconf 81' lang='lat' dir='ltr'>scripserit</span> <span class='ocrx_word' id='word_1_69' title='bbox 745 646 970 700; x_wconf 74' lang='lat' dir='ltr'>eoptimum</span> <span class='ocrx_word' id='word_1_70' title='bbox 1008 645 1250 686; x_wconf 86' lang='lat' dir='ltr'>consulem’.</span> <span class='ocrx_word' id='word_1_71' title='bbox 1313 643 1414 693; x_wconf 82' lang='lat' dir='ltr'>Quis</span> <span class='ocrx_word' id='word_1_72' title='bbox 1447 645 1558 685; x_wconf 88' lang='lat' dir='ltr'>enim</span> 
     </span>
     <span class='ocr_line' id='line_1_12' title="bbox 222 703 1559 757; baseline -0.004 -9"><span class='ocrx_word' id='word_1_73' title='bbox 222 708 403 748; x_wconf 90' lang='lat' dir='ltr'>ieiunius</span> <span class='ocrx_word' id='word_1_74' title='bbox 436 707 542 747; x_wconf 75' lang='lat' dir='ltr'>dixit</span> <span class='ocrx_word' id='word_1_75' title='bbox 572 706 795 746; x_wconf 75' lang='lat' dir='ltr'>inimicus?</span> <span class='ocrx_word' id='word_1_76' title='bbox 847 705 914 745; x_wconf 90' lang='lat' dir='ltr'>Ad</span> <span class='ocrx_word' id='word_1_77' title='bbox 945 707 1082 745; x_wconf 86' lang='lat' dir='ltr'>cetera</span> <span class='ocrx_word' id='word_1_78' title='bbox 1112 718 1211 744; x_wconf 85' lang='lat' dir='ltr'>vero</span> <span class='ocrx_word' id='word_1_79' title='bbox 1243 703 1323 744; x_wconf 88' lang='lat' dir='ltr'>tibi</span> <span class='ocrx_word' id='word_1_80' title='bbox 1357 718 1481 757; x_wconf 85' lang='lat' dir='ltr'>quem</span> <span class='ocrx_word' id='word_1_81' title='bbox 1508 703 1559 744; x_wconf 89' lang='lat' dir='ltr'>ad</span> 
     </span>
     <span class='ocr_line' id='line_1_13' title="bbox 223 762 1556 818; baseline -0.004 -11"><span class='ocrx_word' id='word_1_82' title='bbox 223 767 395 807; x_wconf 88' lang='lat' dir='ltr'>modum</span> <span class='ocrx_word' id='word_1_83' title='bbox 426 765 658 818; x_wconf 79' lang='lat' dir='ltr'>rescripsit!</span> <span class='ocrx_word' id='word_1_84' title='bbox 698 764 882 804; x_wconf 86' lang='lat' dir='ltr'>Tantum</span> <span class='ocrx_word' id='word_1_85' title='bbox 915 765 1051 817; x_wconf 83' lang='lat' dir='ltr'>rogat,</span> <span class='ocrx_word' id='word_1_86' title='bbox 1083 763 1132 803; x_wconf 85' lang='lat' dir='ltr'>de</span> <span class='ocrx_word' id='word_1_87' title='bbox 1165 765 1336 803; x_wconf 89' lang='lat' dir='ltr'>senatus</span> <span class='ocrx_word' id='word_1_88' title='bbox 1363 762 1556 803; x_wconf 88' lang='lat' dir='ltr'>consulto</span> 
     </span>
     <span class='ocr_line' id='line_1_14' title="bbox 223 821 1556 879; baseline -0.003 -14"><span class='ocrx_word' id='word_1_89' title='bbox 223 828 270 866; x_wconf 90' lang='lat' dir='ltr'>ut</span> <span class='ocrx_word' id='word_1_90' title='bbox 311 825 507 879; x_wconf 78' lang='lat' dir='ltr'>corrigas.</span> <span class='ocrx_word' id='word_1_91' title='bbox 570 822 662 864; x_wconf 90' lang='lat' dir='ltr'>Hoc</span> <span class='ocrx_word' id='word_1_92' title='bbox 704 822 873 877; x_wconf 87' lang='lat' dir='ltr'>quidem</span> <span class='ocrx_word' id='word_1_93' title='bbox 904 822 1090 875; x_wconf 83' lang='lat' dir='ltr'>fecisset,</span> <span class='ocrx_word' id='word_1_94' title='bbox 1133 821 1299 862; x_wconf 84' lang='lat' dir='ltr'>etiamsi</span> <span class='ocrx_word' id='word_1_95' title='bbox 1331 835 1358 862; x_wconf 78' lang='lat' dir='ltr'>a</span> <span class='ocrx_word' id='word_1_96' title='bbox 1389 821 1556 862; x_wconf 77' lang='lat' dir='ltr'>librario</span> 
     </span>
     <span class='ocr_line' id='line_1_15' title="bbox 224 879 1395 933; baseline -0.004 -9"><span class='ocrx_word' id='word_1_97' title='bbox 224 884 465 924; x_wconf 88' lang='lat' dir='ltr'>admonitus</span> <span class='ocrx_word' id='word_1_98' title='bbox 498 884 617 923; x_wconf 86' lang='lat' dir='ltr'>esset.</span> <span class='ocrx_word' id='word_1_99' title='bbox 681 880 762 922; x_wconf 81' lang='lat' dir='ltr'>Sed</span> <span class='ocrx_word' id='word_1_100' title='bbox 792 881 894 922; x_wconf 87' lang='lat' dir='ltr'>haec</span> <span class='ocrx_word' id='word_1_101' title='bbox 925 881 1080 921; x_wconf 88' lang='lat' dir='ltr'>iterum</span> <span class='ocrx_word' id='word_1_102' title='bbox 1112 880 1201 933; x_wconf 86' lang='lat' dir='ltr'>ipse</span> <span class='ocrx_word' id='word_1_103' title='bbox 1233 879 1395 920; x_wconf 85' lang='lat' dir='ltr'>viderit.</span> 
     </span>
    </p>

    <p class='ocr_par' dir='ltr' id='par_1_4' title="bbox 223 938 1559 1217">
     <span class='ocr_line' id='line_1_16' title="bbox 312 938 1558 995; baseline -0.004 -12"><span class='ocrx_word' id='word_1_104' title='bbox 312 942 374 983; x_wconf 90' lang='lat' dir='ltr'>De</span> <span class='ocrx_word' id='word_1_105' title='bbox 399 942 537 982; x_wconf 85' lang='lat' dir='ltr'>hortis</span> <span class='ocrx_word' id='word_1_106' title='bbox 565 940 765 995; x_wconf 87' lang='lat' dir='ltr'>quoniam</span> <span class='ocrx_word' id='word_1_107' title='bbox 790 940 958 994; x_wconf 88' lang='lat' dir='ltr'>probas,</span> <span class='ocrx_word' id='word_1_108' title='bbox 991 939 1108 980; x_wconf 86' lang='lat' dir='ltr'>effice</span> <span class='ocrx_word' id='word_1_109' title='bbox 1133 938 1303 992; x_wconf 87' lang='lat' dir='ltr'>aliquid.</span> <span class='ocrx_word' id='word_1_110' title='bbox 1353 938 1558 979; x_wconf 82' lang='lat' dir='ltr'>Rationes</span> 
     </span>
     <span class='ocr_line' id='line_1_17' title="bbox 223 997 1558 1052; baseline -0.004 -10"><span class='ocrx_word' id='word_1_111' title='bbox 223 1016 336 1042; x_wconf 87' lang='lat' dir='ltr'>meas</span> <span class='ocrx_word' id='word_1_112' title='bbox 377 1001 502 1042; x_wconf 89' lang='lat' dir='ltr'>nosti.</span> <span class='ocrx_word' id='word_1_113' title='bbox 566 999 610 1040; x_wconf 78' lang='lat' dir='ltr'>Si</span> <span class='ocrx_word' id='word_1_114' title='bbox 642 1014 741 1040; x_wconf 84' lang='lat' dir='ltr'>vero</span> <span class='ocrx_word' id='word_1_115' title='bbox 775 999 901 1039; x_wconf 84' lang='lat' dir='ltr'>etiam</span> <span class='ocrx_word' id='word_1_116' title='bbox 933 1014 956 1038; x_wconf 89' lang='lat' dir='ltr'>a</span> <span class='ocrx_word' id='word_1_117' title='bbox 987 997 1164 1038; x_wconf 82' lang='lat' dir='ltr'>Faberio</span> <span class='ocrx_word' id='word_1_118' title='bbox 1197 997 1414 1052; x_wconf 85' lang='lat' dir='ltr'>†recedit,</span> <span class='ocrx_word' id='word_1_119' title='bbox 1449 997 1558 1037; x_wconf 84' lang='lat' dir='ltr'>nihil</span> 
     </span>
     <span class='ocr_line' id='line_1_18' title="bbox 223 1056 1559 1114; baseline -0.004 -13"><span class='ocrx_word' id='word_1_120' title='bbox 223 1060 386 1114; x_wconf 90' lang='lat' dir='ltr'>negotii</span> <span class='ocrx_word' id='word_1_121' title='bbox 427 1062 501 1100; x_wconf 87' lang='lat' dir='ltr'>est.</span> <span class='ocrx_word' id='word_1_122' title='bbox 565 1057 644 1099; x_wconf 81' lang='lat' dir='ltr'>Sed</span> <span class='ocrx_word' id='word_1_123' title='bbox 681 1058 808 1099; x_wconf 87' lang='lat' dir='ltr'>etiam</span> <span class='ocrx_word' id='word_1_124' title='bbox 847 1058 935 1097; x_wconf 89' lang='lat' dir='ltr'>sine</span> <span class='ocrx_word' id='word_1_125' title='bbox 977 1071 1024 1097; x_wconf 90' lang='lat' dir='ltr'>eo</span> <span class='ocrx_word' id='word_1_126' title='bbox 1055 1070 1181 1110; x_wconf 89' lang='lat' dir='ltr'>posse</span> <span class='ocrx_word' id='word_1_127' title='bbox 1214 1056 1358 1097; x_wconf 86' lang='lat' dir='ltr'>videor</span> <span class='ocrx_word' id='word_1_128' title='bbox 1390 1058 1559 1096; x_wconf 89' lang='lat' dir='ltr'>conten-</span> 
     </span>
     <span class='ocr_line' id='line_1_19' title="bbox 225 1113 1559 1168; baseline -0.004 -9"><span class='ocrx_word' id='word_1_129' title='bbox 225 1120 330 1159; x_wconf 90' lang='lat' dir='ltr'>dere.</span> <span class='ocrx_word' id='word_1_130' title='bbox 399 1117 579 1159; x_wconf 83' lang='lat' dir='ltr'>Venales</span> <span class='ocrx_word' id='word_1_131' title='bbox 621 1120 731 1157; x_wconf 88' lang='lat' dir='ltr'>certe</span> <span class='ocrx_word' id='word_1_132' title='bbox 774 1119 872 1156; x_wconf 85' lang='lat' dir='ltr'>sunt</span> <span class='ocrx_word' id='word_1_133' title='bbox 910 1115 1056 1168; x_wconf 86' lang='lat' dir='ltr'>Drusi,</span> <span class='ocrx_word' id='word_1_134' title='bbox 1097 1115 1279 1155; x_wconf 83' lang='lat' dir='ltr'>fortasse</span> <span class='ocrx_word' id='word_1_135' title='bbox 1318 1114 1445 1155; x_wconf 85' lang='lat' dir='ltr'>etiam</span> <span class='ocrx_word' id='word_1_136' title='bbox 1481 1113 1559 1155; x_wconf 88' lang='lat' dir='ltr'>La-</span> 
     </span>
     <span class='ocr_line' id='line_1_20' title="bbox 224 1174 987 1217; baseline -0.004 0"><span class='ocrx_word' id='word_1_137' title='bbox 224 1177 354 1217; x_wconf 88' lang='lat' dir='ltr'>miani</span> <span class='ocrx_word' id='word_1_138' title='bbox 388 1180 428 1217; x_wconf 89' lang='lat' dir='ltr'>et</span> <span class='ocrx_word' id='word_1_139' title='bbox 461 1175 662 1217; x_wconf 81' lang='lat' dir='ltr'>Cassiani.</span> <span class='ocrx_word' id='word_1_140' title='bbox 726 1174 806 1215; x_wconf 79' lang='lat' dir='ltr'>Sed</span> <span class='ocrx_word' id='word_1_141' title='bbox 838 1188 987 1214; x_wconf 85' lang='lat' dir='ltr'>coram.</span> 
     </span>
    </p>

    <p class='ocr_par' dir='ltr' id='par_1_5' title="bbox 222 1231 1558 1745">
     <span class='ocr_line' id='line_1_21' title="bbox 312 1231 1557 1285; baseline -0.004 -9"><span class='ocrx_word' id='word_1_142' title='bbox 312 1235 375 1276; x_wconf 91' lang='lat' dir='ltr'>De</span> <span class='ocrx_word' id='word_1_143' title='bbox 426 1235 621 1275; x_wconf 87' lang='lat' dir='ltr'>Terentia</span> <span class='ocrx_word' id='word_1_144' title='bbox 676 1248 762 1273; x_wconf 87' lang='lat' dir='ltr'>non</span> <span class='ocrx_word' id='word_1_145' title='bbox 817 1247 987 1285; x_wconf 86' lang='lat' dir='ltr'>possum</span> <span class='ocrx_word' id='word_1_146' title='bbox 1048 1232 1307 1272; x_wconf 78' lang='lat' dir='ltr'>commodius</span> <span class='ocrx_word' id='word_1_147' title='bbox 1364 1231 1557 1285; x_wconf 88' lang='lat' dir='ltr'>scribere,</span> 
     </span>
     <span class='ocr_line' id='line_1_22' title="bbox 226 1289 1556 1348; baseline -0.005 -13"><span class='ocrx_word' id='word_1_148' title='bbox 226 1309 351 1348; x_wconf 85' lang='lat' dir='ltr'>quam</span> <span class='ocrx_word' id='word_1_149' title='bbox 392 1297 439 1334; x_wconf 89' lang='lat' dir='ltr'>tu</span> <span class='ocrx_word' id='word_1_150' title='bbox 479 1293 638 1333; x_wconf 87' lang='lat' dir='ltr'>scribis.</span> <span class='ocrx_word' id='word_1_151' title='bbox 708 1290 904 1332; x_wconf 88' lang='lat' dir='ltr'>Officium</span> <span class='ocrx_word' id='word_1_152' title='bbox 943 1291 999 1330; x_wconf 92' lang='lat' dir='ltr'>sit</span> <span class='ocrx_word' id='word_1_153' title='bbox 1036 1290 1160 1331; x_wconf 89' lang='lat' dir='ltr'>nobis</span> <span class='ocrx_word' id='word_1_154' title='bbox 1200 1289 1556 1343; x_wconf 87' lang='lat' dir='ltr'>antiquissimum.</span> 
     </span>
     <span class='ocr_line' id='line_1_23' title="bbox 226 1348 1558 1406; baseline -0.005 -12"><span class='ocrx_word' id='word_1_155' title='bbox 226 1353 270 1394; x_wconf 86' lang='lat' dir='ltr'>Si</span> <span class='ocrx_word' id='word_1_156' title='bbox 309 1351 409 1406; x_wconf 87' lang='lat' dir='ltr'>quid</span> <span class='ocrx_word' id='word_1_157' title='bbox 445 1366 523 1392; x_wconf 88' lang='lat' dir='ltr'>nos</span> <span class='ocrx_word' id='word_1_158' title='bbox 556 1350 765 1402; x_wconf 83' lang='lat' dir='ltr'>fefellerit,</span> <span class='ocrx_word' id='word_1_159' title='bbox 802 1350 917 1390; x_wconf 88' lang='lat' dir='ltr'>illius</span> <span class='ocrx_word' id='word_1_160' title='bbox 950 1349 1061 1389; x_wconf 87' lang='lat' dir='ltr'>malo</span> <span class='ocrx_word' id='word_1_161' title='bbox 1093 1363 1160 1389; x_wconf 88' lang='grc'>1116</span> <span class='ocrx_word' id='word_1_162' title='bbox 1192 1363 1318 1401; x_wconf 86' lang='lat' dir='ltr'>quam</span> <span class='ocrx_word' id='word_1_163' title='bbox 1349 1348 1432 1389; x_wconf 87' lang='lat' dir='ltr'>mei</span> <span class='ocrx_word' id='word_1_164' title='bbox 1465 1363 1558 1402; x_wconf 89' lang='lat' dir='ltr'>pae-</span> 
     </span>
     <span class='ocr_line' id='line_1_24' title="bbox 222 1405 1558 1461; baseline -0.004 -9"><span class='ocrx_word' id='word_1_165' title='bbox 222 1412 367 1452; x_wconf 85' lang='lat' dir='ltr'>nitere.</span> <span class='ocrx_word' id='word_1_166' title='bbox 440 1409 568 1451; x_wconf 88' lang='lat' dir='ltr'>Oviae</span> <span class='ocrx_word' id='word_1_167' title='bbox 610 1408 652 1450; x_wconf 84' lang='lat' dir='ltr'>C.</span> <span class='ocrx_word' id='word_1_168' title='bbox 688 1408 800 1449; x_wconf 88' lang='lat' dir='ltr'>Lolli</span> <span class='ocrx_word' id='word_1_169' title='bbox 842 1407 1022 1448; x_wconf 89' lang='lat' dir='ltr'>curanda</span> <span class='ocrx_word' id='word_1_170' title='bbox 1063 1410 1162 1448; x_wconf 89' lang='lat' dir='ltr'>sunt</span> <span class='ocrx_word' id='word_1_171' title='bbox 1203 1405 1275 1447; x_wconf 79' lang='lat' dir='ltr'>HS</span> <span class='ocrx_word' id='word_1_172' title='bbox 1319 1410 1354 1447; x_wconf 65' lang='grc' dir='ltr'>(ἶ.</span> <span class='ocrx_word' id='word_1_173' title='bbox 1416 1405 1558 1461; x_wconf 84' lang='lat' dir='ltr'>Negat</span> 
     </span>
     <span class='ocr_line' id='line_1_25' title="bbox 223 1465 1557 1523; baseline -0.004 -13"><span class='ocrx_word' id='word_1_174' title='bbox 223 1470 333 1511; x_wconf 83' lang='lat' dir='ltr'>Eros</span> <span class='ocrx_word' id='word_1_175' title='bbox 365 1483 489 1523; x_wconf 89' lang='lat' dir='ltr'>posse</span> <span class='ocrx_word' id='word_1_176' title='bbox 522 1469 610 1509; x_wconf 83' lang='lat' dir='ltr'>sine</span> <span class='ocrx_word' id='word_1_177' title='bbox 642 1482 720 1521; x_wconf 85' lang='lat' dir='ltr'>me,</span> <span class='ocrx_word' id='word_1_178' title='bbox 751 1467 884 1519; x_wconf 82' lang='lat' dir='ltr'>credo,</span> <span class='ocrx_word' id='word_1_179' title='bbox 918 1466 1029 1520; x_wconf 89' lang='lat' dir='ltr'>quod</span> <span class='ocrx_word' id='word_1_180' title='bbox 1061 1465 1299 1519; x_wconf 83' lang='lat' dir='ltr'>accipienda</span> <span class='ocrx_word' id='word_1_181' title='bbox 1332 1465 1472 1519; x_wconf 85' lang='lat' dir='ltr'>aliqua</span> <span class='ocrx_word' id='word_1_182' title='bbox 1501 1466 1557 1506; x_wconf 88' lang='lat' dir='ltr'>sit</span> 
     </span>
     <span class='ocr_line' id='line_1_26' title="bbox 224 1523 1558 1579; baseline -0.004 -10"><span class='ocrx_word' id='word_1_183' title='bbox 224 1531 266 1569; x_wconf 90' lang='lat' dir='ltr'>et</span> <span class='ocrx_word' id='word_1_184' title='bbox 303 1528 437 1568; x_wconf 86' lang='lat' dir='ltr'>danda</span> <span class='ocrx_word' id='word_1_185' title='bbox 468 1526 719 1568; x_wconf 85' lang='lat' dir='ltr'>aestimatio.</span> <span class='ocrx_word' id='word_1_186' title='bbox 781 1525 964 1579; x_wconf 87' lang='lat' dir='ltr'>Vellem,</span> <span class='ocrx_word' id='word_1_187' title='bbox 1002 1525 1081 1565; x_wconf 87' lang='lat' dir='ltr'>tibi</span> <span class='ocrx_word' id='word_1_188' title='bbox 1121 1525 1306 1565; x_wconf 77' lang='lat' dir='ltr'>dixisset.</span> <span class='ocrx_word' id='word_1_189' title='bbox 1369 1523 1414 1564; x_wconf 80' lang='lat' dir='ltr'>Si</span> <span class='ocrx_word' id='word_1_190' title='bbox 1447 1524 1558 1565; x_wconf 89' lang='lat' dir='ltr'>enim</span> 
     </span>
     <span class='ocr_line' id='line_1_27' title="bbox 223 1583 1556 1640; baseline -0.004 -13"><span class='ocrx_word' id='word_1_191' title='bbox 223 1601 289 1627; x_wconf 91' lang='lat' dir='ltr'>res</span> <span class='ocrx_word' id='word_1_192' title='bbox 324 1589 404 1640; x_wconf 87' lang='lat' dir='ltr'>est,</span> <span class='ocrx_word' id='word_1_193' title='bbox 441 1589 489 1626; x_wconf 89' lang='lat' dir='ltr'>ut</span> <span class='ocrx_word' id='word_1_194' title='bbox 520 1585 625 1626; x_wconf 89' lang='lat' dir='ltr'>mihi</span> <span class='ocrx_word' id='word_1_195' title='bbox 658 1584 838 1638; x_wconf 88' lang='lat' dir='ltr'>scripsit,</span> <span class='ocrx_word' id='word_1_196' title='bbox 868 1586 1027 1638; x_wconf 87' lang='lat' dir='ltr'>parata,</span> <span class='ocrx_word' id='word_1_197' title='bbox 1058 1597 1134 1624; x_wconf 90' lang='lat' dir='ltr'>nec</span> <span class='ocrx_word' id='word_1_198' title='bbox 1165 1583 1209 1623; x_wconf 91' lang='lat' dir='ltr'>in</span> <span class='ocrx_word' id='word_1_199' title='bbox 1241 1597 1289 1624; x_wconf 94' lang='lat' dir='ltr'>eo</span> <span class='ocrx_word' id='word_1_200' title='bbox 1320 1583 1413 1636; x_wconf 88' lang='lat' dir='ltr'>ipso</span> <span class='ocrx_word' id='word_1_201' title='bbox 1445 1596 1556 1623; x_wconf 88' lang='lat' dir='ltr'>men-</span> 
     </span>
     <span class='ocr_line' id='line_1_28' title="bbox 224 1641 1556 1699; baseline -0.004 -13"><span class='ocrx_word' id='word_1_202' title='bbox 224 1646 341 1699; x_wconf 84' lang='lat' dir='ltr'>titur,</span> <span class='ocrx_word' id='word_1_203' title='bbox 373 1660 447 1699; x_wconf 89' lang='lat' dir='ltr'>per</span> <span class='ocrx_word' id='word_1_204' title='bbox 479 1648 521 1685; x_wconf 90' lang='lat' dir='ltr'>te</span> <span class='ocrx_word' id='word_1_205' title='bbox 552 1643 700 1685; x_wconf 88' lang='lat' dir='ltr'>confici</span> <span class='ocrx_word' id='word_1_206' title='bbox 732 1642 884 1697; x_wconf 85' lang='lat' dir='ltr'>potuit.</span> <span class='ocrx_word' id='word_1_207' title='bbox 946 1641 995 1682; x_wconf 89' lang='lat' dir='ltr'>Id</span> <span class='ocrx_word' id='word_1_208' title='bbox 1026 1655 1255 1696; x_wconf 79' lang='lat' dir='ltr'>cognoscas</span> <span class='ocrx_word' id='word_1_209' title='bbox 1288 1643 1328 1682; x_wconf 87' lang='lat' dir='ltr'>et</span> <span class='ocrx_word' id='word_1_210' title='bbox 1360 1641 1556 1682; x_wconf 86' lang='lat' dir='ltr'>conficias</span> 
     </span>
     <span class='ocr_line' id='line_1_29' title="bbox 224 1705 359 1745; baseline -0.007 0"><span class='ocrx_word' id='word_1_211' title='bbox 224 1705 359 1745; x_wconf 87' lang='lat' dir='ltr'>velim.</span> 
     </span>
    </p>

    <p class='ocr_par' dir='ltr' id='par_1_6' title="bbox 223 1757 1556 2166">
     <span class='ocr_line' id='line_1_30' title="bbox 313 1757 1556 1813; baseline -0.005 -10"><span class='ocrx_word' id='word_1_212' title='bbox 313 1762 433 1811; x_wconf 83' lang='lat' dir='ltr'>Quod</span> <span class='ocrx_word' id='word_1_213' title='bbox 469 1776 535 1803; x_wconf 92' lang='lat' dir='ltr'>me</span> <span class='ocrx_word' id='word_1_214' title='bbox 574 1761 619 1801; x_wconf 91' lang='lat' dir='ltr'>in</span> <span class='ocrx_word' id='word_1_215' title='bbox 655 1761 795 1801; x_wconf 88' lang='lat' dir='ltr'>forum</span> <span class='ocrx_word' id='word_1_216' title='bbox 832 1774 971 1813; x_wconf 90' lang='lat' dir='ltr'>vocas,</span> <span class='ocrx_word' id='word_1_217' title='bbox 1017 1773 1064 1799; x_wconf 91' lang='lat' dir='ltr'>eo</span> <span class='ocrx_word' id='word_1_218' title='bbox 1102 1773 1244 1813; x_wconf 79' lang='lat' dir='ltr'>vocas,</span> <span class='ocrx_word' id='word_1_219' title='bbox 1283 1757 1392 1798; x_wconf 90' lang='lat' dir='ltr'>unde</span> <span class='ocrx_word' id='word_1_220' title='bbox 1429 1757 1556 1798; x_wconf 89' lang='lat' dir='ltr'>etiam</span> 
     </span>
     <span class='ocr_line' id='line_1_31' title="bbox 223 1815 1555 1873; baseline -0.005 -11"><span class='ocrx_word' id='word_1_221' title='bbox 223 1822 346 1862; x_wconf 86' lang='lat' dir='ltr'>bonis</span> <span class='ocrx_word' id='word_1_222' title='bbox 395 1820 500 1861; x_wconf 89' lang='lat' dir='ltr'>meis</span> <span class='ocrx_word' id='word_1_223' title='bbox 544 1820 669 1860; x_wconf 86' lang='lat' dir='ltr'>rebus</span> <span class='ocrx_word' id='word_1_224' title='bbox 713 1818 939 1873; x_wconf 87' lang='lat' dir='ltr'>fugiebam.</span> <span class='ocrx_word' id='word_1_225' title='bbox 1009 1817 1118 1866; x_wconf 85' lang='lat' dir='ltr'>Quid</span> <span class='ocrx_word' id='word_1_226' title='bbox 1161 1817 1271 1858; x_wconf 88' lang='lat' dir='ltr'>enim</span> <span class='ocrx_word' id='word_1_227' title='bbox 1314 1815 1419 1856; x_wconf 86' lang='lat' dir='ltr'>mihi</span> <span class='ocrx_word' id='word_1_228' title='bbox 1462 1816 1555 1856; x_wconf 91' lang='lat' dir='ltr'>foro</span> 
     </span>
     <span class='ocr_line' id='line_1_32' title="bbox 225 1874 1556 1933; baseline -0.005 -13"><span class='ocrx_word' id='word_1_229' title='bbox 225 1880 314 1920; x_wconf 86' lang='lat' dir='ltr'>sine</span> <span class='ocrx_word' id='word_1_230' title='bbox 352 1879 536 1933; x_wconf 88' lang='lat' dir='ltr'>iudiciis,</span> <span class='ocrx_word' id='word_1_231' title='bbox 584 1879 672 1919; x_wconf 83' lang='lat' dir='ltr'>sine</span> <span class='ocrx_word' id='word_1_232' title='bbox 711 1878 843 1931; x_wconf 87' lang='lat' dir='ltr'>curia,</span> <span class='ocrx_word' id='word_1_233' title='bbox 879 1877 923 1917; x_wconf 90' lang='lat' dir='ltr'>in</span> <span class='ocrx_word' id='word_1_234' title='bbox 962 1876 1104 1916; x_wconf 90' lang='lat' dir='ltr'>oculos</span> <span class='ocrx_word' id='word_1_235' title='bbox 1142 1874 1453 1916; x_wconf 87' lang='lat' dir='ltr'>incurrentibus</span> <span class='ocrx_word' id='word_1_236' title='bbox 1490 1875 1556 1928; x_wconf 86' lang='lat' dir='ltr'>iis,</span> 
     </span>
     <span class='ocr_line' id='line_1_33' title="bbox 225 1932 1554 1992; baseline -0.005 -13"><span class='ocrx_word' id='word_1_237' title='bbox 225 1953 330 1992; x_wconf 81' lang='lat' dir='ltr'>quos</span> <span class='ocrx_word' id='word_1_238' title='bbox 369 1952 501 1991; x_wconf 86' lang='lat' dir='ltr'>aequo</span> <span class='ocrx_word' id='word_1_239' title='bbox 541 1937 680 1977; x_wconf 88' lang='lat' dir='ltr'>animo</span> <span class='ocrx_word' id='word_1_240' title='bbox 718 1936 859 1976; x_wconf 82' lang='lat' dir='ltr'>videre</span> <span class='ocrx_word' id='word_1_241' title='bbox 891 1949 977 1975; x_wconf 91' lang='lat' dir='ltr'>non</span> <span class='ocrx_word' id='word_1_242' title='bbox 1009 1934 1212 1988; x_wconf 76' lang='lat' dir='ltr'>possum?</span> <span class='ocrx_word' id='word_1_243' title='bbox 1262 1932 1382 1982; x_wconf 84' lang='lat' dir='ltr'>Quod</span> <span class='ocrx_word' id='word_1_244' title='bbox 1414 1935 1554 1973; x_wconf 87' lang='lat' dir='ltr'>autem</span> 
     </span>
     <span class='ocr_line' id='line_1_34' title="bbox 225 1993 1554 2048; baseline -0.005 -10"><span class='ocrx_word' id='word_1_245' title='bbox 225 2012 247 2037; x_wconf 90' lang='lat' dir='ltr'>a</span> <span class='ocrx_word' id='word_1_246' title='bbox 290 2011 356 2037; x_wconf 90' lang='lat' dir='ltr'>me</span> <span class='ocrx_word' id='word_1_247' title='bbox 399 1996 591 2036; x_wconf 86' lang='lat' dir='ltr'>homines</span> <span class='ocrx_word' id='word_1_248' title='bbox 635 1994 849 2048; x_wconf 88' lang='lat' dir='ltr'>postulare</span> <span class='ocrx_word' id='word_1_249' title='bbox 893 1993 1041 2033; x_wconf 87' lang='lat' dir='ltr'>scribis</span> <span class='ocrx_word' id='word_1_250' title='bbox 1086 1993 1202 2045; x_wconf 85' lang='lat' dir='ltr'>†aut</span> <span class='ocrx_word' id='word_1_251' title='bbox 1240 1993 1446 2045; x_wconf 89' lang='lat' dir='ltr'>quatenus</span> <span class='ocrx_word' id='word_1_252' title='bbox 1484 2005 1554 2032; x_wconf 89' lang='lat' dir='ltr'>eos</span> 
     </span>
     <span class='ocr_line' id='line_1_35' title="bbox 225 2051 1555 2107; baseline -0.005 -12"><span class='ocrx_word' id='word_1_253' title='bbox 225 2055 329 2095; x_wconf 86' lang='lat' dir='ltr'>mihi</span> <span class='ocrx_word' id='word_1_254' title='bbox 361 2055 600 2107; x_wconf 86' lang='lat' dir='ltr'>concedere,</span> <span class='ocrx_word' id='word_1_255' title='bbox 637 2054 722 2094; x_wconf 90' lang='lat' dir='ltr'>iam</span> <span class='ocrx_word' id='word_1_256' title='bbox 753 2052 915 2105; x_wconf 87' lang='lat' dir='ltr'>pridem</span> <span class='ocrx_word' id='word_1_257' title='bbox 948 2051 1053 2092; x_wconf 90' lang='lat' dir='ltr'>scito</span> <span class='ocrx_word' id='word_1_258' title='bbox 1087 2065 1187 2103; x_wconf 86' lang='lat' dir='ltr'>esse,</span> <span class='ocrx_word' id='word_1_259' title='bbox 1226 2064 1320 2090; x_wconf 90' lang='lat' dir='ltr'>cum</span> <span class='ocrx_word' id='word_1_260' title='bbox 1351 2064 1481 2090; x_wconf 88' lang='lat' dir='ltr'>unum</span> <span class='ocrx_word' id='word_1_261' title='bbox 1513 2052 1555 2090; x_wconf 90' lang='lat' dir='ltr'>te</span> 
     </span>
     <span class='ocr_line' id='line_1_36' title="bbox 224 2108 1555 2166; baseline -0.005 -12"><span class='ocrx_word' id='word_1_262' title='bbox 224 2113 357 2166; x_wconf 86' lang='lat' dir='ltr'>pluris</span> <span class='ocrx_word' id='word_1_263' title='bbox 392 2128 517 2166; x_wconf 88' lang='lat' dir='ltr'>quam</span> <span class='ocrx_word' id='word_1_264' title='bbox 550 2126 694 2153; x_wconf 89' lang='lat' dir='ltr'>omnes</span> <span class='ocrx_word' id='word_1_265' title='bbox 726 2111 822 2151; x_wconf 90' lang='lat' dir='ltr'>illos</span> <span class='ocrx_word' id='word_1_266' title='bbox 856 2112 1011 2163; x_wconf 88' lang='lat' dir='ltr'>putem.</span> <span class='ocrx_word' id='word_1_267' title='bbox 1067 2108 1133 2149; x_wconf 89' lang='lat' dir='ltr'>Ne</span> <span class='ocrx_word' id='word_1_268' title='bbox 1163 2123 1229 2149; x_wconf 89' lang='lat' dir='ltr'>me</span> <span class='ocrx_word' id='word_1_269' title='bbox 1262 2108 1427 2162; x_wconf 88' lang='lat' dir='ltr'>quidem</span> <span class='ocrx_word' id='word_1_270' title='bbox 1461 2121 1555 2148; x_wconf 87' lang='lat' dir='ltr'>con-</span> 
     </span>
    </p>
   </div>
   <div class='ocr_carea' id='block_1_4' title="bbox 1578 720 1612 744">
    <p class='ocr_par' dir='ltr' id='par_1_7' title="bbox 1578 720 1612 744">
     <span class='ocr_line' id='line_1_37' title="bbox 1578 720 1612 744; baseline 0 0"><span class='ocrx_word' id='word_1_271' title='bbox 1578 720 1612 744; x_wconf 87' lang='lat'>10</span> 
     </span>
    </p>
   </div>
   <div class='ocr_carea' id='block_1_5' title="bbox 1578 1012 1611 1039">
    <p class='ocr_par' dir='ltr' id='par_1_8' title="bbox 1578 1012 1611 1039">
     <span class='ocr_line' id='line_1_38' title="bbox 1578 1012 1611 1039; baseline 0.061 -2"><span class='ocrx_word' id='word_1_272' title='bbox 1578 1012 1611 1039; x_wconf 89' lang='lat'>15</span> 
     </span>
    </p>
   </div>
   <div class='ocr_carea' id='block_1_6' title="bbox 1577 1306 1611 1331">
    <p class='ocr_par' dir='ltr' id='par_1_9' title="bbox 1577 1306 1611 1331">
     <span class='ocr_line' id='line_1_39' title="bbox 1577 1306 1611 1331; baseline 0 0"><span class='ocrx_word' id='word_1_273' title='bbox 1577 1306 1611 1331; x_wconf 82' lang='lat'>20</span> 
     </span>
    </p>
   </div>
   <div class='ocr_carea' id='block_1_7' title="bbox 1577 1597 1610 1623">
    <p class='ocr_par' dir='ltr' id='par_1_10' title="bbox 1577 1597 1610 1623">
     <span class='ocr_line' id='line_1_40' title="bbox 1577 1597 1610 1623; baseline 0 0"><span class='ocrx_word' id='word_1_274' title='bbox 1577 1597 1610 1623; x_wconf 84' lang='lat'>25</span> 
     </span>
    </p>
   </div>
   <div class='ocr_carea' id='block_1_8' title="bbox 1575 1890 1609 1915">
    <p class='ocr_par' dir='ltr' id='par_1_11' title="bbox 1575 1890 1609 1915">
     <span class='ocr_line' id='line_1_41' title="bbox 1575 1890 1609 1915; baseline 0 0"><span class='ocrx_word' id='word_1_275' title='bbox 1575 1890 1609 1915; x_wconf 85' lang='lat'>30</span> 
     </span>
    </p>
   </div>
   <div class='ocr_carea' id='block_1_9' title="bbox 224 2166 1607 2224">
    <p class='ocr_par' dir='ltr' id='par_1_12' title="bbox 224 2166 1607 2224">
     <span class='ocr_line' id='line_1_42' title="bbox 224 2166 1607 2224; baseline -0.004 -14"><span class='ocrx_word' id='word_1_276' title='bbox 224 2175 365 2212; x_wconf 89' lang='lat' dir='ltr'>temno</span> <span class='ocrx_word' id='word_1_277' title='bbox 392 2185 569 2224; x_wconf 86' lang='lat' dir='ltr'>meoque</span> <span class='ocrx_word' id='word_1_278' title='bbox 596 2170 749 2211; x_wconf 89' lang='lat' dir='ltr'>iudicio</span> <span class='ocrx_word' id='word_1_279' title='bbox 776 2169 911 2209; x_wconf 91' lang='lat' dir='ltr'>multo</span> <span class='ocrx_word' id='word_1_280' title='bbox 940 2171 1050 2208; x_wconf 89' lang='lat' dir='ltr'>stare</span> <span class='ocrx_word' id='word_1_281' title='bbox 1075 2167 1186 2207; x_wconf 89' lang='lat' dir='ltr'>malo</span> <span class='ocrx_word' id='word_1_282' title='bbox 1215 2181 1340 2220; x_wconf 89' lang='lat' dir='ltr'>quam</span> <span class='ocrx_word' id='word_1_283' title='bbox 1367 2166 1554 2206; x_wconf 90' lang='lat' dir='ltr'>omnium</span> <span class='ocrx_word' id='word_1_284' title='bbox 1573 2180 1607 2206; x_wconf 82' lang='lat'>35</span> 
     </span>
    </p>
   </div>
   <div class='ocr_carea' id='block_1_10' title="bbox 224 2225 1553 2338">
    <p class='ocr_par' dir='ltr' id='par_1_13' title="bbox 224 2225 1553 2338">
     <span class='ocr_line' id='line_1_43' title="bbox 225 2225 1553 2282; baseline -0.003 -14"><span class='ocrx_word' id='word_1_285' title='bbox 225 2230 494 2282; x_wconf 79' lang='lat' dir='ltr'>reliquorum.</span> <span class='ocrx_word' id='word_1_286' title='bbox 556 2228 704 2282; x_wconf 88' lang='lat' dir='ltr'>Neque</span> <span class='ocrx_word' id='word_1_287' title='bbox 740 2230 882 2268; x_wconf 90' lang='lat' dir='ltr'>tamen</span> <span class='ocrx_word' id='word_1_288' title='bbox 919 2225 1167 2280; x_wconf 90' lang='lat' dir='ltr'>progredior</span> <span class='ocrx_word' id='word_1_289' title='bbox 1203 2225 1391 2280; x_wconf 89' lang='lat' dir='ltr'>longius,</span> <span class='ocrx_word' id='word_1_290' title='bbox 1428 2239 1553 2278; x_wconf 90' lang='lat' dir='ltr'>quam</span> 
     </span>
     <span class='ocr_line' id='line_1_44' title="bbox 224 2283 1553 2338; baseline -0.003 -12"><span class='ocrx_word' id='word_1_291' title='bbox 224 2287 329 2327; x_wconf 87' lang='lat' dir='ltr'>mihi</span> <span class='ocrx_word' id='word_1_292' title='bbox 373 2287 605 2328; x_wconf 85' lang='lat' dir='ltr'>doctissimi</span> <span class='ocrx_word' id='word_1_293' title='bbox 647 2286 839 2327; x_wconf 87' lang='lat' dir='ltr'>homines</span> <span class='ocrx_word' id='word_1_294' title='bbox 883 2284 1131 2338; x_wconf 72' lang='lat' dir='ltr'>concedunt,</span> <span class='ocrx_word' id='word_1_295' title='bbox 1176 2297 1353 2337; x_wconf 89' lang='lat' dir='ltr'>quorum</span> <span class='ocrx_word' id='word_1_296' title='bbox 1398 2283 1553 2335; x_wconf 89' lang='lat' dir='ltr'>scripta</span> 
     </span>
    </p>
   </div>
  </div>
 </body>
</html>
