1665 2553
194 96 248 136 18
615 96 664 131 M.
691 95 832 130 TULLI
857 94 1105 130 CICERONIS

194 205 244 232 ex
288 190 419 232 altera
461 193 581 245 parte
624 190 747 231 facile
788 201 899 231 0000
941 190 1123 231 fuerunt.
1191 188 1300 230 Acta
1341 204 1408 231 res
1454 192 1529 231 est.

192 249 339 290 Fufius
391 249 589 290 tribunus
638 252 731 290 tum
783 249 1000 289 concessit.
1081 247 1254 289 Clodius
1312 248 1530 290 contiones

192 308 369 349 miseras
412 307 613 362 habebat,
663 308 707 348 in
752 307 906 361 quibus
949 306 1190 361 Lucullum,
1239 306 1530 362 Hortensium,

195 365 239 408 C.
258 366 469 420 Pisonem,
495 366 739 407 Messallam
759 366 974 407 consulem
995 366 1299 407 contumeliose
1318 365 1530 420 laedebat3

193 439 260 466 me
291 428 460 466 tantum
491 425 777 479 ‘comperisse'
806 424 947 465 omnia
980 424 1292 465 criminabatur.
1350 423 1530 466 Senatus
1567 440 1584 466 5

195 486 236 524 et
267 483 317 525 de
358 483 590 538 provinciis
629 486 875 537 praetorum
915 485 956 524 et
999 483 1049 524 de
1088 482 1375 537 legationibus
1407 485 1449 523 et
1481 483 1530 524 de

195 542 346 583 ceteris
385 542 512 583 rebus
552 542 820 596 deceinebat,
865 544 932 596 ut,
972 544 1198 595 antequam
1234 541 1402 596 rogatio
1442 541 1531 582 lata

194 603 316 654 esset,
347 615 400 642 ne
432 600 534 654 quid
563 603 767 655 ageretuiu

149 669 168 699 6
282 659 425 700 Habes
456 674 523 699 res
549 659 773 700 Romanas.
825 657 907 699 Sed
937 660 1079 699 tamen
1111 658 1238 699 etiam
1270 657 1386 711 illud,
1419 642 1531 712 quod

194 732 281 759 non
312 732 537 771 speraram,
569 717 676 757 audi.
717 716 916 757 Messalla
942 716 1090 757 consul
1122 719 1185 758 est
1211 717 1419 771 egregius,
1447 717 1530 757 for-
1550 734 1586 759 10

194 776 264 830 tis,
284 778 493 830 constans,
520 775 712 830 diligens,
738 775 876 816 nostri
895 775 1100 829 laudator,
1128 778 1301 829 amator,
1328 775 1529 816 imitator.

194 833 272 875 Ille
304 834 411 874 alter
440 848 525 874 uno
557 834 663 874 vitio
695 834 836 874 minus
867 834 1067 888 vitiosus,
1105 834 1219 888 quod
1250 833 1380 888 iners,
1418 834 1532 888 quod

195 893 333 934 somni
358 892 520 946 plenus,
553 893 667 946 quod
692 892 928 947 imperitus,
955 893 1067 946 quod
1093 892 1426 947 ἀπρακτότατος,
1459 892 1532 933 sed

194 951 413 992 voluntate
444 951 506 991 ita
535 950 758 1006 καχέκτης,
793 953 842 991 ut
872 951 1123 1004 Pompeium
1153 953 1251 1004 post
1288 951 1405 992 illam
1437 965 1532 992 con-

194 1009 368 1065 tionem,
398 1009 443 1050 in
470 1024 552 1063 qua
579 1010 630 1050 ab
657 1024 705 1050 eo
739 1012 910 1050 senatus
941 1009 1137 1050 laudatus
1170 1012 1245 1064 est,
1278 1010 1416 1050 odisse
1442 1023 1531 1050 coe-
1551 1026 1585 1052 15

194 1068 315 1122 perit.
377 1067 526 1121 Itaque
568 1068 724 1108 mirum
766 1068 811 1108 in
852 1067 1025 1108 modum
1066 1082 1210 1108 omnes
1252 1083 1275 1108 a
1316 1083 1359 1108 se
1396 1068 1531 1108 bonos

195 1126 406 1168 alienavit.
475 1125 625 1179 Neque
665 1126 708 1166 id
752 1126 888 1180 magis
932 1126 1120 1166 amicitia
1160 1125 1281 1167 Clodi
1326 1126 1530 1167 adductus

194 1185 295 1226 fecit
339 1199 466 1238 quam
510 1184 651 1225 studio
691 1184 952 1238 perditarum
991 1199 1132 1225 rerum
1169 1187 1294 1238 atque
1334 1185 1530 1238 partium.

196 1242 278 1283 Sed
302 1242 431 1283 habet
457 1243 523 1283 sui
549 1242 731 1284 similem
756 1243 801 1283 in
825 1243 1147 1296 magistratibus
1172 1245 1339 1296 praeter
1364 1242 1531 1283 Fufium

194 1301 416 1342 neminem.
489 1301 622 1341 Bonis
662 1301 824 1342 utimur
860 1301 1045 1342 tribunis
1086 1301 1160 1355 pl.,
1201 1300 1390 1342 Cornuto
1430 1316 1530 1342 vero
1551 1319 1586 1343 20

194 1359 513 1401 Pseudocatone
544 1360 574 1413 †
594 1359 697 1413 quid
728 1360 921 1413 quaeris?

149 1429 168 1458 ἰ·
281 1417 408 1459 Nunc
438 1420 487 1458 ut
518 1418 571 1458 ad
600 1418 766 1472 privata
795 1419 981 1473 redeam,
1018 1420 1197 1472 Τεῦκρις
1227 1417 1438 1472 promissa
1461 1432 1532 1471 pa-

194 1477 335 1517 travit.
404 1476 469 1517 Tu
508 1477 706 1517 mandata
746 1476 882 1531 effice,
926 1491 1032 1530 quae
1072 1476 1280 1530 recepisti.
1348 1475 1532 1524 Quintus

193 1535 344 1590 frater,
399 1535 472 1589 qui
515 1534 757 1590 Argiletani
804 1535 982 1576 aedificii
1027 1535 1238 1589 reliquum
1283 1535 1531 1576 dodrantem

195 1594 297 1634 emit
328 1593 400 1635 HS
433 1597 631 1649 DCCXXY,
662 1593 948 1635 Tusculanum
977 1594 1186 1648 venditat,
1216 1595 1284 1648 ut,
1316 1593 1352 1634 si
1382 1593 1531 1647 possit,
1550 1610 1584 1636 25

195 1654 306 1693 emat
345 1652 605 1693 Pacilianam
641 1652 823 1693 domum.
892 1651 999 1693 Cum
1040 1651 1221 1693 Lucceio
1262 1652 1306 1692 in
1349 1651 1531 1706 gratiam

194 1711 310 1751 redii.
358 1710 492 1752 Video
524 1711 740 1751 hominem
774 1710 894 1751 valde
928 1711 1161 1764 petiturire.
1222 1708 1398 1751 Navabo
1436 1724 1531 1763 ope-

193 1784 293 1810 ram.
357 1769 421 1809 Tu
453 1770 554 1823 quid
580 1783 692 1823 agas,
722 1769 798 1810 ubi
823 1769 894 1824 sis,
924 1769 1042 1810 cuius
1067 1769 1181 1810 modi
1205 1769 1311 1809 istae
1335 1783 1402 1809 res
1433 1768 1532 1824 sint,

190 1828 261 1869 sac
299 1843 366 1869 me
405 1842 532 1881 quam
570 1828 893 1882 diligentissime
934 1828 1165 1868 certiorem.
1225 1825 1372 1867 Idibus
1408 1825 1529 1867 Febr.

814 1944 906 1985 XV.
1548 1961 1583 1986 30

494 2024 567 2058 Scr.
595 2024 730 2058 Romae
754 2024 811 2058 Id.
839 2024 952 2058 Mart.
981 2036 1013 2058 a.
1041 2026 1112 2058 693
1140 2025 1228 2066 (61).

618 2104 785 2140 CICERO
811 2104 982 2140 ATTICO
1011 2104 1105 2138 SAL.

149 2187 167 2216 1
283 2174 429 2217 Asiam
461 2177 638 2233 Quinto,
670 2177 919 2218 suavissimo
951 2176 1091 2226 fratri,
1125 2176 1329 2231 obtigisse
1361 2177 1527 2218 audisti.

194 2232 294 2274 Non
326 2235 435 2275 enim
468 2236 634 2290 dubito,
666 2236 769 2290 quin
801 2235 975 2276 celerius
1006 2209 1091 2275 tibi
1117 2234 1198 2275 hoc
1228 2250 1371 2276 11111101·
1403 2250 1528 2289 quam

195 2292 324 2332 ullius
355 2295 549 2334 nostrum
579 2294 746 2335 litteiae
776 2294 1024 2334 nuntiarint.
1087 2291 1224 2348 Nunc,
1255 2294 1454 2347 quoniam
1485 2296 1527 2334 et
1546 2309 1580 2336 35
