1665 2553
227 82 284 122 16
648 80 696 116 M.
724 81 864 116 TULLI
890 80 1137 116 CICERONIS

224 176 267 218 A
290 176 414 218 nobis
444 176 687 218 liberiorem
719 176 944 230 epistulam
975 179 1179 232 exspecta.
1240 189 1288 218 VI
1317 176 1410 219 Kal.
1435 177 1556 220 Febr.

225 235 282 277 M.
314 235 521 290 Messalla,
552 234 606 276 M.
638 234 791 276 Pisone
824 249 927 276 coss.

839 351 951 393 XIV.

530 431 605 467 Ser.
632 432 767 466 Romae
791 432 848 466 Id.
876 431 981 466 Febr.
1009 443 1042 466 α.
1070 434 1141 467 693
1168 434 1257 476 (61).

646 512 814 548 CICERO
841 512 1013 547 ATTICO
1039 512 1137 548 SAL.
1596 522 1612 547 5

313 585 491 640 Vereor,
527 599 587 634 ne,
617 585 812 639 putidum
849 585 905 625 sit
937 585 1118 626 scribere
1149 585 1201 626 ad
1230 587 1290 639 te,
1323 599 1449 639 quam
1481 586 1560 627 sim

228 646 466 698 occupatus,
498 644 568 684 sed
599 646 740 684 tamen
769 643 831 684 ita
862 643 1110 698 distinebar,
1148 646 1196 685 ut
1232 643 1331 684 huic
1367 644 1439 685 vix
1469 646 1559 685 tan-

226 703 339 744 tulae
372 702 575 756 epistulae
607 704 773 756 tempus
810 701 1033 743 habuerim
1069 677 1196 756 atque
1232 702 1276 742 id
1316 705 1507 756 ereptum
1538 717 1560 743 e

226 761 401 802 summis
441 760 797 826 occupationibus
861 760 1002 801 Prima
1040 761 1180 802 contio
1211 759 1386 826 Pompei
1423 761 1558 827 qualis

224 820 387 873 fuisset,
420 819 568 873 sciipsi
594 819 645 860 ad
669 821 712 859 te
738 821 871 873 antea,
901 833 988 860 non
1011 819 1192 860 iucunda
1217 819 1391 873 miseris,
1422 820 1559 861 inanis
1579 837 1613 863 ιο

224 878 450 933 improbis,
482 877 618 918 beatis
648 892 736 918 non
767 880 904 932 grata,
945 878 1068 919 bonis
1099 892 1187 919 non
1217 878 1377 933 gravis3
1418 878 1561 932 itaque

226 936 420 991 frigebat.
494 936 601 977 Tum
644 935 811 976 Pisonis
855 936 1039 977 consulis
1083 936 1271 990 impulsu
1318 936 1560 978 levissimus

225 995 426 1036 tribunus
452 995 507 1049 pl.
538 994 683 1035 Fufius
721 995 766 1035 in
805 995 1044 1036 contionem
1075 995 1270 1049 producit
1299 993 1559 1049 Pompeium.

225 1053 310 1094 Res
343 1053 546 1108 agebatur
582 1053 628 1093 in
668 1053 776 1093 circo
808 1051 1036 1109 Flaminio,
1078 1056 1119 1094 et
1160 1056 1248 1094 erat
1287 1054 1333 1094 in
1377 1068 1423 1095 eo
1464 1054 1558 1108 ipso

225 1112 318 1152 loco
350 1112 425 1152 illo
459 1112 524 1152 die
554 1111 838 1152 nundinarum
868 1113 1120 1166 πανήγυρις.
1171 1111 1386 1160 Quaesivit
1417 1126 1467 1152 ex
1499 1126 1560 1168 eo,
1578 1129 1611 1155 15

227 1171 463 1224 placeretne
488 1170 526 1210 ei
556 1169 712 1210 iudices
740 1185 763 1210 a
788 1172 981 1223 praetore
1006 1170 1104 1224 legi,
1136 1184 1218 1223 quo
1245 1170 1421 1211 consilio
1447 1170 1559 1211 idem

227 1230 398 1282 praetor
427 1230 627 1269 uteretur.
676 1227 725 1268 Id
757 1231 898 1269 autem
929 1231 1017 1269 erat
1044 1228 1093 1268 de
1119 1226 1322 1269 Clodiana
1353 1228 1558 1283 religione

227 1287 278 1327 ab
318 1289 466 1327 senatu
504 1286 794 1327 constitutum.
855 1286 964 1326 Tum
993 1286 1220 1340 Pompeius
1251 1285 1348 1341 μάλ’
1387 1287 1559 1342 ἀριστο-

226 1352 437 1395 κρατικῶς
467 1345 633 1385 locutus
661 1347 724 1385 est
757 1347 1011 1398 senatusque
1036 1345 1333 1386 auctoritatem
1366 1346 1447 1386 sibi
1475 1360 1558 1386 om-

225 1404 351 1444 nibus
383 1403 428 1443 in
458 1403 583 1443 rebus
614 1403 841 1443 maximam
871 1403 1004 1445 videri
1031 1418 1275 1457 semperque
1300 1404 1435 1445 visam
1466 1418 1556 1445 esse
1577 1421 1610 1446 20

225 1461 444 1515 respondit
475 1465 516 1502 et
546 1462 590 1502 id
620 1461 766 1502 multis
798 1462 947 1502 verbis.
997 1461 1151 1503 Postea
1181 1462 1379 1503 Messalla
1411 1462 1559 1504 consul
1623 1480 1627 1484 ·

225 1520 271 1560 in
303 1522 450 1560 senatu
481 1519 530 1560 de
560 1519 761 1573 Pompeio
795 1520 1020 1575 quaesivit,
1058 1520 1159 1574 quid
1197 1520 1245 1561 de
1281 1520 1484 1575 religione
1516 1523 1558 1561 et

227 1578 276 1619 de
306 1579 577 1633 promulgata
607 1579 829 1632 rogatione
861 1579 1046 1619 sentiret.
1108 1578 1295 1620 Locutus
1326 1579 1386 1620 ita
1417 1582 1482 1620 est
1512 1579 1555 1620 in

227 1640 386 1690 senatu,
417 1640 465 1677 ut
497 1637 638 1677 omnia
662 1637 776 1677 illius
804 1637 962 1678 ordinis
990 1637 1181 1678 consulta
1207 1645 1388 1690 γενικῶς
1417 1637 1556 1678 lauda-

225 1698 307 1749 ret,
344 1695 549 1749 mihique,
587 1698 635 1736 ut
667 1695 845 1749 adsedit,
889 1696 995 1736 dixit
1027 1710 1070 1736 se
1110 1698 1260 1749 putare
1291 1695 1394 1736 satis
1427 1696 1478 1736 ab
1512 1710 1556 1737 se
1575 1712 1608 1738 25

226 1754 353 1794 etiam
387 1753 451 1794 ‘de
481 1754 576 1794 istis
602 1754 743 1794 rebus’
770 1768 860 1794 esse
885 1768 1145 1808 responsum.
1190 1753 1365 1795 Crassus
1392 1756 1555 1807 postea-

226 1827 351 1865 quam
382 1812 489 1852 vidit
523 1812 644 1852 iflum
677 1812 877 1853 excidisse
914 1812 1036 1853 laude
1076 1827 1127 1854 ex
1164 1827 1224 1868 eo,
1268 1812 1379 1866 q-uod
1417 1812 1556 1854 minus

226 1871 539 1924 suspicarentur
578 1870 769 1912 homines
811 1872 848 1912 ei
888 1871 1154 1916 consulatum
1197 1885 1337 1911 meum
1380 1870 1556 1926 placere,

225 1929 406 1969 surrexit
440 1929 789 1983 ornatissimeque
822 1929 871 1970 de
901 1944 993 1970 meo
1032 1929 1253 1970 consulatu
1283 1928 1449 1969 locutus
1481 1931 1555 1983 est,

225 2001 319 2027 cum
349 1987 410 2027 ita
441 1987 613 2042 diceret,
654 1988 730 2041 ese,
772 1988 885 2041 quod
922 1990 1030 2028 esset
1068 1990 1255 2041 senator,
1297 1987 1410 2041 quod
1441 1987 1554 2041 civis,
1575 2005 1608 2030 30

226 2045 337 2097 quod
367 2046 484 2100 liber,
516 2046 628 2099 quod
657 2046 835 2100 viveret,
865 2046 972 2086 mihi
1003 2048 1220 2099 acceptum
1251 2046 1424 2100 referre,
1456 2060 1556 2099 quo-

223 2102 332 2143 tiens
354 2104 585 2159 coniugem,
606 2104 800 2158 quotiens
821 2104 1003 2159 domum,
1024 2104 1218 2158 quotiens
1239 2105 1422 2158 patriam
1441 2104 1555 2145 vide—

222 2163 298 2213 ret,
330 2162 486 2202 totiens
522 2177 565 2203 se
597 2163 846 2203 beneficium
870 2177 1012 2203 meum
1037 2162 1202 2203 videre’.
1254 2162 1362 2211 Quid
1391 2162 1555 2203 multa?

222 2220 362 2259 totum
392 2219 504 2261 hunc
534 2221 691 2275 locum,
730 2235 854 2275 quem
885 2234 962 2275 ego
994 2220 1108 2261 varie
1144 2221 1247 2261 meis
1280 2220 1554 2275 orationibus,

223 2290 401 2329 quarum
432 2281 480 2318 tu
505 2277 776 2320 Aristarchus
809 2293 867 2335 es,
910 2279 1023 2320 soleo
1055 2279 1245 2334 pingere,
1286 2279 1334 2320 de
1374 2279 1553 2333 flamma,
1573 2294 1606 2322 35
