1665 2553
322 99 660 135 EPISTULARUM
684 99 748 134 AD
775 99 990 135 ATTIOUM
1014 99 1098 133 XVI
1123 103 1224 134 3-5,
1354 100 1439 141 499

195 195 280 237 Iter
304 195 410 237 illud
428 195 747 250 Brundisinum,
766 194 815 236 de
843 209 925 248 quo
946 194 1205 249 dubitabam,
1225 194 1440 236 sublatum
1465 206 1487 236 4

106 255 282 296 videtur.
333 254 542 309 Legiones
574 254 686 295 enim
719 252 943 294 adventare
970 253 1177 294 dicuntur.
1226 252 1342 294 Haec
1367 268 1440 294 au-

105 316 191 354 tem
215 313 433 367 navigatio
459 313 589 353 habet
609 311 811 366 quasdam
838 312 1098 366 suspiciones
1123 312 1308 366 periculi.
1358 310 1440 352 Ita-

107 386 187 426 que
207 371 518 413 constituebam
538 371 602 411 uti
623 371 847 426 ὁμοπλοίᾳ.
871 369 1132 411 Paratiorem
1153 370 1264 411 enim
1285 370 1440 411 offendi

73 448 88 473 5
107 430 302 485 Brutum,
323 445 449 484 quam
470 429 701 470 audiebam.
734 428 846 470 Nam
866 432 908 470 et
929 429 1019 482 ipse
1040 433 1076 470 et
1093 428 1309 470 Domitius
1330 429 1442 469 bona

104 489 227 543 plane
263 489 392 529 habet
431 489 612 543 dicrota,
652 490 834 541 suntque
871 488 1042 541 navigia
1079 490 1295 541 praeterea
1325 487 1439 528 lucu-

103 548 220 588 lenta
253 546 376 601 Sesti,
407 546 628 601 Buciliani,
660 548 906 587 ceterorum.
956 545 1068 586 Nam
1100 545 1220 587 Cassi
1251 546 1440 599 classem,

106 620 211 659 quae
242 605 367 659 plane
398 606 510 647 bella
543 608 618 659 est,
648 619 736 645 non
766 619 940 646 numero
974 605 1087 645 ultra
1112 605 1278 645 fretum.
1328 603 1440 645 Illud

104 667 168 705 est
198 664 304 705 mihi
337 664 656 717 submolestum,
696 663 809 716 quod
840 678 991 716 parum
1023 663 1182 704 Brutus
1213 677 1439 716 properare

52 741 86 765 10
104 722 279 764 videtur.
349 722 538 763 Primum
587 722 874 763 confectorum
916 721 1113 763 ludorum
1155 721 1329 762 nuntios
1375 736 1440 762 ex-

105 784 285 835 spectat3
325 781 490 836 deinde,
529 783 734 835 quantum
765 780 987 836 intellego,
1026 780 1143 821 tarde
1176 783 1240 821 est
1270 780 1440 834 naviga-

105 842 227 880 turus
271 840 507 880 consistens
547 840 593 880 in
631 839 735 880 locis
776 839 982 892 pluribus.
1053 839 1211 879 Tamen
1253 838 1440 879 arbitror

105 912 194 939 esse
226 898 486 939 commodius
518 898 637 938 tarde
668 897 869 952 navigare
903 912 1029 951 quam
1062 897 1233 938 omnino
1259 911 1347 938 non
1370 911 1441 937 na-

104 957 268 1011 vigare,
307 960 364 1012 et,
404 957 456 1011 si,
498 971 593 997 cum
630 956 979 1012 processerimus,
1016 956 1302 1010 exploratiora
1332 955 1441 996 vide-

51 1032 85 1058 15
104 1014 277 1070 buntur,
308 1015 450 1056 etesiis
483 1017 662 1056 utemur.

745 1130 797 1172 V.

296 1211 368 1246 Ser.
391 1213 431 1246 in
456 1212 658 1246 Puteolano
690 1212 770 1246 VII
789 1212 845 1245 Id.
870 1210 991 1256 Quint.
1013 1223 1045 1246 a.
1071 1214 1139 1246 710
1167 1213 1255 1255 (44).

506 1293 696 1328 CICERO
720 1292 912 1327 ATTICO
937 1293 1044 1327 SAL.

192 1365 304 1406 Tuas
335 1365 419 1406 iam
449 1364 617 1406 litteras
648 1364 808 1405 Brutus
835 1364 1115 1418 exspectabat.
1167 1362 1246 1405 Cui
1272 1364 1440 1418 quidem
1467 1375 1484 1404 1

54 1442 87 1466 ρο
107 1437 184 1478 ego
215 1438 302 1464 non
333 1438 491 1464 novum
523 1423 749 1464 attuleram
774 1423 823 1463 de
843 1423 974 1463 Tereo
994 1422 1107 1464 Acci.
1157 1421 1234 1463 Ille
1260 1422 1441 1464 Brutum

106 1481 294 1536 putabat.
367 1480 447 1522 Sed
487 1484 629 1522 tamen
668 1481 850 1522 rumoris
888 1481 1029 1522 nescio
1071 1481 1173 1534 quid
1214 1481 1441 1522 adflaverat

107 1540 403 1581 commissione
437 1538 694 1580 Graecorum
724 1539 1006 1593 frequentiam
1036 1553 1124 1579 non
1149 1539 1297 1593 fuisse,
1329 1539 1442 1593 quod

107 1598 276 1652 quidem
318 1612 384 1639 me
421 1598 593 1638 minime
631 1597 801 1652 fefellit,
846 1598 927 1638 scis
965 1597 1095 1653 em‘m,
1138 1597 1239 1651 quid
1276 1611 1353 1652 ego
1391 1597 1440 1638 de

108 1656 278 1698 Graecis
309 1656 421 1697 ludis
454 1656 702 1697 existimem.

55 1733 88 1757 25
194 1713 320 1756 Nunc
352 1715 460 1769 audi,
492 1714 604 1768 quod
635 1714 770 1768 pluris
803 1716 867 1755 est
899 1728 1025 1768 quam
1057 1713 1207 1754 omnia.
1258 1713 1439 1762 Quintus
1466 1725 1487 1755 2

107 1773 189 1814 fuit
225 1788 388 1814 mecum
419 1773 506 1813 dies
539 1773 794 1826 complures,
832 1775 891 1827 et,
935 1773 971 1812 si
1002 1785 1080 1826 ego
1113 1786 1326 1827 cuperem,
1368 1772 1440 1812 ille

107 1832 175 1872 vel
205 1832 346 1885 plures
377 1832 545 1885 fuisset3
591 1831 674 1887 sed,
706 1846 832 1884 quam
863 1831 934 1871 diu
964 1830 1060 1886 fuit,
1090 1830 1333 1871 incredibile
1365 1833 1442 1885 est,

111 1904 236 1943 quam
267 1904 333 1930 me
365 1890 410 1930 in
441 1890 556 1931 omni
588 1903 738 1944 genere
771 1889 987 1930 delectarit
1018 1889 1063 1929 in
1089 1903 1221 1942 eoque
1246 1888 1441 1944 maxime,

109 1948 154 1988 in
191 1962 273 2001 quo
312 1948 483 1988 minime
521 1948 625 1989 satis
662 1947 852 1988 faciebat.
915 1945 983 1988 Sic
1014 1947 1126 1988 enim
1157 1949 1439 1988 commutatus

57 2023 90 2047 30
110 2008 174 2046 est
207 2009 323 2047 totus
355 2009 396 2047 et
423 2006 591 2060 scriptis
617 2006 721 2046 meis
748 2005 1013 2061 quibusdam,
1044 2020 1149 2059 quae
1174 2005 1220 2046 in
1244 2005 1439 2046 manibus

108 2064 329 2118 habebam,
360 2067 402 2104 et
434 2065 687 2105 adsiduitate
714 2064 917 2105 orationis
944 2067 986 2104 et
1011 2064 1258 2118 praeceptis,
1290 2065 1338 2103 ut
1362 2063 1440 2103 tali

111 2122 250 2162 animo
288 2123 334 2163 in
369 2137 458 2163 rem
488 2123 723 2177 publicam,
765 2123 879 2176 quali
909 2137 987 2163 nos
1019 2122 1233 2176 volumus,
1269 2121 1440 2162 futurus

112 2180 178 2220 sit.
228 2179 321 2221 Hoc
360 2195 454 2221 cum
484 2181 589 2221 mihi
620 2195 706 2221 non
730 2181 854 2222 modo
882 2181 1183 2234 confirmasset,
1216 2179 1288 2220 sed
1313 2180 1441 2220 etiam

110 2238 410 2293 persuasisset,
448 2239 534 2292 egit
571 2253 733 2279 mecum
766 2241 955 2279 accurate
986 2239 1132 2279 multis
1164 2238 1324 2292 verbis,
1360 2238 1441 2278 tibi

58 2313 90 2338 35
110 2299 158 2337 ut
191 2296 438 2350 sponderem
471 2311 513 2337 se
545 2297 719 2351 dignum
751 2299 792 2337 et
824 2299 866 2337 te
898 2299 939 2338 et
969 2297 1094 2338 nobis
1126 2297 1336 2351 futurum,
1372 2311 1443 2337 ne-

1163 2364 1230 2398 32*
