1689 2572
222 98 360 132 XXXII
649 98 928 133 ADNOTATIO
957 97 1143 133 CRITICA

223 193 344 237 leyisse
364 192 452 235 O1P,
480 193 565 238 legis
585 193 698 227 ceteri
719 192 835 235 codd.,
862 192 1016 236 Tyrrell,
1035 196 1198 227 senatum
1217 203 1286 227 esse
1306 193 1398 227 coni.
1420 193 1558 236 Baiter,

222 239 402 285 Pluygers
429 239 562 274 Mnem.
586 244 674 274 1881
701 252 736 284 p.
760 243 838 282 126,
866 251 931 273 scr.
954 239 1126 273 Wesenb.
1146 260 1193 264 —
1220 243 1262 274 18
1282 240 1386 285 [cum
1410 241 1560 286 senatu]

221 286 359 329 Baiter,
379 287 564 329 Wesenb.,
585 287 623 320 M
643 286 758 320 habet
770 291 906 321 statuos
919 287 1076 330 quisque,
1094 286 1190 320 Boot
1201 291 1406 322 statuturos.
1433 288 1558 332 †quis-

223 345 305 378 que,
327 345 415 368 corr.
431 344 475 367 ex
490 332 525 367 C.
542 355 585 358 —
599 333 650 367 Ib.
667 338 870 368 senatorum
888 344 954 378 pro
968 334 1093 367 horum
1105 333 1209 367 Koch
1221 344 1341 378 progr.
1355 333 1451 368 Port.
1468 337 1558 368 1868

222 380 832 471 {,{,},2„‘figg’gfessiaffihffigssnass
853 380 1191 461 {2'22422030‘3532
1203 380 1260 452 a}
1274 380 1561 463 &suffiti

223 473 413 516 Wesenb.,
447 474 557 515 Boot,
596 474 682 508 fam.
703 474 735 507 X
762 478 816 507 30.
838 478 918 507 4m.
941 474 1090 508 venisset
1121 474 1212 508 coni.
1233 473 1405 508 Wesenb.
1438 496 1484 499 —
1515 478 1558 508 21

223 526 333 556 esset
357 522 476 563 faetus
501 520 588 555 Otto
613 533 705 554 mus.
726 520 841 554 Rhen.
866 524 954 554 1886
983 533 1016 564 p.
1039 523 1116 554 368.
1150 542 1195 545 —
1225 524 1269 554 35
1295 522 1410 566 [sibi]
1433 521 1561 555 Baiter

224 567 377 611 (habent
403 567 450 601 Ο2
464 567 544 601 M²s
570 570 655 612 post
681 579 749 601 -ern
775 578 793 601 e
819 579 849 601 v.
867 572 910 601 34
930 567 1094 611 repetit.;
1120 579 1149 601 V.
1170 580 1205 612 p.
1222 571 1275 602 24.
1292 570 1337 612 8),
1363 569 1431 602 tibi
1449 568 1559 612 pleri-

225 625 295 657 que
311 615 427 656 codd,
450 626 532 648 cum
547 625 652 648 cruce
666 614 851 656 Wesenb,
866 614 970 657 Boot,
986 614 1065 648 sine
1080 625 1184 648 cruce
1198 614 1342 658 Tyrrell
1356 614 1558 659 (Hermath.

226 665 315 695 1883
341 673 375 705 p.
398 666 497 705 413),
530 661 737 703 Lehmann,
769 666 896 695 senatu
927 662 1040 696 invito
1070 660 1112 695 K.
1134 661 1175 695 A.
1197 661 1300 695 Koch
1330 673 1421 695 mus.
1443 662 1558 696 Rhen.

226 712 316 742 1858
342 720 376 752 Ρ.
394 712 471 750 289,
499 709 636 742 homini
657 707 813 752 Seyffert
831 720 922 741 mus.
936 708 1051 741 Rhen.
1067 707 1134 741 XV
1152 720 1186 752 p.
1204 712 1282 751 634,
1308 709 1378 743 sivi
1396 708 1558 752 Reyffer-

225 755 352 788 scheid
377 755 442 788 ind
472 755 556 789 lect.
578 755 729 789 Vratisl.
745 755 820 788 hib.
840 758 929 788 1879
955 767 990 799 p.
1014 759 1111 798 GSq.,
1137 755 1289 799 Madvig
1313 755 1403 789 Adv.
1423 755 1472 789 H]
1494 759 1559 790 172

227 802 477 836 ‘scribendum
503 802 584 836 est’.
629 803 640 846 ΙΙ
680 802 725 836 P.
748 802 836 836 105.
860 805 877 835 1
905 802 1126 846 [porticum]
1151 802 1303 845 Tyrress.
1331 823 1376 827 —
1401 806 1421 836 5
1447 802 1519 837 HS
1541 813 1560 836 e

225 860 254 882 V.
284 852 304 882 6
343 848 414 882 huc
447 851 531 882 ante
563 849 766 893 quinyentz's
797 848 926 882 transf.
953 848 1125 882 WVesenb.
1169 870 1214 874 —
1258 851 1278 882 8
1315 850 1562 893 reprenditur

225 895 279 937 M,
316 896 586 939 reprehenditur
619 896 700 929 edd.
745 895 803 929 Ad
836 895 922 929 fam.
941 907 976 939 p.
1001 899 1053 929 16.
1076 899 1113 935 2,
1151 895 1211 929 hic
1238 899 1315 929 166.
1339 900 1394 938 30,
1436 899 1512 930 170.
1529 901 1560 939 9,

226 946 303 976 361.
328 946 381 984 10,
409 946 485 976 507.
509 946 552 976 26
562 954 613 985 sq.
635 963 681 967 —
702 946 742 976 11
764 954 849 976 nam
868 943 931 977 hoc
951 943 1056 986 quid
1075 943 1181 976 etiam
1196 942 1418 986 profuisset?
1443 943 1559 977 Maur.

227 988 381 1032 Seyffert
406 1001 498 1023 mus.
519 989 634 1022 Rhen.
657 989 724 1022 XV
748 1001 780 1032 p⁴
805 992 871 1022 629
882 1000 952 1032 sq.,
984 1000 1071 1023 num
1095 989 1159 1023 hoe
1184 990 1324 1033 quidem
1349 991 1456 1023 etiam
1476 1000 1561 1033 pro-

224 1035 380 1078 fuisset?
423 1036 576 1079 Tyrrell,
597 1057 642 1061 —
660 1036 836 1070 nocuisset
860 1036 975 1080 nzayis
999 1047 1106 1079 quam
1127 1037 1323 1079 profuisset
1341 1035 1384 1069 H.
1400 1036 1441 1069 A.
1457 1036 1562 1070 Koch

225 1093 345 1127 progr.
367 1083 530 1116 Pol-tens.
554 1086 644 1116 1868
675 1094 709 1126 p.
731 1086 784 1115 22.
823 1103 869 1106 —
908 1086 949 1115 12
982 1082 1072 1127 [T.]
1096 1082 1206 1125 Boot,
1244 1082 1398 1126 Tyrrell.
1449 1082 1491 1117 V.
1514 1083 1562 1116 ad

225 1141 259 1173 p.
283 1134 336 1163 92.
360 1134 389 1163 1,
443 1128 532 1162 Cum
563 1129 725 1172 quadam
757 1129 940 1172 gravitate
974 1139 1016 1162 ac
1046 1128 1082 1162 vi
1112 1128 1287 1172 loquitur.
1315 1151 1361 1154 —
1387 1133 1431 1163 14
1456 1141 1560 1164 rena-

226 1181 378 1210 scentur
410 1176 501 1209 coni.
523 1175 708 1218 Wesenb.,
738 1173 853 1209 Cobet
877 1175 1009 1209 Mnem.
1034 1179 1123 1209 1880
1149 1188 1182 1220 p.
1207 1179 1284 1219 194,
1310 1176 1490 1220 Pluygers
1510 1176 1558 1210 ib.

229 1225 315 1256 1881
343 1234 377 1266 p
401 1226 478 1265 126,
506 1234 571 1256 scr.
593 1222 696 1256 Boot.
735 1243 780 1247 ——
819 1226 862 1256 18
888 1223 956 1267 [a]
981 1222 1141 1267 Madvig.
1182 1222 1350 1266 Opusc.1
1374 1235 1409 1267 p.
1431 1227 1560 1267 45711,

226 1268 418 1311 Wesenb„
452 1280 519 1303 0111,
540 1269 643 1303 Boot.
690 1268 730 1303 V.
753 1269 866 1302 etiam
892 1268 1048 1312 Seyffert
1078 1281 1168 1303 mus.
1190 1269 1304 1303 Rhen.
1327 1269 1394 1303 XV
1453 1274 1559 1304 ..632

226 1337 272 1340 -
298 1319 341 1349 19
357 1327 434 1359 sqq.
483 1316 702 1369 Quodnisi
731 1337 776 1340 —
810 1320 895 1350 esset
919 1318 1002 1360 (esse
1027 1316 1154 1350 Baiter
1178 1316 1345 1361 probab.)
1372 1317 1561 1362 inteyrum,

226 1367 288 1404 ut,
313 1363 345 1397 si
370 1383 415 1387 —
435 1373 598 1406 possem,
628 1363 783 1397 votivam
809 1363 1015 1407 leyationem
1040 1364 1285 1407 sumpsissem
1310 1364 1448 1416 partim
1471 1363 1560 1398 Hof-

226 1420 372 1451 manno,
397 1409 535 1453 partim
559 1409 772 1443 Meutznero
800 1412 894 1443 auct.
915 1410 1052 1452 Baiter,
1078 1409 1270 1444 Lehmann
1296 1414 1343 1453 et,
1369 1411 1442 1444 nisi
1462 1411 1562 1454 quod

226 1439 394 1499 petereni;
408 1468 601 1500 possem—
613 1468 689 1491 sum
689 1468 812 1500 pstsse,
824 1456 937 1500 Tyrr„
949 1457 1043 1500 quod
1055 1457 1129 1491 nisi
1141 1458 1260 1492 vellem
1273 1458 1362 1491 mihi
1374 1462 1461 1492 esset
1473 1459 1560 1492 inte-

227 1514 341 1548 9rum,
368 1508 443 1537 aut
468 1524 511 1528 —
535 1508 679 1547 possent
704 1504 856 1537 votivam
882 1504 1089 1548 Zeyationem
1114 1505 1322 1548 sumpsisse
1346 1504 1423 1538 fere
1444 1504 1560 1547 codd,

229 1550 327 1593 quin,
353 1551 384 1584 si
409 1551 540 1592 vellem,
565 1551 653 1584 mihi
671 1570 717 1575 —
736 1551 924 1595 inteyrwn,
949 1555 990 1584 ut
1015 1555 1079 1585 aut
1097 1571 1142 1576 -—
1157 1562 1296 1595 possem
1321 1556 1386 1586 aut
1409 1556 1475 1586 vot.
1497 1552 1559 1596 leq.

227 1597 453 1640 †sumpsisse
495 1596 685 1638 Wesenb.,
719 1597 814 1631 Boot
868 1618 912 1622 —
952 1601 994 1630 22
1029 1598 1159 1642 [prope
1191 1598 1350 1632 omnium
1379 1599 1561 1640 fanorum,

230 1644 412 1688 lucorum]
437 1643 594 1686 Ernesti,
621 1644 759 1684 Baiter,
786 1643 986 1686 Lehmann,
1012 1655 1121 1688 prope
1146 1645 1387 1679 communium
1406 1643 1562 1688 Seyffert

228 1701 318 1723 mus.
340 1690 453 1724 Rhen.
476 1690 542 1724 XV
572 1703 606 1735 p.
629 1694 706 1724 631.
751 1690 792 1724 V.
814 1691 966 1735 Madvig
989 1690 1139 1724 Advers.
1161 1691 1211 1724 ΙΠ
1234 1703 1269 1735 Ρ.
1293 1695 1358 1725 172
1382 1703 1415 1724 n.
1434 1695 1464 1725 1.
1516 1712 1560 1716 —

230 1741 272 1770 23
305 1738 479 1771 utilitates
509 1749 604 1772 meae
639 1739 743 1771 extra
782 1737 963 1771 cancellos
994 1737 1089 1771 Boot
1121 1738 1200 1781 (sed
1232 1738 1322 1772 coni.
1349 1741 1397 1772 ut
1426 1738 1560 1780 nosti,

228 1785 386 1818 rationes
417 1785 588 1818 utilitatis
617 1787 744 1827 meae),
776 1784 930 1828 Tyrrell,
958 1795 1025 1818 om.
1048 1782 1219 1818 Wesenb.
1246 1805 1292 1809 ——
1317 1787 1361 1817 30
1386 1784 1562 1826 reficitur

229 1830 387 1872 Manut,
419 1831 561 1872 Baiter,
594 1830 784 1873 Wesenb.,
815 1831 924 1873 Boot,
956 1831 1162 1873 Lehmann,
1196 1831 1353 1865 molestia
1377 1831 1562 1872 reficiatur

230 1877 296 1920 ‹ssic
317 1877 435 1921 codd.)
456 1878 696 1911 Formianum
715 1877 824 1921 vulg,
845 1877 997 1921 Tyrrell.
1014 1899 1058 1902 —
1073 1882 1115 1910 32
1135 1888 1209 1911 non
1229 1888 1296 1911 om.
1312 1877 1378 1918 31¹,
1406 1876 1561 1921 Seyffert

229 1935 319 1957 mus.
335 1924 448 1958 Rhen.
465 1924 531 1957 XV
550 1936 583 1968 p.
600 1928 678 1965 632,
704 1924 841 1965 Baiter,
861 1925 964 1966 Boot,
986 1923 1138 1967 Tyr-rell.
1176 1924 1235 1957 Ad
1253 1936 1288 1967 p.
1305 1927 1358 1957 84.
1375 1927 1429 1957 27.
1452 1945 1496 1948 -
1517 1928 1561 1958 34

229 1981 294 2004 nos
308 1971 391 2004 add.
405 1971 556 2015 Madvig
569 1971 659 2004 Adv.
669 1970 703 2003 Π
715 1983 749 2014 Ρ.
760 1975 838 2011 235,
853 1971 1052 2012 Lehmann,
1063 1970 1305 2015 [praesentes]
1315 1970 1412 2013 Ern.,
1423 1970 1560 2013 Baiter,

231 2017 355 2050 absens
367 2029 536 2060 praesens
554 2018 648 2051 Boot
668 2017 776 2051 Gron.
793 2020 950 2050 auctore.
998 2019 1009 2061 ΙΙ
1054 2017 1197 2051 Ρ.106.
1210 2020 1228 2050 7
1249 2028 1289 2051 ea
1310 2017 1426 2059 codd,
1447 2016 1562 2052 Cobet

231 2062 363 2096 Mnem.
386 2067 473 2097 1880
493 2076 527 2108 Ρ.
542 2069 619 2106 194,
640 2063 783 2107 Tyrrel]
797 2074 851 2107 ep.
866 2067 920 2106 92,
941 2074 1008 2096 0111.
1021 2063 1157 2105 Baiter,
1177 2063 1367 2105 Wesenb.;
1387 2074 1560 2109 praecep-

230 2111 310 2142 tum
322 2110 467 2143 videtur
482 2121 525 2144 ex
539 2111 668 2145 eodem
680 2121 796 2144 versu.
821 2109 880 2143 Ad
898 2122 932 2154 p.
944 2114 997 2143 24.
1008 2113 1037 2143 8.
1052 2130 1098 2135 -
1111 2113 1131 2143 8
1145 2110 1362 2144 scribuntur
1375 2109 1560 2154 Wesenb.,

231 2156 325 2189 Boot
349 2156 501 2199 inscite,
537 2161 556 2190 9
588 2158 805 2192 scribantur
828 2177 873 2181 —-
898 2157 1123 2190 nuntientur
1149 2156 1203 2190 ed.
1225 2157 1329 2199 Iens.,
1355 2158 1562 2192 scribantur

234 2223 277 2227 —
301 2204 530 2237 nuntiantur
555 2206 600 2246 (v.
616 2216 650 2247 p.
667 2208 720 2237 24.
737 2206 771 2247 8)
799 2203 916 2245 codd,
941 2203 1148 2237 scribuntur
1166 2224 1210 2228 —
1230 2204 1451 2239 nuntiantur
1476 2204 1558 2238 edd.

232 2249 290 2281 Ad
314 2249 399 2282 fam.
415 2260 449 2292 p.
468 2253 519 2283 77.
536 2254 590 2290 22,
614 2250 710 2284 infra
731 2254 806 2284 124.
823 2253 877 2292 31,
901 2253 1047 2291 17010,
1069 2253 1145 2283 181.
1161 2253 1216 2293 22,
1239 2254 1314 2284 193.
1333 2254 1388 2293 28,
1410 2254 1486 2284 200.
1504 2254 1560 2293 30,

234 2299 310 2329 223.
328 2300 382 2339 24,
410 2299 557 2338 224.15,
585 2300 733 2339 225.19,
754 2300 831 2330 227.
847 2300 879 2339 s,
899 2299 1047 2338 24010,
1069 2299 1146 2330 236.
1163 2300 1218 2340 33,
1239 2301 1317 2331 297.
1333 2301 1388 2339 29,
1410 2301 1562 2334 317.19.
