1665 2553
354 88 694 124 EPISTULARUM
718 88 783 122 AD
809 87 1023 123 ATTICUM
1048 88 1065 122 Ι
1091 92 1121 132 5,
1149 92 1180 123 6.
1413 88 1435 128 7

104 187 179 228 abs
216 188 258 227 te
289 186 400 240 ipso,
426 185 511 240 'qui
542 199 608 225 me
641 198 828 240 accusas,
859 198 963 224 unas
995 183 1102 224 mihi
1134 183 1241 225 scito
1272 183 1438 224 litteras

103 245 285 286 redditas
323 258 431 299 esse,
469 258 563 285 cum
601 246 641 284 et
680 243 756 284 otii
794 242 846 283 ad.
883 242 1150 283 scribendum
1181 242 1276 296 plus
1309 244 1351 284 et
1381 242 1440 283 fa·

105 304 306 345 cultatem
337 302 462 343 dandi
492 302 694 343 maiorem
723 301 932 342 habueris.

192 361 312 410 Quod
356 361 524 415 scribis,
573 360 738 402 etiamsi
787 360 905 401 cuius
949 360 1112 400 animus
1156 360 1201 400 in
1243 362 1285 400 te
1328 362 1438 400 esset
1465 369 1485 400 5

67 438 84 464 5
105 421 325 476 offensior,
362 435 385 461 a
421 434 487 461 me
523 419 714 473 recolligi
752 421 963 473 oportere,
1006 422 1131 469 teneo,
1177 418 1278 472 quid
1315 418 1440 474 dicas,

103 494 238 534 neque
263 479 307 520 id
330 478 511 533 neglexi,
543 478 615 518 sed
641 481 704 518 est
728 477 836 518 miro
870 477 1051 531 quodam
1081 476 1205 517 modo
1240 476 1439 517 adfectus.

103 538 197 593 Ego
225 540 378 592 autem,
411 552 516 591 quae
542 536 713 577 dicenda
737 536 908 577 fuerunt
941 536 989 576 de
1021 538 1076 590 te,
1106 549 1194 576 non
1223 535 1439 589 praeterii3

105 596 206 651 quid
238 599 379 637 autem
410 595 744 636 contendendum
776 597 904 650 esset,
942 609 993 634 ex
1031 596 1105 635 tua
1135 594 1340 648 putabam
1370 608 1440 635 vo-

102 655 268 696 luntate
305 669 371 696 me
409 657 594 695 statuere
633 656 836 708 oportere.
911 652 1046 701 Quam
1084 653 1120 693 si
1160 653 1211 693 ad
1247 667 1313 693 me
1351 666 1440 706 per-

51 732 86 757 10
107 714 343 769 scripseris,
378 713 599 767 intelleges
636 727 703 753 me
739 726 874 766 neque
906 711 1218 766 diligentiorem
1250 725 1340 752 esse
1371 724 1441 751 vo-

103 772 246 827 luisse,
273 787 400 826 quam
424 774 474 812 tu
496 785 622 826 esses,
646 785 782 824 neque
801 770 1162 825 neglegentiorem
1185 770 1289 825 fore,
1315 784 1442 823 quam

104 834 153 872 tu
183 831 298 872 velis.

192 887 257 930 De
293 888 478 930 Tadiana
520 903 565 928 re
601 902 764 928 mecum
801 887 955 928 Tadius
992 886 1160 927 locutus
1199 889 1264 927 est
1301 888 1343 927 te
1379 886 1441 927 ita
1467 896 1486 926 6

108 947 342 1003 scripsisse,
381 946 491 988 nihil
522 960 611 987 esse
642 946 745 1001 iam,
783 945 895 999 quod
925 945 1209 1000 laboraretur,
1241 944 1443 998 quoniam

54 1024 87 1050 15
106 1006 315 1047 hereditas
346 1020 427 1046 usu
458 1007 580 1059 capta
612 1007 732 1046 esset.
791 1003 840 1044 Id
870 1003 1129 1044 mirabamur
1160 1006 1202 1044 te
1233 1003 1442 1058 ignorare,
1486 1006 1494 1009 ⁴

107 1065 155 1105 de
192 1064 327 1105 tutela
363 1063 572 1118 legitima,
612 1063 658 1104 in
695 1077 777 1116 qua
815 1062 969 1103 dicitur
1006 1077 1096 1103 esse
1133 1061 1292 1116 puella,
1334 1061 1443 1102 nihil

106 1137 186 1164 usu
223 1123 314 1177 capi
351 1137 485 1176 posse.
553 1121 818 1175 Epiroticam
855 1121 1112 1174 emptionem
1155 1120 1315 1175 gaudeo
1360 1119 1441 1160 tibi
1469 1130 1488 1160 7

107 1181 278 1235 placere.
330 1180 443 1229 Quae
467 1180 549 1221 tibi
573 1180 780 1234 mandavi,
812 1181 854 1220 et
880 1194 986 1233 quae
1014 1182 1062 1220 tu
1093 1179 1314 1233 intelleges
1347 1192 1441 1218 con-

106 1239 247 1281 venire
271 1242 420 1281 nostro
446 1239 697 1293 Tusculano,
727 1237 865 1293 velim,
896 1240 944 1278 ut
974 1237 1135 1292 scribis,
1166 1251 1298 1292 cures,
1330 1236 1443 1290 quod

53 1317 89 1341 20
109 1298 198 1339 sine
235 1298 430 1339 molestia
466 1300 541 1338 tua
578 1298 712 1338 facere
742 1296 913 1350 poteris.
976 1294 1088 1337 Nam
1117 1310 1196 1336 nos
1229 1310 1279 1336 ex
1312 1294 1442 1336 0111111-

108 1357 187 1397 bus
235 1356 443 1398 molestiis
493 1358 535 1397 et
583 1355 801 1396 laboribus
850 1369 935 1395 uno
985 1355 1059 1395 illo
1112 1355 1158 1395 in
1203 1353 1296 1394 loco
1348 1368 1442 1394 con-

110 1415 373 1468 quiescimus.
455 1414 659 1463 Quintum
710 1414 884 1454 fratrem
936 1413 1087 1453 cotidie
1140 1414 1441 1466 exspectamus.
1468 1422 1487 1451 S

109 1473 305 1514 Terentia
334 1486 511 1527 magnos
544 1472 818 1513 articulorum
850 1471 1015 1512 dolores
1046 1471 1185 1512 habet.
1236 1470 1295 1511 Et
1327 1473 1369 1511 te
1402 1472 1443 1510 et

111 1546 297 1573 sororem
333 1534 451 1572 tuam
488 1533 529 1572 et
565 1534 744 1572 matrem
782 1530 964 1571 maxime
1002 1530 1142 1584 diligit
1181 1529 1443 1582 salutemque

56 1608 89 1634 25
109 1591 190 1631 tibi
231 1590 458 1644 plurimam
501 1589 674 1630 ascribit
717 1592 759 1630 et
803 1588 1004 1643 Tulliola,
1047 1587 1218 1629 deliciae
1259 1590 1442 1628 nostrae.

110 1647 238 1703 Cura,
274 1651 322 1689 ut
361 1649 501 1690 valeas
540 1651 581 1689 et
616 1662 694 1689 nos
734 1661 845 1688 ames
879 1649 920 1687 et
952 1646 1034 1687 tibi
1064 1646 1314 1700 persuadeas
1346 1648 1388 1686 te
1421 1659 1444 1685 a

108 1721 175 1748 me
205 1707 388 1748 fraterne
421 1707 561 1748 amari.

737 1821 810 1863 VI.

269 1903 343 1938 Ser.
371 1903 505 1938 Romae
526 1903 640 1947 paulo
660 1906 743 1947 post
761 1902 824 1936 IV
846 1902 894 1936 K.
921 1901 1007 1936 Dec.
1035 1912 1066 1935 a.
1096 1902 1170 1934 686
1197 1901 1290 1943 (68).

59 1993 93 2018 30
534 1983 701 2019 CICERO
727 1982 899 2017 ATTICO
927 1981 1023 2016 SAL,

200 2055 300 2097 Non
335 2056 597 2097 committam
633 2054 828 2110 posthac,
864 2056 912 2094 ut
949 2068 1014 2094 me
1053 2066 1245 2093 accusare
1283 2051 1331 2093 de
1363 2053 1445 2106 epi·
1472 2063 1491 2093 1

115 2114 322 2156 stularum
345 2114 612 2169 neglegentia
637 2113 794 2168 possis·
821 2116 870 2153 tu
901 2112 1025 2153 modo
1058 2111 1217 2166 videto,
1247 2111 1293 2151 in
1323 2113 1443 2152 tanto

114 2173 201 2214 otio
245 2175 293 2213 ut
329 2187 405 2226 par
440 2173 546 2213 mihi
584 2172 652 2213 sis.
720 2171 905 2212 Domum
941 2145 1217 2210 Rabirianani
1251 2168 1446 2224 Neapoli,

114 2246 240 2286 quam
270 2234 319 2271 tu
350 2231 435 2271 iam
465 2231 694 2271 dimensam
727 2233 767 2270 et
799 2228 1113 2270 exaedificatam
1151 2228 1289 2268 animo
1320 2227 1446 2268 habe-

63 2306 94 2332 35
114 2289 208 2346 bas,
243 2288 338 2343 †M.
370 2288 548 2330 Fontius
581 2289 681 2329 emit
712 2286 784 2328 HS
819 2298 1004 2330 CCCIOOO
1032 2299 1138 2327 XXX.
1187 2286 1236 2327 Id
1267 2289 1308 2326 te
1341 2286 1446 2327 scire
