1665 2553
364 92 705 128 EPISTULARUM
731 92 795 126 AD
821 91 1036 127 ATTICUM
1061 92 1145 126 VIII
1171 96 1272 128 5—7.
1402 92 1485 134 231

238 187 400 229 Deinde
427 188 651 242 supposuit
677 188 915 242 exemplum
942 187 1147 242 epistulae
1172 187 1349 243 Domiti,
1375 188 1489 242 quod
1514 199 1535 229 3

152 261 230 302 ego
275 247 328 288 ad
369 249 412 287 te
455 247 589 300 pridie
625 247 834 288 miseram.
896 245 952 287 Di
989 247 1268 301 immortales,
1312 247 1384 301 qui
1421 261 1488 287 me

152 305 303 347 horror
339 306 541 359 perfudit!
586 320 713 359 quam
752 320 846 346 sum
876 305 1102 360 sollicitus,
1141 306 1341 360 quidnam
1371 306 1489 346 futu-

152 379 248 405 rum
287 364 354 405 sit!
403 363 498 405 Hoc
537 366 680 405 tamen
712 378 852 418 spero,
891 378 1094 418 magnum
1124 379 1278 405 nomen
1309 364 1490 418 impera-

116 440 133 466 5
153 423 260 463 toris
285 423 387 477 fore,
417 436 619 477 magnum
644 423 688 463 in
714 423 896 463 adventu
922 425 1139 464 terrorem.
1190 422 1322 476 Spero
1349 423 1490 476 etiam,

155 481 354 535 quoniam
397 481 533 522 adhuc
581 481 691 522 nihil
726 481 850 522 nobis
895 481 1034 522 obfuit
1077 482 1106 535 †
1131 481 1240 522 nihil
1282 484 1490 522 mutasset

152 540 422 594 neglegentia
456 540 537 581 hoc
576 540 688 594 quod
724 554 819 581 cum
855 540 1024 580 fortiter
1062 543 1104 581 et
1141 540 1366 595 diligenter
1395 543 1490 581 tum

155 599 283 639 etiam
320 598 566 639 mehercule.
628 598 756 639 Modo
795 598 906 639 enim
938 599 1080 639 audivi
1112 602 1363 652 quartanam
1394 614 1417 640 a
1448 602 1490 639 te

0 681 5 716 ι
156 657 408 698 discessisse.
476 657 646 711 Moriar,
690 657 726 698 si
767 657 904 712 magis
942 657 1185 712 gauderem,
1229 658 1266 698 si
1303 658 1347 698 id
1384 657 1490 698 mihi

103 734 136 759 ιο
157 716 388 756 accidisset.
455 715 586 756 Piliae
630 715 695 756 dic
737 730 825 756 non
861 730 952 756 esse
994 730 1174 769 aequum
1206 730 1298 757 eam
1330 716 1490 757 diutius

154 773 310 815 habere
346 788 422 815 nec
462 774 506 814 id
543 788 631 815 esse
667 777 832 815 vestrae
873 774 1128 816 concordiae.
1190 774 1389 816 Tironem
1418 789 1492 816 no-

156 835 293 874 strum
333 833 384 873 ab
428 833 559 873 altera
596 833 791 873 relictum
829 833 964 874 audio.
1036 831 1118 874 Sed
1156 847 1251 874 eum
1287 833 1410 874 video
1447 834 1494 874 in

156 894 374 957 sumptum
415 891 467 932 ab
500 892 594 932 aliis
626 894 885 946 mutuatum3
927 905 1004 946 ego
1037 894 1177 932 autem
1210 890 1386 933 Curium
1416 906 1494 933 no-

157 952 306 1004 strum,
337 950 373 990 si
406 950 507 1015 quid
540 964 645 1003 opus
678 952 800 1004 esset,
830 963 1037 1004 rog·.a1am
1088 950 1201 991 Malo
1229 950 1397 991 Tironis
1424 965 1513 1000 ves

104 1027 138 1052 15
157 984 400 1050 recundiam
430 1009 472 1049 in
500 1009 623 1062 culpa
655 1023 745 1049 esse
777 1023 904 1062 quam
935 1008 1281 1050 inliberalitatem
1313 1008 1425 1050 Curi.

778 1124 872 1166 VH.

222 1205 296 1241 Ser.
317 1206 359 1240 in
386 1205 588 1240 Formiano
619 1205 701 1239 VII
721 1206 768 1240 K.
792 1206 920 1248 Marc„
945 1210 987 1240 ut
1010 1206 1164 1249 videtur,
1189 1217 1222 1240 α.
1245 1208 1316 1242 705
1343 1208 1435 1251 (49).

581 1286 749 1321 CICERO
775 1286 948 1321 ATTICO
976 1287 1073 1321 SAL.

245 1358 390 1400 Unum
421 1359 549 1400 etiam
579 1361 713 1400 restat
743 1359 876 1400 amico
902 1362 1050 1400 nostro
1078 1359 1130 1400 ad
1157 1374 1280 1400 omne
1305 1359 1494 1412 dedecus,

105 1436 140 1460 20
158 1420 206 1458 ut
242 1416 433 1458 Domitio
470 1432 558 1458 non
595 1417 827 1458 subveniat.
896 1417 970 1458 <At
1007 1432 1129 1458 nemo
1168 1418 1354 1473 dubitat,
1392 1418 1496 1472 quin

161 1475 349 1516 subsidio
388 1478 590 1517 venturus
624 1475 707 1517 sit.’
767 1476 862 1530 Ego
894 1490 982 1517 non
1012 1479 1128 1530 puto.
1191 1476 1382 1518 ‘Deseret
1414 1477 1497 1530 igi-

159 1538 230 1575 tur
260 1534 390 1574 talem
422 1534 555 1575 civem
587 1537 628 1575 et
660 1549 749 1588 eos,
788 1549 893 1588 quos
926 1549 1008 1575 una
1041 1535 1120 1575 scis
1154 1549 1255 1588 esse,
1295 1549 1390 1575 cum
1420 1535 1496 1575 ha-

159 1592 258 1633 beat
295 1592 544 1645 praesertim
584 1592 620 1632 is
661 1592 752 1646 ipse
789 1592 984 1633 cohortes
1022 1593 1245 1648 triginta‘.>²
1294 1592 1391 1634 Nisi
1428 1608 1495 1634 me

162 1651 303 1692 omnia
334 1650 506 1704 fallunt,
547 1650 718 1691 deseret.
780 1650 1092 1692 Incredibiliter
1123 1652 1355 1704 pertimuit,
1386 1651 1497 1692 nihil

109 1727 143 1753 25
163 1712 326 1763 spectat
364 1709 448 1749 nisi
483 1709 639 1763 fugam.
701 1708 809 1757 Quoi
850 1712 898 1749 tu
930 1708 1069 1764 (video
1102 1710 1232 1764 enim,
1270 1709 1370 1763 quid
1402 1724 1496 1750 sen-

161 1767 263 1823 tias)
295 1782 362 1808 me
393 1767 591 1808 comitem
622 1769 746 1820 putas
780 1767 929 1807 debere
955 1782 1056 1808 esse.
1107 1767 1200 1822 Ego
1226 1782 1339 1822 vero,
1371 1782 1495 1821 quem

162 1826 339 1881 fugiam,
376 1826 523 1879 habeo,
555 1839 679 1879 quem
712 1839 875 1879 sequar,
906 1840 993 1866 11011
1022 1825 1168 1866 habeo.
1231 1825 1353 1873 Quod
1384 1827 1497 1866 enim

163 1887 212 1925 tu
252 1899 393 1925 meum
437 1884 581 1924 laudas
624 1886 665 1923 et
701 1883 1019 1924 memorandum
1056 1884 1177 1937 dicis,
1219 1884 1345 1924 malle
1384 1885 1498 1938 quod

166 1942 342 1983 dixerim
378 1957 444 1983 me
482 1957 577 1983 cum
610 1940 810 1995 Pompeio
853 1942 963 1982 vinci
1002 1957 1127 1995 quam
1158 1957 1252 1982 cum
1284 1943 1377 1983 istis
1409 1943 1499 1983 vin-

113 2018 147 2043 30
166 2015 274 2056 cere,
311 2015 388 2055 ego
419 2015 517 2041 vero
549 2000 679 2054 malo,
719 2000 791 2040 sed
823 2014 917 2040 cum
948 2000 1023 2040 illo
1055 2000 1269 2055 Pompeio,
1300 2001 1374 2054 qui
1404 2003 1498 2042 tum

167 2061 273 2113 erat,
309 2062 381 2099 aut
413 2060 485 2112 qui
516 2059 622 2099 mihi
655 2072 744 2099 esse
775 2058 1008 2113 videbatur,
1044 2073 1138 2099 cum
1169 2059 1250 2099 hoc
1281 2073 1392 2113 vero,
1424 2060 1498 2113 qui

166 2119 263 2157 ante
294 2117 423 2171 fugit,
463 2132 589 2171 quam
622 2117 718 2171 scit,
756 2119 828 2157 aut
861 2131 985 2170 quem
1017 2117 1155 2171 fugiat
1186 2120 1259 2157 aut
1291 2132 1386 2171 quo,
1425 2118 1499 2171 qui

165 2177 312 2216 nostra
344 2175 529 2230 tradidit,
560 2176 634 2229 qui
664 2175 845 2229 patriam
873 2175 1058 2230 reliquit,
1089 2175 1257 2216 Italiam
1281 2176 1499 2231 relinquit,

166 2233 203 2274 si
238 2233 386 2287 malui,
429 2234 630 2288 contigit,
669 2234 806 2274 victus
845 2248 949 2274 sum.
1018 2232 1138 2282 Quod
1175 2237 1384 2289 superest7
1422 2248 1500 2275 neo

114 2309 147 2335 35
167 2292 249 2333 ista
280 2291 420 2333 videre
450 2306 635 2346 possum,
669 2306 775 2346 quae
804 2306 1036 2345 numquam
1067 2292 1192 2332 timui
1222 2307 1275 2333 ne
1302 2293 1501 2348 viderem,

1521 1780 1542 1809 Na
