<?xml version="1.0" encoding="UTF-8"?>
<!DOCTYPE html PUBLIC "-//W3C//DTD XHTML 1.0 Transitional//EN"
    "http://www.w3.org/TR/xhtml1/DTD/xhtml1-transitional.dtd">
<html xmlns="http://www.w3.org/1999/xhtml" xml:lang="en" lang="en">
 <head>
  <title>
</title>
<meta http-equiv="Content-Type" content="text/html;charset=utf-8" />
  <meta name='ocr-system' content='tesseract 3.04.00' />
  <meta name='ocr-capabilities' content='ocr_page ocr_carea ocr_par ocr_line ocrx_word'/>
</head>
<body>
  <div class='ocr_page' id='page_1' title='image "./p2scriptaquaemanse03ciceuoft_0421.png"; bbox 0 0 1665 2553; ppageno 0'>
   <div class='ocr_carea' id='block_1_1' title="bbox 278 78 1438 120">
    <p class='ocr_par' dir='ltr' id='par_1_1' title="bbox 278 78 1438 120">
     <span class='ocr_line' id='line_1_1' title="bbox 278 78 1438 120; baseline 0.001 -8"><span class='ocrx_word' id='word_1_1' title='bbox 278 78 620 113; x_wconf 84' lang='lat' dir='ltr'><strong>EPISTULARUM</strong></span> <span class='ocrx_word' id='word_1_2' title='bbox 644 78 710 112; x_wconf 87' lang='lat' dir='ltr'>AD</span> <span class='ocrx_word' id='word_1_3' title='bbox 734 78 951 113; x_wconf 88' lang='lat' dir='ltr'><strong>ATTICUM</strong></span> <span class='ocrx_word' id='word_1_4' title='bbox 973 79 1060 113; x_wconf 84' lang='lat' dir='ltr'><strong>VIII</strong></span> <span class='ocrx_word' id='word_1_5' title='bbox 1086 79 1252 114; x_wconf 87' lang='lat' dir='ltr'>11B—D.</span> <span class='ocrx_word' id='word_1_6' title='bbox 1352 79 1438 120; x_wconf 77' lang='grc'>239</span> 
     </span>
    </p>
   </div>
   <div class='ocr_carea' id='block_1_2' title="bbox 89 174 1439 334">
    <p class='ocr_par' dir='ltr' id='par_1_2' title="bbox 89 174 1439 334">
     <span class='ocr_line' id='line_1_2' title="bbox 89 174 1439 229; baseline 0.001 -14"><span class='ocrx_word' id='word_1_7' title='bbox 89 188 170 216; x_wconf 88' lang='grc'>1103</span> <span class='ocrx_word' id='word_1_8' title='bbox 201 174 408 228; x_wconf 83' lang='lat' dir='ltr'>conferas,</span> <span class='ocrx_word' id='word_1_9' title='bbox 440 176 489 215; x_wconf 94' lang='lat' dir='ltr'>ut</span> <span class='ocrx_word' id='word_1_10' title='bbox 520 174 735 216; x_wconf 85' lang='lat' dir='ltr'>communi</span> <span class='ocrx_word' id='word_1_11' title='bbox 767 175 944 216; x_wconf 90' lang='lat' dir='ltr'>consilio</span> <span class='ocrx_word' id='word_1_12' title='bbox 977 175 1039 216; x_wconf 90' lang='lat' dir='ltr'>rei</span> <span class='ocrx_word' id='word_1_13' title='bbox 1070 175 1267 229; x_wconf 89' lang='lat' dir='ltr'>publicae</span> <span class='ocrx_word' id='word_1_14' title='bbox 1300 174 1439 216; x_wconf 89' lang='lat' dir='ltr'>adflic-</span> 
     </span>
     <span class='ocr_line' id='line_1_3' title="bbox 92 233 1439 289; baseline 0 -15"><span class='ocrx_word' id='word_1_15' title='bbox 92 236 161 274; x_wconf 90' lang='lat' dir='ltr'>tae</span> <span class='ocrx_word' id='word_1_16' title='bbox 193 247 315 287; x_wconf 90' lang='lat' dir='ltr'>opem</span> <span class='ocrx_word' id='word_1_17' title='bbox 347 235 473 287; x_wconf 84' lang='lat' dir='ltr'>atque</span> <span class='ocrx_word' id='word_1_18' title='bbox 505 234 711 274; x_wconf 82' lang='lat' dir='ltr'>auxilium</span> <span class='ocrx_word' id='word_1_19' title='bbox 741 233 936 275; x_wconf 88' lang='lat' dir='ltr'>feramus.</span> <span class='ocrx_word' id='word_1_20' title='bbox 1001 233 1172 289; x_wconf 89' lang='lat' dir='ltr'>Censeo,</span> <span class='ocrx_word' id='word_1_21' title='bbox 1203 234 1271 275; x_wconf 80' lang='lat' dir='ltr'>via</span> <span class='ocrx_word' id='word_1_22' title='bbox 1296 233 1439 288; x_wconf 88' lang='lat' dir='ltr'>Appia</span> 
     </span>
     <span class='ocr_line' id='line_1_4' title="bbox 91 292 1125 334; baseline 0.002 -2"><span class='ocrx_word' id='word_1_23' title='bbox 91 292 174 333; x_wconf 90' lang='lat' dir='ltr'>iter</span> <span class='ocrx_word' id='word_1_24' title='bbox 204 292 332 332; x_wconf 89' lang='lat' dir='ltr'>facias</span> <span class='ocrx_word' id='word_1_25' title='bbox 367 295 408 332; x_wconf 85' lang='lat' dir='ltr'>et</span> <span class='ocrx_word' id='word_1_26' title='bbox 440 292 631 333; x_wconf 74' lang='lat' dir='ltr'>celeriter</span> <span class='ocrx_word' id='word_1_27' title='bbox 662 292 938 334; x_wconf 81' lang='lat' dir='ltr'>Brundisium</span> <span class='ocrx_word' id='word_1_28' title='bbox 968 293 1125 334; x_wconf 80' lang='lat' dir='ltr'>venias.</span> 
     </span>
    </p>
   </div>
   <div class='ocr_carea' id='block_1_3' title="bbox 57 409 1192 535">
    <p class='ocr_par' dir='ltr' id='par_1_3' title="bbox 57 409 1192 535">
     <span class='ocr_line' id='line_1_5' title="bbox 743 409 793 451; baseline 0.02 -1"><span class='ocrx_word' id='word_1_29' title='bbox 743 409 793 451; x_wconf 91' lang='lat' dir='ltr'>D.</span> 
     </span>
     <span class='ocr_line' id='line_1_6' title="bbox 57 489 1192 535; baseline 0.003 -12"><span class='ocrx_word' id='word_1_30' title='bbox 57 497 74 522; x_wconf 86' lang='lat'>5</span> <span class='ocrx_word' id='word_1_31' title='bbox 336 489 409 524; x_wconf 75' lang='lat' dir='ltr'>Ser.</span> <span class='ocrx_word' id='word_1_32' title='bbox 437 490 600 524; x_wconf 78' lang='lat' dir='ltr'>Formiis</span> <span class='ocrx_word' id='word_1_33' title='bbox 624 491 700 524; x_wconf 86' lang='lat' dir='ltr'>III</span> <span class='ocrx_word' id='word_1_34' title='bbox 720 491 768 524; x_wconf 88' lang='lat' dir='ltr'>K.</span> <span class='ocrx_word' id='word_1_35' title='bbox 797 491 912 525; x_wconf 79' lang='lat' dir='ltr'>Mart.</span> <span class='ocrx_word' id='word_1_36' title='bbox 941 503 973 526; x_wconf 85' lang='lat' dir='ltr'>a.</span> <span class='ocrx_word' id='word_1_37' title='bbox 1002 494 1074 526; x_wconf 80' lang='lat'>705</span> <span class='ocrx_word' id='word_1_38' title='bbox 1102 493 1192 535; x_wconf 68' lang='lat'><em>(49).</em></span> 
     </span>
    </p>
   </div>
   <div class='ocr_carea' id='block_1_4' title="bbox 252 571 1278 608">
    <p class='ocr_par' dir='ltr' id='par_1_4' title="bbox 252 571 1278 608">
     <span class='ocr_line' id='line_1_7' title="bbox 252 571 1278 608; baseline 0.003 -3"><span class='ocrx_word' id='word_1_39' title='bbox 252 572 300 606; x_wconf 88' lang='lat' dir='ltr'>M.</span> <span class='ocrx_word' id='word_1_40' title='bbox 328 571 496 607; x_wconf 83' lang='lat' dir='ltr'><strong>CICERO</strong></span> <span class='ocrx_word' id='word_1_41' title='bbox 526 572 623 606; x_wconf 80' lang='lat' dir='ltr'><strong>IMP.</strong></span> <span class='ocrx_word' id='word_1_42' title='bbox 652 572 685 607; x_wconf 81' lang='lat' dir='ltr'>S.</span> <span class='ocrx_word' id='word_1_43' title='bbox 713 572 755 607; x_wconf 89' lang='lat' dir='ltr'>D.</span> <span class='ocrx_word' id='word_1_44' title='bbox 783 572 856 608; x_wconf 89' lang='lat' dir='ltr'>CN.</span> <span class='ocrx_word' id='word_1_45' title='bbox 883 573 1057 608; x_wconf 83' lang='lat' dir='ltr'>MAGNO</span> <span class='ocrx_word' id='word_1_46' title='bbox 1084 572 1278 608; x_wconf 86' lang='lat' dir='ltr'>PROCOS.</span> 
     </span>
    </p>
   </div>
   <div class='ocr_carea' id='block_1_5' title="bbox 42 642 1441 993">
    <p class='ocr_par' dir='ltr' id='par_1_5' title="bbox 95 642 1441 818">
     <span class='ocr_line' id='line_1_8' title="bbox 184 642 1439 699; baseline 0.001 -14"><span class='ocrx_word' id='word_1_47' title='bbox 184 642 291 685; x_wconf 90' lang='lat' dir='ltr'>Cum</span> <span class='ocrx_word' id='word_1_48' title='bbox 323 644 374 685; x_wconf 89' lang='lat' dir='ltr'>ad</span> <span class='ocrx_word' id='word_1_49' title='bbox 404 647 447 685; x_wconf 90' lang='lat' dir='ltr'>te</span> <span class='ocrx_word' id='word_1_50' title='bbox 476 644 644 685; x_wconf 88' lang='lat' dir='ltr'>litteras</span> <span class='ocrx_word' id='word_1_51' title='bbox 670 644 894 698; x_wconf 81' lang='lat' dir='ltr'>misissem,</span> <span class='ocrx_word' id='word_1_52' title='bbox 927 659 1034 699; x_wconf 88' lang='lat' dir='ltr'>quae</span> <span class='ocrx_word' id='word_1_53' title='bbox 1059 645 1141 686; x_wconf 87' lang='lat' dir='ltr'>tibi</span> <span class='ocrx_word' id='word_1_54' title='bbox 1168 644 1326 686; x_wconf 80' lang='lat' dir='ltr'>Canusi</span> <span class='ocrx_word' id='word_1_55' title='bbox 1350 645 1439 686; x_wconf 89' lang='lat' dir='ltr'>red-</span> 
     </span>
     <span class='ocr_line' id='line_1_9' title="bbox 95 703 1440 758; baseline 0.001 -15"><span class='ocrx_word' id='word_1_56' title='bbox 95 703 207 744; x_wconf 91' lang='lat' dir='ltr'>ditae</span> <span class='ocrx_word' id='word_1_57' title='bbox 239 706 350 757; x_wconf 91' lang='lat' dir='ltr'>sunt,</span> <span class='ocrx_word' id='word_1_58' title='bbox 382 703 666 757; x_wconf 88' lang='lat' dir='ltr'>suspicionem</span> <span class='ocrx_word' id='word_1_59' title='bbox 696 704 858 744; x_wconf 89' lang='lat' dir='ltr'>nullam</span> <span class='ocrx_word' id='word_1_60' title='bbox 888 704 1098 745; x_wconf 82' lang='lat' dir='ltr'>habebam</span> <span class='ocrx_word' id='word_1_61' title='bbox 1129 707 1172 745; x_wconf 90' lang='lat' dir='ltr'>te</span> <span class='ocrx_word' id='word_1_62' title='bbox 1209 705 1271 745; x_wconf 91' lang='lat' dir='ltr'>rei</span> <span class='ocrx_word' id='word_1_63' title='bbox 1302 704 1440 758; x_wconf 87' lang='lat' dir='ltr'>publi-</span> 
     </span>
     <span class='ocr_line' id='line_1_10' title="bbox 96 762 1441 818; baseline 0.001 -16"><span class='ocrx_word' id='word_1_64' title='bbox 96 776 166 803; x_wconf 92' lang='lat' dir='ltr'>cae</span> <span class='ocrx_word' id='word_1_65' title='bbox 198 776 323 803; x_wconf 89' lang='lat' dir='ltr'>causa</span> <span class='ocrx_word' id='word_1_66' title='bbox 361 776 475 802; x_wconf 88' lang='lat' dir='ltr'>mare</span> <span class='ocrx_word' id='word_1_67' title='bbox 516 762 799 803; x_wconf 88' lang='lat' dir='ltr'>transiturum</span> <span class='ocrx_word' id='word_1_68' title='bbox 844 777 1040 816; x_wconf 86' lang='lat' dir='ltr'>eramque</span> <span class='ocrx_word' id='word_1_69' title='bbox 1084 763 1129 804; x_wconf 88' lang='lat' dir='ltr'>in</span> <span class='ocrx_word' id='word_1_70' title='bbox 1170 778 1244 817; x_wconf 89' lang='lat' dir='ltr'>spe</span> <span class='ocrx_word' id='word_1_71' title='bbox 1284 777 1441 818; x_wconf 83' lang='lat' dir='ltr'>magna</span> 
     </span>
    </p>

    <p class='ocr_par' dir='ltr' id='par_1_6' title="bbox 42 819 1441 993">
     <span class='ocr_line' id='line_1_11' title="bbox 42 819 1441 877; baseline 0 -15"><span class='ocrx_word' id='word_1_72' title='bbox 42 837 77 862; x_wconf 81' lang='grc'>10</span> <span class='ocrx_word' id='word_1_73' title='bbox 94 821 185 861; x_wconf 91' lang='lat' dir='ltr'>fore</span> <span class='ocrx_word' id='word_1_74' title='bbox 217 823 265 861; x_wconf 93' lang='lat' dir='ltr'>ut</span> <span class='ocrx_word' id='word_1_75' title='bbox 296 821 342 861; x_wconf 89' lang='lat' dir='ltr'>in</span> <span class='ocrx_word' id='word_1_76' title='bbox 365 819 490 861; x_wconf 88' lang='lat' dir='ltr'>Italia</span> <span class='ocrx_word' id='word_1_77' title='bbox 521 835 741 874; x_wconf 87' lang='lat' dir='ltr'>possemus</span> <span class='ocrx_word' id='word_1_78' title='bbox 774 824 847 862; x_wconf 87' lang='lat' dir='ltr'>aut</span> <span class='ocrx_word' id='word_1_79' title='bbox 873 822 1141 863; x_wconf 80' lang='lat' dir='ltr'>concordiam</span> <span class='ocrx_word' id='word_1_80' title='bbox 1167 822 1441 877; x_wconf 89' lang='lat' dir='ltr'>constituere,</span> 
     </span>
     <span class='ocr_line' id='line_1_12' title="bbox 97 879 1440 934; baseline 0.001 -15"><span class='ocrx_word' id='word_1_81' title='bbox 97 894 180 933; x_wconf 91' lang='lat' dir='ltr'>qua</span> <span class='ocrx_word' id='word_1_82' title='bbox 210 879 317 920; x_wconf 83' lang='grc'>1111111</span> <span class='ocrx_word' id='word_1_83' title='bbox 353 879 462 920; x_wconf 85' lang='grc'>1111111</span> <span class='ocrx_word' id='word_1_84' title='bbox 504 880 653 920; x_wconf 84' lang='lat' dir='ltr'>utilius</span> <span class='ocrx_word' id='word_1_85' title='bbox 695 880 936 933; x_wconf 82' lang='lat' dir='ltr'>videbatur,</span> <span class='ocrx_word' id='word_1_86' title='bbox 979 883 1052 921; x_wconf 90' lang='lat' dir='ltr'>aut</span> <span class='ocrx_word' id='word_1_87' title='bbox 1094 895 1184 921; x_wconf 89' lang='lat' dir='ltr'>rem</span> <span class='ocrx_word' id='word_1_88' title='bbox 1224 880 1440 934; x_wconf 82' lang='lat' dir='ltr'>publicam</span> 
     </span>
     <span class='ocr_line' id='line_1_13' title="bbox 96 938 1440 993; baseline 0.001 -15"><span class='ocrx_word' id='word_1_89' title='bbox 96 953 260 979; x_wconf 86' lang='lat' dir='ltr'>summa</span> <span class='ocrx_word' id='word_1_90' title='bbox 285 953 380 979; x_wconf 87' lang='lat' dir='ltr'>cum</span> <span class='ocrx_word' id='word_1_91' title='bbox 406 938 614 993; x_wconf 71' lang='lat' dir='ltr'>dignitate</span> <span class='ocrx_word' id='word_1_92' title='bbox 640 939 870 980; x_wconf 85' lang='lat' dir='ltr'>defendere.</span> <span class='ocrx_word' id='word_1_93' title='bbox 915 938 1094 980; x_wconf 84' lang='lat' dir='ltr'>Interim</span> <span class='ocrx_word' id='word_1_94' title='bbox 1119 940 1309 980; x_wconf 90' lang='lat' dir='ltr'>nondum</span> <span class='ocrx_word' id='word_1_95' title='bbox 1332 940 1440 980; x_wconf 89' lang='lat' dir='ltr'>meis</span> 
     </span>
    </p>
   </div>
   <div class='ocr_carea' id='block_1_6' title="bbox 95 996 1512 1051">
    <p class='ocr_par' dir='ltr' id='par_1_7' title="bbox 95 996 1512 1051">
     <span class='ocr_line' id='line_1_14' title="bbox 95 996 1512 1051; baseline 0.001 -14"><span class='ocrx_word' id='word_1_96' title='bbox 95 997 253 1038; x_wconf 89' lang='lat' dir='ltr'>litteris</span> <span class='ocrx_word' id='word_1_97' title='bbox 285 997 337 1037; x_wconf 89' lang='lat' dir='ltr'>ad</span> <span class='ocrx_word' id='word_1_98' title='bbox 367 1000 410 1037; x_wconf 89' lang='lat' dir='ltr'>te</span> <span class='ocrx_word' id='word_1_99' title='bbox 441 997 616 1050; x_wconf 87' lang='lat' dir='ltr'>perlatis</span> <span class='ocrx_word' id='word_1_100' title='bbox 649 1012 698 1038; x_wconf 80' lang='lat' dir='ltr'>ex</span> <span class='ocrx_word' id='word_1_101' title='bbox 730 997 784 1038; x_wconf 91' lang='lat' dir='ltr'>iis</span> <span class='ocrx_word' id='word_1_102' title='bbox 816 997 1040 1051; x_wconf 88' lang='lat' dir='ltr'>mandatis,</span> <span class='ocrx_word' id='word_1_103' title='bbox 1073 1013 1179 1051; x_wconf 88' lang='lat' dir='ltr'>quae</span> <span class='ocrx_word' id='word_1_104' title='bbox 1210 997 1260 1039; x_wconf 90' lang='lat' dir='ltr'>D.</span> <span class='ocrx_word' id='word_1_105' title='bbox 1293 996 1440 1039; x_wconf 88' lang='lat' dir='ltr'>Laelio</span> <span class='ocrx_word' id='word_1_106' title='bbox 1505 996 1512 999; x_wconf 65' lang='grc'><em>”</em></span> 
     </span>
    </p>
   </div>
   <div class='ocr_carea' id='block_1_7' title="bbox 0 1055 1442 2279">
    <p class='ocr_par' dir='ltr' id='par_1_8' title="bbox 0 1055 1441 1697">
     <span class='ocr_line' id='line_1_15' title="bbox 97 1055 1441 1109; baseline 0.001 -13"><span class='ocrx_word' id='word_1_107' title='bbox 97 1055 149 1096; x_wconf 82' lang='grc'>3(1</span> <span class='ocrx_word' id='word_1_108' title='bbox 180 1056 373 1096; x_wconf 90' lang='lat' dir='ltr'>consules</span> <span class='ocrx_word' id='word_1_109' title='bbox 406 1055 590 1109; x_wconf 80' lang='lat' dir='ltr'>dederas,</span> <span class='ocrx_word' id='word_1_110' title='bbox 623 1056 779 1097; x_wconf 88' lang='lat' dir='ltr'>certior</span> <span class='ocrx_word' id='word_1_111' title='bbox 804 1056 869 1096; x_wconf 88' lang='lat' dir='ltr'>tui</span> <span class='ocrx_word' id='word_1_112' title='bbox 894 1057 1062 1098; x_wconf 88' lang='lat' dir='ltr'>consilii</span> <span class='ocrx_word' id='word_1_113' title='bbox 1087 1057 1224 1097; x_wconf 86' lang='lat' dir='ltr'>factus</span> <span class='ocrx_word' id='word_1_114' title='bbox 1255 1071 1342 1098; x_wconf 90' lang='lat' dir='ltr'>non</span> <span class='ocrx_word' id='word_1_115' title='bbox 1374 1072 1441 1097; x_wconf 80' lang='lat' dir='ltr'>ex-</span> 
     </span>
     <span class='ocr_line' id='line_1_16' title="bbox 0 1114 1441 1170; baseline 0.001 -16"><span class='ocrx_word' id='word_1_116' title='bbox 0 1151 1 1154; x_wconf 65' lang='lat'>,</span> <span class='ocrx_word' id='word_1_117' title='bbox 43 1130 77 1156; x_wconf 86' lang='lat'>15</span> <span class='ocrx_word' id='word_1_118' title='bbox 98 1115 302 1169; x_wconf 85' lang='lat' dir='ltr'>spectavi,</span> <span class='ocrx_word' id='word_1_119' title='bbox 347 1114 446 1155; x_wconf 89' lang='lat' dir='ltr'>dum</span> <span class='ocrx_word' id='word_1_120' title='bbox 490 1115 595 1155; x_wconf 89' lang='grc'>1111111</span> <span class='ocrx_word' id='word_1_121' title='bbox 639 1130 662 1155; x_wconf 87' lang='grc'>3</span> <span class='ocrx_word' id='word_1_122' title='bbox 705 1117 748 1155; x_wconf 90' lang='lat' dir='ltr'>te</span> <span class='ocrx_word' id='word_1_123' title='bbox 791 1115 959 1156; x_wconf 72' lang='lat' dir='ltr'>litterae</span> <span class='ocrx_word' id='word_1_124' title='bbox 1003 1115 1295 1170; x_wconf 81' lang='lat' dir='ltr'>redderentur,</span> <span class='ocrx_word' id='word_1_125' title='bbox 1345 1130 1441 1156; x_wconf 89' lang='lat' dir='ltr'>con-</span> 
     </span>
     <span class='ocr_line' id='line_1_17' title="bbox 0 1172 1439 1226; baseline 0.001 -13"><span class='ocrx_word' id='word_1_126' title='bbox 0 1180 1 1185; x_wconf 77' lang='grc'>’</span> <span class='ocrx_word' id='word_1_127' title='bbox 96 1173 323 1226; x_wconf 70' lang='lat' dir='ltr'>festinique</span> <span class='ocrx_word' id='word_1_128' title='bbox 361 1187 456 1214; x_wconf 89' lang='lat' dir='ltr'>cum</span> <span class='ocrx_word' id='word_1_129' title='bbox 494 1172 651 1221; x_wconf 83' lang='lat' dir='ltr'>Quinto</span> <span class='ocrx_word' id='word_1_130' title='bbox 695 1173 827 1214; x_wconf 81' lang='lat' dir='ltr'>fratre</span> <span class='ocrx_word' id='word_1_131' title='bbox 872 1176 913 1215; x_wconf 89' lang='lat' dir='ltr'>et</span> <span class='ocrx_word' id='word_1_132' title='bbox 951 1189 1045 1215; x_wconf 87' lang='lat' dir='ltr'>cum</span> <span class='ocrx_word' id='word_1_133' title='bbox 1088 1174 1234 1216; x_wconf 88' lang='lat' dir='ltr'>liberis</span> <span class='ocrx_word' id='word_1_134' title='bbox 1278 1174 1439 1215; x_wconf 88' lang='lat' dir='ltr'>nostris</span> 
     </span>
     <span class='ocr_line' id='line_1_18' title="bbox 96 1231 1440 1286; baseline 0.001 -14"><span class='ocrx_word' id='word_1_135' title='bbox 96 1232 178 1273; x_wconf 88' lang='lat' dir='ltr'>iter</span> <span class='ocrx_word' id='word_1_136' title='bbox 222 1232 274 1272; x_wconf 90' lang='lat' dir='ltr'>ad</span> <span class='ocrx_word' id='word_1_137' title='bbox 315 1234 358 1272; x_wconf 90' lang='lat' dir='ltr'>te</span> <span class='ocrx_word' id='word_1_138' title='bbox 401 1232 446 1272; x_wconf 87' lang='lat' dir='ltr'>in</span> <span class='ocrx_word' id='word_1_139' title='bbox 481 1231 684 1285; x_wconf 85' lang='lat' dir='ltr'>Apuliam</span> <span class='ocrx_word' id='word_1_140' title='bbox 726 1232 862 1273; x_wconf 85' lang='lat' dir='ltr'>facere</span> <span class='ocrx_word' id='word_1_141' title='bbox 905 1233 1034 1286; x_wconf 89' lang='lat' dir='ltr'>coepi.</span> <span class='ocrx_word' id='word_1_142' title='bbox 1103 1231 1211 1273; x_wconf 91' lang='lat' dir='ltr'>Cum</span> <span class='ocrx_word' id='word_1_143' title='bbox 1251 1232 1440 1274; x_wconf 89' lang='lat' dir='ltr'>Teanum</span> 
     </span>
     <span class='ocr_line' id='line_1_19' title="bbox 99 1289 1440 1346; baseline 0.001 -16"><span class='ocrx_word' id='word_1_144' title='bbox 99 1289 332 1331; x_wconf 80' lang='lat' dir='ltr'>Sidicinum</span> <span class='ocrx_word' id='word_1_145' title='bbox 362 1291 583 1344; x_wconf 81' lang='lat' dir='ltr'>venissem,</span> <span class='ocrx_word' id='word_1_146' title='bbox 616 1289 659 1332; x_wconf 91' lang='lat' dir='ltr'>C.</span> <span class='ocrx_word' id='word_1_147' title='bbox 692 1290 893 1346; x_wconf 89' lang='lat' dir='ltr'>Messius,</span> <span class='ocrx_word' id='word_1_148' title='bbox 924 1291 1146 1332; x_wconf 87' lang='lat' dir='ltr'>familiaris</span> <span class='ocrx_word' id='word_1_149' title='bbox 1178 1294 1297 1346; x_wconf 89' lang='lat' dir='ltr'>tuus,</span> <span class='ocrx_word' id='word_1_150' title='bbox 1334 1291 1440 1332; x_wconf 89' lang='lat' dir='ltr'>mihi</span> 
     </span>
     <span class='ocr_line' id='line_1_20' title="bbox 99 1348 1440 1404; baseline 0.001 -15"><span class='ocrx_word' id='word_1_151' title='bbox 99 1348 206 1389; x_wconf 86' lang='lat' dir='ltr'>dixit</span> <span class='ocrx_word' id='word_1_152' title='bbox 238 1349 394 1402; x_wconf 89' lang='lat' dir='ltr'>aliique</span> <span class='ocrx_word' id='word_1_153' title='bbox 425 1349 662 1403; x_wconf 89' lang='lat' dir='ltr'>complures</span> <span class='ocrx_word' id='word_1_154' title='bbox 695 1348 918 1391; x_wconf 88' lang='lat' dir='ltr'>Caesarem</span> <span class='ocrx_word' id='word_1_155' title='bbox 949 1350 1031 1391; x_wconf 90' lang='lat' dir='ltr'>iter</span> <span class='ocrx_word' id='word_1_156' title='bbox 1061 1349 1218 1390; x_wconf 85' lang='lat' dir='ltr'>habere</span> <span class='ocrx_word' id='word_1_157' title='bbox 1250 1349 1440 1404; x_wconf 84' lang='lat' dir='ltr'>Capuam</span> 
     </span>
     <span class='ocr_line' id='line_1_21' title="bbox 46 1407 1441 1461; baseline 0 -12"><span class='ocrx_word' id='word_1_158' title='bbox 46 1424 79 1449; x_wconf 82' lang='lat'>20</span> <span class='ocrx_word' id='word_1_159' title='bbox 99 1410 140 1448; x_wconf 89' lang='lat' dir='ltr'>et</span> <span class='ocrx_word' id='word_1_160' title='bbox 171 1421 220 1448; x_wconf 87' lang='grc'>60</span> <span class='ocrx_word' id='word_1_161' title='bbox 258 1407 350 1461; x_wconf 90' lang='lat' dir='ltr'>ipso</span> <span class='ocrx_word' id='word_1_162' title='bbox 383 1407 449 1448; x_wconf 87' lang='lat' dir='ltr'>die</span> <span class='ocrx_word' id='word_1_163' title='bbox 488 1422 735 1449; x_wconf 88' lang='lat' dir='ltr'>mansurum</span> <span class='ocrx_word' id='word_1_164' title='bbox 773 1422 862 1449; x_wconf 91' lang='lat' dir='ltr'>esse</span> <span class='ocrx_word' id='word_1_165' title='bbox 893 1408 1131 1449; x_wconf 89' lang='lat' dir='ltr'>Aeserniae.</span> <span class='ocrx_word' id='word_1_166' title='bbox 1197 1407 1306 1449; x_wconf 79' lang='lat' dir='ltr'>Sane</span> <span class='ocrx_word' id='word_1_167' title='bbox 1345 1424 1441 1449; x_wconf 91' lang='lat' dir='ltr'>sum</span> 
     </span>
     <span class='ocr_line' id='line_1_22' title="bbox 99 1466 1440 1522; baseline 0.001 -16"><span class='ocrx_word' id='word_1_168' title='bbox 99 1468 354 1521; x_wconf 90' lang='lat' dir='ltr'>commotus,</span> <span class='ocrx_word' id='word_1_169' title='bbox 395 1466 525 1522; x_wconf 88' lang='lat' dir='ltr'>quod,</span> <span class='ocrx_word' id='word_1_170' title='bbox 566 1467 602 1507; x_wconf 93' lang='lat' dir='ltr'>si</span> <span class='ocrx_word' id='word_1_171' title='bbox 631 1467 692 1507; x_wconf 89' lang='lat' dir='ltr'>ita</span> <span class='ocrx_word' id='word_1_172' title='bbox 725 1470 853 1520; x_wconf 90' lang='lat' dir='ltr'>esset,</span> <span class='ocrx_word' id='word_1_173' title='bbox 894 1482 983 1508; x_wconf 90' lang='lat' dir='ltr'>non</span> <span class='ocrx_word' id='word_1_174' title='bbox 1019 1467 1143 1508; x_wconf 92' lang='lat' dir='ltr'>modo</span> <span class='ocrx_word' id='word_1_175' title='bbox 1184 1467 1266 1508; x_wconf 90' lang='lat' dir='ltr'>iter</span> <span class='ocrx_word' id='word_1_176' title='bbox 1298 1482 1440 1508; x_wconf 91' lang='lat' dir='ltr'>meum</span> 
     </span>
     <span class='ocr_line' id='line_1_23' title="bbox 98 1524 1440 1580; baseline 0.002 -16"><span class='ocrx_word' id='word_1_177' title='bbox 98 1524 394 1579; x_wconf 89' lang='lat' dir='ltr'>interclusum,</span> <span class='ocrx_word' id='word_1_178' title='bbox 429 1525 501 1565; x_wconf 89' lang='lat' dir='ltr'>sed</span> <span class='ocrx_word' id='word_1_179' title='bbox 531 1539 599 1566; x_wconf 89' lang='lat' dir='ltr'>me</span> <span class='ocrx_word' id='word_1_180' title='bbox 629 1525 770 1579; x_wconf 88' lang='lat' dir='ltr'>ipsum</span> <span class='ocrx_word' id='word_1_181' title='bbox 806 1526 932 1580; x_wconf 86' lang='lat' dir='ltr'>plane</span> <span class='ocrx_word' id='word_1_182' title='bbox 964 1528 1186 1579; x_wconf 83' lang='lat' dir='ltr'>exceptum</span> <span class='ocrx_word' id='word_1_183' title='bbox 1223 1526 1440 1580; x_wconf 84' lang='lat' dir='ltr'>putabam.</span> 
     </span>
     <span class='ocr_line' id='line_1_24' title="bbox 97 1582 1441 1638; baseline 0.001 -15"><span class='ocrx_word' id='word_1_184' title='bbox 97 1582 248 1637; x_wconf 89' lang='lat' dir='ltr'>Itaque</span> <span class='ocrx_word' id='word_1_185' title='bbox 296 1586 389 1623; x_wconf 90' lang='lat' dir='ltr'>tum</span> <span class='ocrx_word' id='word_1_186' title='bbox 433 1582 553 1624; x_wconf 89' lang='lat' dir='ltr'>Cales</span> <span class='ocrx_word' id='word_1_187' title='bbox 596 1584 798 1638; x_wconf 86' lang='lat' dir='ltr'>processi,</span> <span class='ocrx_word' id='word_1_188' title='bbox 842 1587 890 1625; x_wconf 92' lang='lat' dir='ltr'>ut</span> <span class='ocrx_word' id='word_1_189' title='bbox 928 1584 990 1625; x_wconf 88' lang='lat' dir='ltr'>ibi</span> <span class='ocrx_word' id='word_1_190' title='bbox 1026 1584 1300 1638; x_wconf 88' lang='lat' dir='ltr'>potissimum</span> <span class='ocrx_word' id='word_1_191' title='bbox 1345 1599 1441 1625; x_wconf 87' lang='lat' dir='ltr'>con-</span> 
     </span>
     <span class='ocr_line' id='line_1_25' title="bbox 101 1641 1440 1697; baseline 0.001 -15"><span class='ocrx_word' id='word_1_192' title='bbox 101 1642 311 1697; x_wconf 88' lang='lat' dir='ltr'>sisterem,</span> <span class='ocrx_word' id='word_1_193' title='bbox 348 1641 448 1682; x_wconf 91' lang='lat' dir='ltr'>dum</span> <span class='ocrx_word' id='word_1_194' title='bbox 479 1644 640 1682; x_wconf 89' lang='lat' dir='ltr'>certum</span> <span class='ocrx_word' id='word_1_195' title='bbox 669 1642 794 1683; x_wconf 90' lang='lat' dir='ltr'>nobis</span> <span class='ocrx_word' id='word_1_196' title='bbox 827 1642 880 1683; x_wconf 88' lang='lat' dir='ltr'>ab</span> <span class='ocrx_word' id='word_1_197' title='bbox 906 1642 1111 1684; x_wconf 88' lang='lat' dir='ltr'>Aesernia</span> <span class='ocrx_word' id='word_1_198' title='bbox 1145 1643 1193 1683; x_wconf 90' lang='lat' dir='ltr'>de</span> <span class='ocrx_word' id='word_1_199' title='bbox 1226 1657 1292 1697; x_wconf 93' lang='lat' dir='ltr'>eo,</span> <span class='ocrx_word' id='word_1_200' title='bbox 1327 1643 1440 1697; x_wconf 88' lang='lat' dir='ltr'>quod</span> 
     </span>
    </p>

    <p class='ocr_par' dir='ltr' id='par_1_9' title="bbox 48 1700 594 1754">
     <span class='ocr_line' id='line_1_26' title="bbox 48 1700 594 1754; baseline -0.002 -13"><span class='ocrx_word' id='word_1_201' title='bbox 48 1716 81 1741; x_wconf 83' lang='lat'>25</span> <span class='ocrx_word' id='word_1_202' title='bbox 101 1700 327 1754; x_wconf 88' lang='lat' dir='ltr'>audieram,</span> <span class='ocrx_word' id='word_1_203' title='bbox 358 1700 594 1741; x_wconf 83' lang='lat' dir='ltr'>referretur.</span> 
     </span>
    </p>

    <p class='ocr_par' dir='ltr' id='par_1_10' title="bbox 100 1757 1440 1988">
     <span class='ocr_line' id='line_1_27' title="bbox 188 1757 1440 1812; baseline 0.001 -14"><span class='ocrx_word' id='word_1_204' title='bbox 188 1757 247 1799; x_wconf 89' lang='lat' dir='ltr'>At</span> <span class='ocrx_word' id='word_1_205' title='bbox 278 1758 400 1812; x_wconf 88' lang='lat' dir='ltr'>mihi,</span> <span class='ocrx_word' id='word_1_206' title='bbox 441 1773 537 1799; x_wconf 89' lang='lat' dir='ltr'>cum</span> <span class='ocrx_word' id='word_1_207' title='bbox 568 1757 741 1799; x_wconf 88' lang='lat' dir='ltr'>Calibus</span> <span class='ocrx_word' id='word_1_208' title='bbox 775 1773 926 1812; x_wconf 89' lang='lat' dir='ltr'>essem,</span> <span class='ocrx_word' id='word_1_209' title='bbox 971 1759 1159 1799; x_wconf 84' lang='lat' dir='ltr'>adfertur</span> <span class='ocrx_word' id='word_1_210' title='bbox 1195 1759 1440 1799; x_wconf 85' lang='lat' dir='ltr'>litterarum</span> 
     </span>
     <span class='ocr_line' id='line_1_28' title="bbox 100 1816 1439 1870; baseline 0 -13"><span class='ocrx_word' id='word_1_211' title='bbox 100 1820 270 1857; x_wconf 88' lang='lat' dir='ltr'>tuarum</span> <span class='ocrx_word' id='word_1_212' title='bbox 313 1817 569 1870; x_wconf 83' lang='lat' dir='ltr'>exemplum,</span> <span class='ocrx_word' id='word_1_213' title='bbox 612 1831 717 1870; x_wconf 91' lang='lat' dir='ltr'>quas</span> <span class='ocrx_word' id='word_1_214' title='bbox 760 1820 809 1857; x_wconf 91' lang='lat' dir='ltr'>tu</span> <span class='ocrx_word' id='word_1_215' title='bbox 853 1817 903 1857; x_wconf 87' lang='lat' dir='ltr'>ad</span> <span class='ocrx_word' id='word_1_216' title='bbox 948 1816 1178 1857; x_wconf 89' lang='lat' dir='ltr'>Lentulum</span> <span class='ocrx_word' id='word_1_217' title='bbox 1221 1817 1439 1858; x_wconf 89' lang='lat' dir='ltr'>consulem</span> 
     </span>
     <span class='ocr_line' id='line_1_29' title="bbox 100 1875 1437 1929; baseline 0 -14"><span class='ocrx_word' id='word_1_218' title='bbox 100 1875 301 1916; x_wconf 88' lang='lat' dir='ltr'>misisses.</span> <span class='ocrx_word' id='word_1_219' title='bbox 363 1875 455 1916; x_wconf 86' lang='lat' dir='ltr'>Hae</span> <span class='ocrx_word' id='word_1_220' title='bbox 500 1875 681 1928; x_wconf 85' lang='lat' dir='ltr'>scriptae</span> <span class='ocrx_word' id='word_1_221' title='bbox 726 1875 784 1916; x_wconf 89' lang='lat' dir='ltr'>sic</span> <span class='ocrx_word' id='word_1_222' title='bbox 829 1878 964 1929; x_wconf 85' lang='lat' dir='ltr'>erant,</span> <span class='ocrx_word' id='word_1_223' title='bbox 1007 1876 1175 1916; x_wconf 86' lang='lat' dir='ltr'>litteras</span> <span class='ocrx_word' id='word_1_224' title='bbox 1214 1875 1296 1915; x_wconf 91' lang='lat' dir='ltr'>tibi</span> <span class='ocrx_word' id='word_1_225' title='bbox 1337 1891 1360 1916; x_wconf 88' lang='lat' dir='ltr'>a</span> <span class='ocrx_word' id='word_1_226' title='bbox 1391 1875 1437 1916; x_wconf 91' lang='lat' dir='ltr'>L.</span> 
     </span>
     <span class='ocr_line' id='line_1_30' title="bbox 100 1932 1439 1999; baseline 0 -25"><span class='ocrx_word' id='word_1_227' title='bbox 100 1933 293 1974; x_wconf 88' lang='lat' dir='ltr'>Domitio</span> <span class='ocrx_word' id='word_1_228' title='bbox 325 1949 358 1974; x_wconf 89' lang='lat' dir='ltr'>a.</span> <span class='ocrx_word' id='word_1_229' title='bbox 386 1934 532 1975; x_wconf 82' lang='lat' dir='ltr'>d.X111</span> <span class='ocrx_word' id='word_1_230' title='bbox 556 1933 648 1974; x_wconf 83' lang='lat' dir='ltr'>Kal.</span> <span class='ocrx_word' id='word_1_231' title='bbox 675 1933 853 1974; x_wconf 72' lang='lat' dir='ltr'>Martias</span> <span class='ocrx_word' id='word_1_232' title='bbox 885 1934 1034 1974; x_wconf 79' lang='lat' dir='ltr'>allatas</span> <span class='ocrx_word' id='word_1_233' title='bbox 1068 1948 1159 1974; x_wconf 88' lang='lat' dir='ltr'>esse</span> <span class='ocrx_word' id='word_1_234' title='bbox 1190 1932 1439 1999; x_wconf 79' lang='lat' dir='ltr'>(earumque</span> 
     </span>
    </p>

    <p class='ocr_par' dir='ltr' id='par_1_11' title="bbox 51 1991 1442 2279">
     <span class='ocr_line' id='line_1_31' title="bbox 51 1991 1439 2048; baseline 0 -16"><span class='ocrx_word' id='word_1_235' title='bbox 51 2009 85 2033; x_wconf 86' lang='lat'>30</span> <span class='ocrx_word' id='word_1_236' title='bbox 105 1992 342 2045; x_wconf 85' lang='lat' dir='ltr'>exemplum</span> <span class='ocrx_word' id='word_1_237' title='bbox 365 1991 712 2048; x_wconf 85' lang='lat' dir='ltr'>subscripseras),</span> <span class='ocrx_word' id='word_1_238' title='bbox 737 1992 964 2047; x_wconf 83' lang='lat' dir='ltr'>magnique</span> <span class='ocrx_word' id='word_1_239' title='bbox 989 1993 1192 2032; x_wconf 69' lang='lat' dir='ltr'>interesse</span> <span class='ocrx_word' id='word_1_240' title='bbox 1216 1992 1278 2032; x_wconf 86' lang='lat' dir='ltr'>rei</span> <span class='ocrx_word' id='word_1_241' title='bbox 1302 1992 1439 2045; x_wconf 91' lang='lat' dir='ltr'>publi-</span> 
     </span>
     <span class='ocr_line' id='line_1_32' title="bbox 104 2050 1440 2104; baseline -0.001 -13"><span class='ocrx_word' id='word_1_242' title='bbox 104 2065 173 2091; x_wconf 87' lang='lat' dir='ltr'>cae</span> <span class='ocrx_word' id='word_1_243' title='bbox 206 2051 432 2104; x_wconf 89' lang='lat' dir='ltr'>scripseras</span> <span class='ocrx_word' id='word_1_244' title='bbox 465 2065 608 2092; x_wconf 91' lang='lat' dir='ltr'>omnes</span> <span class='ocrx_word' id='word_1_245' title='bbox 640 2050 782 2104; x_wconf 87' lang='lat' dir='ltr'>copias</span> <span class='ocrx_word' id='word_1_246' title='bbox 815 2050 953 2104; x_wconf 90' lang='lat' dir='ltr'>primo</span> <span class='ocrx_word' id='word_1_247' title='bbox 980 2065 1148 2104; x_wconf 89' lang='lat' dir='ltr'>quoque</span> <span class='ocrx_word' id='word_1_248' title='bbox 1179 2053 1369 2104; x_wconf 85' lang='lat' dir='ltr'>tempore</span> <span class='ocrx_word' id='word_1_249' title='bbox 1394 2050 1440 2091; x_wconf 87' lang='lat' dir='ltr'>in</span> 
     </span>
     <span class='ocr_line' id='line_1_33' title="bbox 103 2109 1442 2164; baseline 0 -15"><span class='ocrx_word' id='word_1_250' title='bbox 103 2123 235 2149; x_wconf 90' lang='lat' dir='ltr'>unum</span> <span class='ocrx_word' id='word_1_251' title='bbox 252 2109 392 2149; x_wconf 91' lang='lat' dir='ltr'>locum</span> <span class='ocrx_word' id='word_1_252' title='bbox 411 2110 645 2163; x_wconf 81' lang='lat' dir='ltr'>convenire,</span> <span class='ocrx_word' id='word_1_253' title='bbox 671 2112 712 2149; x_wconf 91' lang='lat' dir='ltr'>et</span> <span class='ocrx_word' id='word_1_254' title='bbox 738 2111 798 2164; x_wconf 92' lang='lat' dir='ltr'>ut,</span> <span class='ocrx_word' id='word_1_255' title='bbox 822 2109 1032 2163; x_wconf 88' lang='lat' dir='ltr'>praesidio</span> <span class='ocrx_word' id='word_1_256' title='bbox 1055 2109 1166 2162; x_wconf 89' lang='lat' dir='ltr'>quod</span> <span class='ocrx_word' id='word_1_257' title='bbox 1187 2109 1290 2149; x_wconf 85' lang='lat' dir='ltr'>satis</span> <span class='ocrx_word' id='word_1_258' title='bbox 1318 2112 1442 2164; x_wconf 87' lang='lat' dir='ltr'>esset,</span> 
     </span>
     <span class='ocr_line' id='line_1_34' title="bbox 105 2144 1442 2221; baseline 0 -14"><span class='ocrx_word' id='word_1_259' title='bbox 105 2166 272 2220; x_wconf 84' lang='lat' dir='ltr'>Capuae</span> <span class='ocrx_word' id='word_1_260' title='bbox 303 2167 569 2221; x_wconf 87' lang='lat' dir='ltr'>relinqueret.</span> <span class='ocrx_word' id='word_1_261' title='bbox 631 2167 711 2208; x_wconf 91' lang='grc' dir='ltr'>Η13</span> <span class='ocrx_word' id='word_1_262' title='bbox 750 2181 828 2221; x_wconf 81' lang='lat' dir='ltr'>ego</span> <span class='ocrx_word' id='word_1_263' title='bbox 865 2167 1022 2208; x_wconf 88' lang='lat' dir='ltr'>litteris</span> <span class='ocrx_word' id='word_1_264' title='bbox 1059 2167 1180 2208; x_wconf 87' lang='lat' dir='ltr'>lectis</span> <span class='ocrx_word' id='word_1_265' title='bbox 1218 2167 1264 2207; x_wconf 88' lang='lat' dir='ltr'>in</span> <span class='ocrx_word' id='word_1_266' title='bbox 1298 2144 1442 2208; x_wconf 76' lang='lat' dir='ltr'>eadelri</span> 
     </span>
     <span class='ocr_line' id='line_1_35' title="bbox 105 2225 1440 2279; baseline 0.001 -14"><span class='ocrx_word' id='word_1_267' title='bbox 105 2225 304 2279; x_wconf 86' lang='lat' dir='ltr'>opinione</span> <span class='ocrx_word' id='word_1_268' title='bbox 333 2226 396 2266; x_wconf 82' lang='lat' dir='ltr'>fui</span> <span class='ocrx_word' id='word_1_269' title='bbox 422 2240 504 2279; x_wconf 89' lang='lat' dir='ltr'>qua</span> <span class='ocrx_word' id='word_1_270' title='bbox 529 2226 682 2279; x_wconf 86' lang='lat' dir='ltr'>reliqui</span> <span class='ocrx_word' id='word_1_271' title='bbox 709 2240 863 2276; x_wconf 88' lang='lat' dir='ltr'>omnes,</span> <span class='ocrx_word' id='word_1_272' title='bbox 895 2228 936 2266; x_wconf 89' lang='lat' dir='ltr'>te</span> <span class='ocrx_word' id='word_1_273' title='bbox 962 2240 1057 2266; x_wconf 89' lang='lat' dir='ltr'>cum</span> <span class='ocrx_word' id='word_1_274' title='bbox 1084 2225 1280 2266; x_wconf 89' lang='lat' dir='ltr'>omnibus</span> <span class='ocrx_word' id='word_1_275' title='bbox 1307 2226 1440 2279; x_wconf 87' lang='lat' dir='ltr'>copiis</span> 
     </span>
    </p>
   </div>
   <div class='ocr_carea' id='block_1_8' title="bbox 51 2282 1442 2339">
    <p class='ocr_par' dir='ltr' id='par_1_12' title="bbox 51 2282 1442 2339">
     <span class='ocr_line' id='line_1_36' title="bbox 51 2282 1442 2339; baseline 0 -14"><span class='ocrx_word' id='word_1_276' title='bbox 51 2300 85 2326; x_wconf 79' lang='lat'>:35</span> <span class='ocrx_word' id='word_1_277' title='bbox 106 2284 157 2325; x_wconf 91' lang='lat' dir='ltr'>ad</span> <span class='ocrx_word' id='word_1_278' title='bbox 188 2282 421 2325; x_wconf 85' lang='lat' dir='ltr'>Corfinium</span> <span class='ocrx_word' id='word_1_279' title='bbox 461 2298 550 2325; x_wconf 87' lang='lat' dir='ltr'>esse</span> <span class='ocrx_word' id='word_1_280' title='bbox 587 2287 829 2339; x_wconf 67' lang='lat' dir='ltr'>venturum,</span> <span class='ocrx_word' id='word_1_281' title='bbox 870 2299 952 2338; x_wconf 89' lang='lat' dir='ltr'>quo</span> <span class='ocrx_word' id='word_1_282' title='bbox 994 2283 1120 2339; x_wconf 87' lang='lat' dir='ltr'>mihi,</span> <span class='ocrx_word' id='word_1_283' title='bbox 1161 2298 1255 2325; x_wconf 86' lang='lat' dir='ltr'>cum</span> <span class='ocrx_word' id='word_1_284' title='bbox 1287 2282 1442 2325; x_wconf 87' lang='lat' dir='ltr'>Caesar</span> 
     </span>
    </p>
   </div>
   <div class='ocr_carea' id='block_1_9' title="bbox 1466 1242 1486 1271">
    <p class='ocr_par' dir='ltr' id='par_1_13' title="bbox 1466 1242 1486 1271">
     <span class='ocr_line' id='line_1_37' title="bbox 1466 1242 1486 1271; textangle 90"><span class='ocrx_word' id='word_1_285' title='bbox 1466 1242 1486 1271; x_wconf 66' lang='lat' dir='ltr'>KQ</span> 
     </span>
    </p>
   </div>
  </div>
 </body>
</html>
