1665 2553
157 1909 176 1938 Ν)

203 101 287 142 536
637 100 685 136 M.
713 101 853 135 TULLI
879 99 1129 135 CICERONIS

205 211 412 238 summam
452 199 544 238 tum
586 196 637 238 ad
674 197 855 251 gloriam
894 199 935 237 et
974 196 1226 251 dignitatem
1263 197 1381 236 tuam
1417 195 1535 236 vehe-

203 259 367 297 menter
403 256 587 309 pertinet
618 258 679 309 te,
710 258 758 296 ut
790 257 887 296 ante
919 255 1085 310 scripsi,
1122 255 1167 295 in
1197 254 1366 295 Italiam
1397 254 1535 295 venire

205 329 331 368 quam
371 315 564 368 primum.
627 314 740 368 Eget
782 314 893 355 enim
932 313 1202 355 vehementer
1243 327 1338 354 cum
1374 313 1534 354 viribus

203 373 289 414 tuis
321 376 414 414 tum
445 374 573 414 etiam
599 373 776 413 consilio
802 387 868 413 res
895 373 1073 426 publica.
1122 371 1321 413 Veterem
1346 386 1422 425 pro
1449 371 1534 412 eius

204 446 303 486 erga
346 434 387 472 te
431 431 725 472 benevolentia
769 431 1056 486 singularique
1095 431 1233 472 officio
1270 431 1453 471 libenter
1487 443 1535 470 ex
1573 444 1589 470 5

203 492 289 531 tuis
330 490 486 531 litteris
525 490 768 544 complexus
800 505 894 531 sum
927 504 1104 544 eumque
1135 504 1229 530 cum
1260 489 1325 530 tui
1356 492 1445 529 tum
1475 488 1536 528 rei

202 549 394 602 publicae
454 549 816 590 studiosissimum
871 549 1294 602 amantissimumque
1349 547 1535 602 cognovi.

204 606 447 648 Ciceronem
487 622 627 649 meum
658 622 789 661 prope
821 608 947 661 diem,
984 610 1032 648 ut
1065 622 1204 661 spero,
1242 606 1404 647 videbo.
1463 604 1537 646 Te-

203 680 296 707 cum
330 666 441 707 enim
472 667 594 707 illum
628 670 668 707 et
701 669 742 707 te
774 667 820 707 in
849 666 1018 707 Italiam
1051 666 1241 707 celeriter
1274 679 1363 706 esse
1395 666 1537 706 ventu-

202 740 296 766 rum
328 725 503 766 confido.
548 767 551 769 ,
1558 738 1592 763 10

815 842 929 884 XIII.

491 923 564 958 Ser.
587 925 627 958 'in
652 925 780 958 castris
806 924 854 957 K.
879 923 1000 968 Quint.
1022 935 1055 957 α.
1079 926 1145 957 711
1169 925 1256 966 (43).

591 1005 779 1039 BRUTUS
806 1004 1030 1039 CICERONI
1055 1005 1152 1039 SAL.

290 1076 353 1117 De
390 1076 446 1117 Μ.
478 1076 638 1130 Lepido
677 1077 812 1118 vereri
849 1092 916 1118 me
955 1077 1068 1131 cogit
1103 1076 1365 1130 reliquorum
1400 1076 1539 1117 timor.

204 1135 283 1184 Qui
322 1136 358 1176 si
400 1136 602 1189 eripuerit
645 1150 688 1176 se
727 1136 873 1191 nobis,
917 1136 1030 1189 quod
1067 1135 1194 1175 velim
1226 1138 1383 1176 temere
1415 1137 1541 1188 atque
1561 1149 1593 1175 15

203 1194 405 1234 iniuriose
437 1194 486 1234 de
518 1194 592 1235 illo
627 1195 830 1247 suspicati
862 1194 947 1234 sint
979 1194 1183 1247 homines,
1216 1208 1290 1234 oro
1317 1197 1444 1247 atque
1469 1193 1540 1234 ob-

204 1267 318 1293 secro
360 1256 417 1306 te⁷
458 1251 622 1307 Cicero,
660 1252 1011 1293 necessitudinem
1042 1256 1232 1293 nostram
1263 1255 1465 1305 tuamque
1495 1252 1541 1292 in

202 1325 269 1351 me
300 1311 637 1352 benevolentiam
665 1312 894 1363 obtestans,
928 1311 1085 1351 sororis
1112 1325 1228 1351 meae
1252 1310 1408 1351 liberos
1437 1310 1540 1351 obli·
1584 1343 1600 1354 .

202 1369 376 1410 viscaris
421 1383 511 1410 esse
542 1368 691 1423 Lepidi
727 1369 839 1410 filios
877 1384 1026 1423 meque
1064 1370 1117 1410 iis
1160 1370 1204 1410 in
1235 1369 1368 1423 patris
1400 1368 1541 1410 locum

204 1428 453 1469 successisse
487 1428 713 1469 existimes
770 1428 862 1469 Hoc
895 1428 930 1468 si
962 1443 986 1468 a
1017 1430 1059 1469 te
1090 1428 1285 1482 impetro,
1314 1427 1423 1468 nihil
1446 1442 1541 1493 pro-
1560 1443 1594 1468 20

202 1487 313 1527 fecto
345 1487 561 1527 dubitabis
592 1502 668 1540 pro
701 1487 754 1527 iis
788 1487 1007 1541 suscipere.
1057 1486 1197 1528 Aliter
1229 1487 1302 1527 alii
1333 1501 1427 1527 cum
1454 1486 1540 1527 suis

203 1546 368 1599 vivunt3
410 1545 518 1586 nihil
559 1559 637 1600 ego
675 1560 850 1599 possum
886 1546 932 1586 in
969 1546 1126 1586 5016113
1158 1559 1275 1586 meae
1305 1545 1451 1586 liberis
1482 1545 1541 1586 fa-

204 1619 313 1658 cere⁷
357 1619 440 1658 quo
484 1605 621 1658 possit
665 1605 824 1658 expleri
863 1605 1062 1645 voluntas
1102 1619 1194 1645 mea
1232 1607 1304 1645 aut
1343 1603 1539 1645 officium.

204 1662 313 1711 Quid
349 1678 448 1703 vero
488 1666 562 1703 aut
598 1663 704 1703 mihi
742 1663 930 1704 tribuere
967 1663 1069 1704 boni
1106 1666 1305 1717 possunt,
1342 1663 1377 1703 si
1413 1662 1540 1703 modo

203 1721 321 1775 digni
353 1736 517 1776 sumus,
555 1722 708 1775 quibus
741 1722 900 1776 aliquid
931 1722 1159 1776 tribuatur,
1200 1724 1273 1762 aut
1304 1735 1382 1776 ego
1415 1721 1540 1761 matri
1561 1736 1594 1762 25

204 1794 251 1821 ac
283 1780 419 1821 sorori
450 1781 676 1834 puerisque
708 1781 793 1821 illis
824 1783 1115 1834 praestaturus
1143 1795 1249 1834 sum,
1281 1780 1317 1820 si
1340 1779 1449 1820 nihil
1473 1794 1541 1820 va-

202 1839 331 1879 luerit
374 1839 485 1892 apud
528 1842 571 1879 te
613 1839 908 1893 reliquumque
952 1842 1145 1880 senatum
1186 1841 1333 1879 contra
1376 1841 1540 1892 patrem

203 1896 410 1951 Lepidum
440 1897 600 1938 Brutus
633 1898 891 1939 avunculus?
937 1897 1127 1939 Scribere
1158 1897 1293 1938 multa
1323 1897 1376 1938 ad
1406 1900 1448 1938 te
1473 1911 1542 1937 116-

206 1970 287 2009 que
323 1970 497 2009 possum
534 1971 634 2010 prae
666 1957 948 1997 sollicitudine
981 1971 1028 1997 ac
1060 1956 1277 1997 stomacho
1308 1970 1444 2009 neque
1476 1956 1541 1996 de-

204 2014 295 2055 beo.
357 2013 487 2070 Nam‚
531 2015 567 2056 si
603 2015 648 2055 in
684 2018 805 2056 tanta
841 2029 886 2055 re
926 2018 1098 2068 tamque
1134 2014 1369 2055 necessaria
1399 2014 1540 2055 verbis
1560 2030 1595 2055 30

205 2072 310 2113 mihi
362 2088 467 2126 opus
512 2076 577 2114 est
621 2073 673 2114 ad
716 2076 758 2114 te
801 2074 1068 2114 excitandum
1111 2076 1152 2114 et
1196 2073 1541 2127 confirmandum,

204 2131 322 2171 nulla
356 2146 451 2184 spes
483 2134 547 2172 est
579 2132 792 2172 facturum
824 2135 885 2187 te,
918 2132 1030 2185 quod
1062 2132 1172 2187 volo,
1204 2134 1245 2172 et
1277 2131 1390 2185 quod
1421 2145 1541 2185 opor-

203 2191 275 2229 tet.
338 2189 475 2238 Quare
505 2190 594 2231 noli
627 2194 868 2244 exspectare
899 2190 1048 2245 longas
1081 2204 1242 2244 preces3
1280 2190 1445 2230 intuere
1475 2204 1541 2230 me

204 2247 362 2301 ipsum,
407 2248 480 2302 qui
513 2248 594 2289 hoc
626 2264 649 2289 a
680 2252 739 2304 te,
783 2249 850 2290 vel
882 2264 905 2290 a
938 2248 1156 2303 Cicerone,
1196 2248 1540 2289 coniunctissimo

203 2304 386 2361 homine,
422 2307 621 2360 privatim
654 2307 721 2348 vel
753 2322 776 2348 a
808 2308 1019 2348 consulari
1051 2308 1127 2348 tali
1159 2307 1249 2348 viro
1282 2309 1443 2347 remota
1474 2320 1541 2347 ne·
1560 2320 1594 2347 35
