1665 2553
205 105 292 147 266
634 104 683 140 M.
710 104 850 139 TULLI
876 103 1125 140 01011151οΝ13

296 199 348 242 In
385 200 571 254 Epirum
614 200 728 255 quod
766 215 833 241 me
876 214 963 240 non
1006 200 1180 256 invitas,
1223 200 1422 241 comitem
1463 214 1551 241 non

207 260 449 313 molestum,
483 259 735 300 subirascor.
788 258 870 300 Sed
901 259 1003 299 vale.
1058 258 1183 312 Nam,
1214 262 1262 299 ut
1294 259 1375 300 tibi
1406 258 1550 300 ambu-

206 318 399 373 landum,
445 318 707 373 ungendum,
756 317 817 358 sic
856 317 964 357 mihi
1004 317 1306 358 dormiendum.
1375 317 1550 358 Etenim

207 377 376 418 litterae
407 379 505 417 tuae
536 376 643 417 mihi
675 390 872 417 somnum
905 376 1152 417 attulerunt.

856 492 906 533 A.

392 574 466 609 Ser.
495 573 632 607 Romae
663 573 722 607 VI
742 578 807 608 aut
837 573 873 607 V
893 574 950 607 Id.
978 573 1092 608 Blart.
1121 585 1152 607 a.
1182 577 1253 608 705
1280 576 1371 617 (49).

415 655 599 689 BALBUS
625 655 686 689 ET
714 654 880 689 OPPIUS
908 655 941 689 S.
968 655 1010 690 D.
1037 654 1085 689 M.
1115 654 1348 690 CICERONI.

297 727 507 782 †Nedum
539 727 763 768 hominum
794 726 1041 782 humilium
1084 730 1132 768 ut
1162 742 1240 768 nos
1273 742 1436 781 sumus,
1480 727 1552 769 sed

211 787 340 828 etiam
373 786 737 840 amplissimorum
762 786 953 826 1110111111
984 786 1161 827 consilia
1187 801 1238 826 ex
1269 788 1434 841 eventu,
1464 800 1552 827 11011

210 861 261 887 ex
291 845 512 886 voluntate
545 860 567 885 a
598 844 810 899 plerisque
842 844 1014 910 probari
1051 845 1200 886 solent
1262 844 1422 886 Tamen
1451 844 1551 885 freti

210 908 284 945 tua
314 904 598 958 humanitate,
640 903 754 958 quod
784 903 1055 944 verissimum
1084 903 1208 944 nobis
1240 903 1465 959 videbitur,
1503 903 1552 944 de

211 978 278 1017 00,
321 962 435 1017 quod
475 962 527 1002 ad
566 976 644 1003 nos
687 962 913 1016 scripsisti,
953 962 1035 1002 tibi
1077 962 1302 1003 consilium
1346 961 1550 1002 dabimus.

211 1021 332 1070 Quod
374 1021 409 1062 si
449 1035 535 1061 non
567 1021 696 1061 fuerit
728 1021 930 1075 prudens,
972 1024 1015 1061 at
1048 1024 1159 1061 certe
1191 1020 1243 1062 ab
1277 1021 1439 1074 optima
1469 1020 1551 1062 fide

210 1083 252 1121 et
287 1080 449 1133 optimo
482 1079 622 1120 animo
654 1079 955 1133 proficiscetur.

299 1137 408 1192 Nos,
452 1139 487 1178 si
518 1138 580 1189 id,
622 1138 735 1191 quod
773 1140 921 1178 nostro
964 1137 1118 1178 iudicio
1162 1136 1384 1178 Caesarem
1414 1137 1551 1178 facere

211 1199 407 1251 oportere
439 1196 743 1249 existimamus,
774 1199 834 1248 ut,
867 1196 995 1236 simul
1024 1195 1208 1236 Romam
1238 1196 1420 1251 venerit,
1452 1199 1551 1250 agat

211 1256 260 1296 de
292 1254 634 1296 reconciliatione
666 1254 827 1309 gratiae
860 1268 958 1295 suae
990 1257 1032 1294 et
1057 1253 1245 1308 Pompei,
1274 1254 1318 1294 id
1343 1269 1439 1294 eum
1469 1254 1553 1295 fac-

210 1317 357 1355 turum
395 1328 445 1354 ex
485 1313 577 1366 ipso
621 1312 984 1368 cognovissemus,
1025 1312 1254 1353 deberemus
1293 1315 1335 1353 te
1374 1311 1550 1367 hortari,

212 1375 259 1413 ut
291 1372 420 1413 velles
458 1371 511 1411 iis
552 1371 676 1412 rebus
717 1371 938 1424 interesse7
980 1385 1063 1424 quo
1103 1371 1269 1412 facilius
1310 1373 1352 1412 et
1391 1371 1551 1412 maiore

211 1446 308 1472 cum
341 1430 547 1485 dignitate
578 1444 652 1483 per
684 1432 743 1484 te,
785 1429 858 1483 qui
889 1429 1060 1483 utrique
1100 1444 1143 1470 es
1176 1429 1445 1483 coniunctus,
1484 1444 1550 1470 res
1572 1447 1585 1470 2

212 1493 304 1530 tota
336 1489 553 1543 confieret,
593 1490 683 1544 aut,
722 1488 757 1528 si
795 1503 845 1528 ex
877 1487 1088 1529 contrario
1127 1491 1373 1541 putaremus
1407 1487 1552 1529 Caesa-

213 1564 302 1589 rem
342 1548 385 1588 id
424 1562 512 1588 non
550 1547 763 1588 facturum
811 1549 851 1587 et
893 1547 1022 1587 etiam
1061 1547 1167 1587 velle
1212 1561 1308 1587 cum
1347 1545 1550 1600 Pompeio

211 1607 372 1648 bellum
413 1620 557 1660 gerere
598 1606 817 1659 sciremus,
862 1619 1097 1659 numquam
1142 1605 1223 1646 tibi
1270 1605 1552 1659 suaderemus,

214 1669 362 1706 contra
392 1664 610 1705 hominem
651 1664 809 1718 optime
851 1663 900 1704 de
941 1666 982 1705 10
1022 1664 1223 1705 meritum
1260 1678 1376 1704 arma
1406 1663 1550 1716 ferres,

214 1724 339 1765 sicuti
371 1727 413 1764 te
440 1738 604 1777 semper
632 1723 855 1776 oravimus,
885 1737 939 1763 ne
965 1725 1112 1764 contra
1141 1721 1361 1763 Caesarem
1390 1736 1550 1777 pugna-
1571 1739 1586 1763 2

212 1797 290 1824 103.
354 1781 453 1836 Sed,
485 1797 580 1823 cum
612 1782 741 1822 etiam
770 1795 899 1846 nunc,
938 1781 1041 1847 quid
1077 1781 1265 1822 factuius
1299 1779 1452 1822 Caesar
1483 1780 1551 1833 311,

212 1841 349 1896 maois
383 1816 549 1906 opinari
582 1855 708 1894 quam
741 1839 846 1881 30110
872 1841 1095 1893 possimus,
1133 1839 1303 1881 seribere
1338 1853 1427 1880 non
1457 1853 1551 1892 pos-

214 1914 360 1941 sumus
391 1899 477 1940 11131
506 1898 716 1953 1100,11011
746 1898 880 1939 videri
911 1912 1004 1938 eam
1033 1900 1153 1939 tuam
1185 1912 1274 1939 esse
1300 1897 1551 1951 dignitatem

212 1973 348 2012 neque
379 1958 505 1999 fidem
538 1957 1079 2011 0101111111300011113111,111
1111 1959 1258 1997 contra
1289 1955 1551 2009 alterutrum,

214 2032 309 2058 cum
340 2016 510 2070 utrique
548 2016 606 2056 sis
646 2015 829 2056 maxime
866 1991 1142 2068 necessarius,
1185 2029 1300 2055 arma
1340 2014 1469 2068 feras,
1509 1989 1551 2054 et

212 2075 293 2116 1100
331 2089 419 2116 11011
460 2074 703 2115 dubitamus
743 2074 847 2127 quin
880 2072 1032 2114 Caesar
1068 2087 1145 2126 pro
1179 2087 1255 2113 sua
1285 2072 1551 2113 humanitate

212 2134 393 2174 maxime
426 2133 483 2174 sit
514 2132 783 2186 probaturus.
840 2130 930 2173 Nos
963 2134 1118 2185 tamen,
1151 2131 1186 2171 si
1217 2131 1298 2172 tibi
1328 2131 1552 2184 videbitur,

212 2192 264 2232 ad
298 2191 518 2233 Caesarem
551 2191 800 2244 scribemus,
841 2192 889 2230 ut
919 2204 998 2231 nos
1031 2189 1231 2230 certiores
1263 2189 1410 2244 faciat,
1451 2189 1552 2243 quid

210 2249 290 2290 1130
320 2264 365 2290 re
398 2253 568 2290 acturus
601 2249 670 2291 sit.
730 2249 771 2289 A
802 2263 885 2302 quo
928 2248 964 2289 31
1005 2248 1085 2289 erit
1121 2248 1247 2289 nobis
1286 2248 1551 2301 rescriptum,

211 2308 369 2362 statim,
403 2323 508 2361 quae
541 2307 784 2360 sentiemus,
816 2307 867 2347 ad
898 2308 941 2347 te
974 2307 1206 2348 scribemus
1239 2309 1281 2348 et
1312 2306 1394 2346 tibi
1426 2305 1551 2347 fidem

1572 861 1604 885 10

1572 1153 1604 1179 15

1571 2030 1604 2055 30

1570 2320 1603 2347 35
