1665 2553
285 85 625 121 EPISTULARUM
651 85 715 119 AD
741 84 957 119 ATTICUM
982 84 1069 119 VIII
1096 84 1189 129 15A‚
1218 88 1272 119 16.
1376 83 1462 125 253

117 196 167 223 ex
194 181 373 236 oppidis,
394 195 500 235 quos
524 180 726 222 honores!
748 180 991 233 ‘Mebuunffi
1012 179 1188 234 inquies.
1223 178 1370 233 Credo,
1391 179 1463 220 sed

116 240 353 282 mehercule
385 240 507 281 illum
539 239 686 294 magis.
736 238 876 280 Huius
909 238 1112 279 insidiosa
1144 238 1365 279 clementia
1397 238 1462 278 de-

116 299 339 353 lectantur,
359 299 475 339 illius
494 298 754 339 iracundiam
774 297 1015 338 formidant.
1048 297 1210 338 Iudices
1231 297 1280 338 de
1302 307 1462 351 CCCLX,

119 358 192 412 qui
230 358 454 411 praecipue
488 356 630 398 Gnaeo
668 359 816 397 nostro
849 356 1185 410 delectabantur,
1224 370 1273 396 ex
1306 355 1460 410 quibus

83 433 98 459 5
119 416 273 458 cotidie
305 416 490 470 aliquem
522 416 662 469 video,
699 415 839 456 nescio
874 419 978 469 qUas
1016 414 1105 455 eius
1136 413 1334 455 Lucerias
1366 413 1462 455 hor-

118 478 226 516 rent.
287 474 438 529 Itaque
470 489 645 530 quaero,
677 474 750 528 qui
783 474 869 515 sint:
900 473 974 514 isti
1006 473 1252 528 optimates,
1291 473 1363 527 qui
1394 487 1461 513 me

119 534 367 588 exturbent,
404 548 499 574 cum
530 533 611 587 ipsi
643 533 755 574 domi
786 535 994 573 maneant.
1057 530 1330 585 Sed-tamen,
1372 531 1461 585 qui-

119 607 299 646 cumque
332 595 449 645 sunt,
491 591 710 646 (αἰδέομαι
748 591 929 646 Τρῶαςῖ
990 590 1107 645 Etsi,
1148 605 1231 644 qua
1263 605 1335 644 spe
1367 604 1462 644 pro-

119 651 298 705 ficiscar,
336 651 457 691 video
490 651 784 705 coniungoque
815 665 880 691 me
913 664 1007 690 cum
1037 649 1210 690 homine
1240 649 1376 704 magis
1409 648 1461 689 ad

0 708 3 713 ’
66 727 100 752 10
119 710 369 751 vastandam
399 709 569 750 Italiam
607 724 734 762 quam
772 709 823 749 ad
853 708 1104 749 vincendum
1142 710 1292 762 parabo
1330 707 1460 748 domi-

118 783 304 822 numque
343 770 551 821 exspecto.
611 767 671 808 Et
710 767 897 821 quidem,
940 781 1035 807 cum
1072 767 1175 807 haec
1212 766 1461 820 scribebam,

120 839 189 868 1111
209 826 367 881 Nonas,
393 827 478 867 iam
504 826 799 880 exspechabam
824 825 986 879 aliquid
1011 841 1034 866 a
1059 825 1300 866 Brundisio.
1351 824 1461 873 Quid

121 888 263 926 autem
290 885 522 939 ‘aliquid’P
550 900 676 939 quam
701 885 796 925 inde
821 884 1004 938 turpiter
1030 884 1224 939 fugisset,
1255 886 1297 924 eb
1322 883 1461 924 victor

119 944 189 985 hic
221 959 303 998 qua
344 959 387 985 se
427 944 602 985 referret
643 946 684 984 et
725 958 820 997 quo.
881 942 1002 992 Quod
1042 942 1115 983 ubi
1155 942 1382 998 audissem,
1423 941 1460 983 si

53 1020 85 1046 15
105 1003 177 1044 ille
205 1003 346 1057 Appia
377 1003 553 1057 veniret,
587 1016 665 1057 ego
691 1001 906 1056 Arpinum
946 1001 1200 1056 cogitabam.
1506 996 1512 999 ’
