1665 2553
52 736 85 762 10

49 1029 82 1055 15

50 1325 84 1349 ⁴20

49 1676 82 1701 25

319 95 660 131 EPISTULARUM
685 96 749 130 AD
776 95 993 130 ATTICUM
1017 96 1068 130 IX
1096 100 1243 132 11—12.
1363 97 1447 138 279

104 194 268 246 partem
306 192 432 246 attigi
469 192 734 246 iudicavique
773 207 820 233 eo
860 192 972 233 bello
1014 195 1057 233 te
1088 192 1258 248 violari,
1301 196 1448 234 contra

104 251 222 292 cuius
253 250 459 292 honorem
489 252 637 305 populi
664 251 846 292 Romani
871 251 1074 292 beneficio
1101 266 1345 292 concessum
1370 252 1447 293 ini-

105 310 202 350 mici
234 312 360 363 atque
392 310 525 350 invidi
556 311 802 351 niterentur.
855 309 948 365 Sed,
979 313 1027 350 ut
1059 325 1107 351 eo
1140 313 1330 364 tempore
1361 325 1448 352 11011

106 369 228 409 modo
261 369 352 422 ipse
383 369 526 409 fautor
558 369 780 423 dignitatis
812 371 910 409 tuae
942 369 1015 423 fui,
1047 384 1193 410 verum
1225 369 1354 410 etiam
1386 384 1447 411 ce-

105 428 204 468 teris
243 430 390 468 auctor
428 427 480 468 ad
517 430 558 468 te
597 427 898 481 adiuvandum,
936 428 996 468 sic
1032 443 1098 469 me
1128 442 1241 469 nunc
1271 427 1446 483 Pompei

105 486 289 541 dignitas
327 486 596 527 vehementer
633 489 785 527 movet.
847 486 1028 541 Aliquot
1061 487 1172 527 enim
1204 489 1303 528 sunt
1335 488 1448 542 anni,

105 559 198 586 cum
229 559 304 586 vos
337 545 419 586 duo
452 545 600 600 delegi⁷
633 560 739 599 quos
765 546 987 599 praecipue
1013 546 1195 586 colerem
1221 548 1262 587 et
1290 547 1444 599 quibus

105 618 254 658 essem,
299 604 408 645 sicut
447 619 556 657 sum,
602 604 893 645 amicissimus.
957 604 1092 653 Quam
1131 605 1184 645 ob
1222 619 1312 645 rem
1349 620 1373 646 a
1403 608 1444 647 te

103 666 200 717 peto
239 663 306 704 vel
343 663 487 716 potius
531 663 726 704 omnibus
758 666 800 704 te
832 663 1026 717 precibus
1059 678 1133 704 oro
1166 666 1208 704 et
1241 663 1445 719 obtestor,

104 724 152 762 ut
192 723 236 762 in
275 722 362 762 tuis
400 722 596 762 maximis
635 722 745 763 curis
785 722 947 776 aliquid
984 722 1203 776 impertias
1240 724 1445 777 temporis

103 780 202 822 huic
240 795 407 835 quoque
445 781 714 835 cogitationi,
752 784 799 821 ut
837 784 912 821 tuo
950 781 1153 822 beneficio
1192 781 1329 822 bonus
1369 782 1447 837 vir,

104 842 264 894 gratus,
294 840 389 893 pius
422 839 600 893 denique
633 854 723 880 esse
754 840 800 880 in
824 839 998 880 maximi
1024 840 1216 881 beneficii
1241 841 1445 882 memoria

103 898 274 952 possim.
347 897 460 947 Quae
506 899 542 939 si
585 901 753 939 tantum
794 898 846 939 ad
888 913 955 939 me
992 899 1133 953 ipsum
1171 899 1445 955 pertinerent,

105 971 316 1011 sperarem
348 972 414 998 me
446 972 469 998 a
500 959 542 998 te
573 960 717 998 tamen
746 958 1090 1011 impetraturum,
1130 958 1221 1013 sed,
1258 960 1306 998 ut
1338 958 1446 1000 arbi·
1504 998 1512 1001 ,

102 1018 210 1069 tror,
251 1019 291 1056 et
332 1016 385 1056 ad
424 1018 542 1056 tuam
578 1016 705 1057 fidem
737 1019 778 1057 et
811 1016 863 1057 ad
894 1031 983 1057 rem
1015 1016 1228 1070 publicam
1260 1018 1445 1070 pertinet

103 1089 168 1115 me
196 1077 237 1115 et
263 1075 376 1128 pacis
403 1077 444 1115 et
471 1074 694 1128 utriusque
714 1077 904 1115 vestrum
928 1076 1108 1118 amicum
1134 1079 1171 1116 et
1189 1076 1246 1116 ad
1272 1080 1445 1117 vestram,

103 1136 145 1174 et
176 1133 229 1174 ad
260 1133 414 1174 civium
446 1134 714 1174 concordiam
740 1148 814 1187 per
839 1136 881 1189 te
908 1148 1035 1188 quam
1062 1134 1445 1176 accommodatissi-

102 1207 218 1232 mum
250 1192 498 1233 conservari.
548 1192 657 1247 Ego,
689 1207 784 1233 cum
813 1195 936 1233 antea
962 1193 1042 1233 tibi
1068 1193 1118 1233 de
1143 1192 1325 1234 Lentulo
1352 1207 1445 1248 gra-

102 1251 184 1291 tias
226 1251 424 1306 egissem,
462 1265 558 1291 cum
590 1251 627 1291 ei
659 1251 805 1306 saluti,
846 1251 919 1305 qui
950 1251 1056 1292 mihi
1088 1251 1244 1307 fuerat,
1280 1252 1445 1306 fuisses,

103 1312 244 1350 tamen
270 1310 390 1350 lectis
417 1310 507 1350 eius
530 1310 702 1365 litteris,
729 1324 833 1363 quas
861 1309 912 1350 ad
937 1324 1003 1350 me
1030 1310 1276 1365 gratissimo
1305 1311 1443 1352 animo

104 1368 153 1409 de
189 1371 265 1409 tua
300 1369 559 1409 liberalitate
596 1369 885 1423 beneficioque
916 1368 1055 1423 misit,
1094 1369 1268 1410 eandem
1300 1370 1358 1410 mi
1391 1371 1446 1410 τί-

103 1427 197 1468 deor
241 1426 420 1468 salutem
458 1442 482 1467 a
518 1430 561 1467 te
601 1428 811 1481 accepisse
850 1442 977 1481 quam
1017 1427 1101 1468 ille.
1169 1426 1221 1468 In
1252 1442 1378 1481 quem
1410 1429 1446 1469 si

103 1500 169 1526 me
200 1485 412 1540 intellegis
444 1500 534 1526 esse
566 1489 755 1540 gratum,
793 1500 904 1541 cura,
943 1485 1130 1541 obsecro,
1160 1488 1209 1527 ut
1241 1487 1370 1527 etiam
1402 1487 1448 1527 in

103 1543 353 1598 Pompeium
393 1558 483 1584 esse
515 1544 688 1597 possim.

731 1660 823 1701 XII.

301 1741 374 1777 Ser.
395 1741 436 1776 in
463 1740 662 1776 Formiano
690 1741 801 1775 XIII
823 1740 869 1775 K.
892 1741 981 1784 Apr.
1003 1752 1036 1774 a.
1060 1743 1131 1775 705
1159 1744 1250 1785 (49).

505 1822 696 1857 CICERO
721 1821 913 1856 ATTICO
938 1821 1044 1856 SAL.

193 1895 398 1950 Legeram
434 1898 530 1936 tuas
568 1895 733 1935 litteras
766 1906 850 1934 XIII
880 1893 949 1947 K,
991 1908 1086 1934 cum
1122 1895 1228 1935 mihi
1261 1895 1445 1949 epistula

107 1955 294 1996 adfertur
326 1969 349 1995 a
380 1954 514 2007 Lepta
546 1953 907 1994 circumvallatum
941 1967 1031 1993 esse
1055 1952 1316 2008 Pompeium,
1347 1954 1446 1994 rati-

52 2027 87 2053 30
106 2013 186 2054 bus
230 2013 357 2054 etiam
396 2013 534 2053 exitus
578 2014 727 2065 portus
766 2011 912 2052 teneri.
981 2010 1082 2052 Non
1118 2011 1281 2052 medius
1318 2011 1444 2053 fidius

106 2086 206 2125 prae
236 2071 421 2112 lacrimis
447 2085 622 2124 possum
646 2070 810 2123 reliqua
835 2084 911 2110 nec
937 2070 1123 2123 cogitare
1149 2084 1225 2110 nec
1251 2070 1444 2111 scribere.

105 2130 207 2171 Misi
245 2129 297 2169 ad
332 2132 375 2170 te
412 2129 660 2182 exemplum.
722 2128 902 2168 Miseros
940 2129 1034 2168 nos!
1079 2142 1152 2168 cur
1182 2143 1269 2169 non
1301 2143 1445 2170 omnes

105 2189 242 2229 fatum
271 2187 387 2228 illius
418 2202 502 2228 una
533 2186 719 2228 exsecuti
745 2186 917 2228 sumus?
961 2186 1069 2227 Ecce
1096 2189 1236 2227 autem
1262 2201 1285 2227 a
1310 2186 1443 2228 Matio

107 2249 148 2288 et
187 2245 387 2286 Trebatio
429 2246 591 2299 eadem,
635 2244 789 2299 quibus
828 2244 1067 2285 Menturnis
1106 2245 1220 2285 obvii
1254 2243 1443 2286 Caesaris

53 2320 86 2347 ³5
106 2304 329 2346 tabellarii.
392 2303 609 2357 Torqueor
650 2303 816 2358 infelix,
852 2306 900 2344 ut
931 2303 1016 2344 iam
1048 2303 1169 2344 illum
1201 2303 1445 2345 Mucianum
