1665 2553
293 114 633 149 EPISTULARUM
659 114 723 148 AD
750 113 964 149 ATTICUM
990 114 1075 149 VIII
1101 119 1131 149 3.
1302 115 1386 156 227

49 225 134 265 quo
175 212 448 264 concurrant,
489 210 561 263 qui
603 224 692 251 rem
731 210 945 264 publicam
988 210 1202 251 defensam
1243 211 1387 252 velint.

48 269 206 323 Apulia
237 268 397 310 delecta
429 271 510 322 est,
549 269 795 310 inanissima
833 284 930 323 pars
962 267 1110 310 Italiae
1149 272 1190 310 et
1228 269 1280 310 ab
1313 269 1389 310 im-

48 330 150 382 petu
181 326 308 368 huius
340 326 441 368 belli
467 327 770 382 remotissima3
801 327 903 382 fuga
930 331 972 368 et
997 328 1212 368 maritima
1239 343 1388 382 oppor-

50 386 212 427 tunitas
243 386 334 426 visa
366 386 511 439 quaeri
544 386 843 439 desperatione.
894 385 1026 427 Lente
1065 387 1154 440 cepi
1187 386 1389 441 Capuam,

15 462 30 488 5
49 459 136 486 non
167 459 250 498 quo
282 459 435 485 munus
468 445 574 485 illud
606 445 863 499 defugerem,
897 445 968 486 sed
1001 445 1195 486 diffidens
1228 460 1387 499 causae,

51 504 96 545 in
127 518 209 558 qua
239 503 382 544 nullus
415 506 525 544 esset
563 504 776 559 ordinum,
811 503 954 544 nullus
994 507 1164 557 apertus
1203 504 1388 558 privato-

50 577 146 603 rum
178 562 315 616 dolor,
353 562 562 603 bonorum
601 565 741 603 autem
779 565 888 603 esset
927 562 1099 616 aliquis,
1137 563 1209 604 sed
1245 563 1389 618 hebes,

51 624 99 662 ut
138 620 265 675 solet,
301 623 361 675 et,
397 624 446 661 ut
478 621 568 674 ipse
601 621 842 675 sensissem,
882 621 1111 662 multitudo
1144 624 1185 662 et
1216 622 1388 662 infimus

54 679 232 734 quisque
256 694 492 733 propensus
517 680 562 720 in
588 679 763 720 alteram
788 682 964 734 partem,
988 680 1113 720 multi
1138 681 1388 721 mutationis

0 756 34 782 10
53 752 195 779 rerum
216 738 368 792 cupidi,
394 738 481 778 dixi
506 738 590 792 ipsi
614 753 680 778 me
705 738 814 778 nihil
835 741 1130 792 suscepturum
1156 739 1247 780 sine
1272 754 1389 793 prae-
1418 749 1432 766 ν’

55 797 162 837 sidio
195 799 236 837 et
269 797 358 837 sine
390 797 578 850 pecunia
634 796 782 851 Itaque
813 797 944 837 habui
976 797 1085 837 m'hil
1118 798 1288 838 omnino
1321 812 1389 839 ne-

54 855 175 911 gotii,
206 855 320 921 quod
352 855 403 896 ab
435 855 558 896 initio
590 855 676 896 vidi
707 855 814 896 nihil
848 856 993 910 quaeri
1030 859 1195 910 praeter
1232 856 1389 911 fugam.

54 914 162 955 Eam
210 914 246 954 si
286 928 397 955 nunc
438 929 609 969 sequor,
649 914 862 968 quonam?
925 913 1032 955 Cum
1071 915 1144 956 1110
1190 929 1294 969 non·
1339 915 1390 955 ad

56 987 181 1027 quem
212 987 307 1013 cum
338 987 472 1014 essem
504 973 736 1027 p1·,ofectus
775 974 955 1027 cognovi
992 973 1036 1014 in
1074 973 1124 1014 iis
1161 973 1266 1014 locis
1300 987 1390 1014 0330

2 1049 35 1075 15
56 1030 294 1086 Caesarem,
330 1034 378 1072 ut
410 1034 504 1072 tuto
536 1030 756 1072 Luceriam
786 1032 930 1072 venire
960 1046 1047 1073 non
1083 1046 1262 1085 possem.
1324 1030 1391 1072 In-

55 1090 144 1130 fero
176 1090 283 1130 mari
313 1090 438 1131 nobis
469 1090 630 1130 incerto
663 1105 788 1131 cursu
819 1090 958 1131 hieme
982 1091 1167 1134 maxima
1191 1091 1391 1145 navigan-

58 1149 157 1189 dum
190 1151 263 1189 est.
320 1148 412 1203 Age
444 1148 540 1204 iam,
572 1163 666 1189 cum
698 1149 827 1189 fratre
860 1164 913 1190 an
945 1149 1034 1190 sine
1067 1163 1114 1190 eo
1147 1164 1241 1190 cum
1272 1149 1390 1190 filio?

57 1210 100 1247 at
133 1221 215 1261 quo
247 1207 402 1248 modo?
463 1206 514 1248 111
544 1210 723 1261 utraque
756 1208 867 1248 enim
898 1222 942 1248 10
974 1222 1138 1248 3111111113
1165 1208 1391 1248 difficultas

57 1266 155 1320 erit,
199 1280 387 1306 summus
426 1266 556 1306 am'mi
595 1266 732 1320 dolor3
773 1267 845 1320 qui
887 1269 1028 1307 autem
1059 1266 1243 1320 impetus
1275 1266 1391 1307 illius

5 1341 38 1366 20
57 1324 137 1365 erit
168 1324 214 1365 in
242 1338 320 1365 nos
352 1325 538 1378 apsentis
564 1325 840 1379 fortunasque
865 1326 1049 1366 nostras!
1088 1324 1239 1366 Acrior
1265 1339 1392 1379 quam

58 1383 102 1423 in
134 1385 380 1437 ceterorum,
413 1383 525 1437 quod
556 1383 726 1437 putabit
757 1384 936 1424 fortasse
967 1383 1012 1424 in
1036 1384 1160 1424 nobis
1184 1383 1393 1424 violandis

58 1441 217 1494 aliquid
249 1455 292 1481 se
322 1441 475 1482 habere
507 1442 720 1495 populare.
782 1441 874 1497 Age
911 1442 1011 1497 iam,
1048 1443 1124 1483 has
1161 1442 1393 1496 compedes,

57 1499 200 1553 fascis,
242 1499 431 1554 inquam,
474 1499 553 1541 hos
590 1501 802 1541 laureatos
840 1501 994 1542 ecferre
1026 1515 1077 1541 ex
1108 1499 1233 1542 Italia
1265 1516 1392 1555 quam

57 1557 285 1599 molestum
323 1559 401 1599 est!
447 1559 519 1611 qui
557 1561 699 1599 autem
735 1559 853 1600 locus
892 1559 971 1600 erit
1007 1559 1131 1600 nobis
1170 1562 1307 1612 tutus,
1344 1562 1393 1600 ut

0 1619 39 1659 '25
58 1617 143 1657 iam
192 1616 369 1670 placatis
420 1619 589 1657 utamur
637 1617 856 1672 fluctibus,
907 1620 1133 1671 antequam
1177 1618 1229 1658 ad
1270 1618 1393 1658 illum

58 1675 323 1716 venerimus?
385 1673 475 1723 Qua
513 1677 654 1716 autem
692 1678 764 1716 aut
802 1690 902 1729 quo,
951 1675 1059 1716 nihil
1096 1676 1260 1717 scimus.
1322 1675 1392 1729 At,
1426 1688 1436 1696 ‘

60 1733 96 1774 si
126 1733 340 1787 restitero,
380 1736 420 1774 013
451 1733 580 1774 fuerit
610 1733 732 1774 nobis
770 1734 814 1774 in
845 1733 922 1774 1130
960 1737 1079 1787 parte
1110 1734 1244 1788 locus,
1282 1734 1393 1775 idem

59 1791 195 1832 fecero
228 1792 342 1845 quod
365 1792 411 1832 in
436 1790 594 1832 Ciimae
626 1792 912 1832 dominatione
938 1792 986 1832 L.
1011 1791 1248 1846 Philippus,
1281 1792 1394 1846 quod

60 1848 105 1890 L.
132 1849 317 1905 Flaccus,
350 1851 463 1904 quod
489 1849 533 1898 Q.
562 1850 737 1904 Mucius,
770 1864 940 1903 quoquo
972 1850 1096 1891 modo
1125 1865 1171 1891 ea
1202 1865 1270 1891 res
1295 1851 1394 1891 huic

19 1908 231 1961 mquidem
269 1909 434 1964 cecidit3
479 1908 551 1962 qui
594 1911 737 1949 tamen
773 1909 832 1949 ita
876 1908 1010 1949 dicere
1048 1909 1228 1963 solebat,
1271 1923 1314 1950 se
1352 1909 1395 1949 id

62 1966 151 2007 fore
182 1967 339 2022 videre,
377 1967 488 2021 quod
525 1967 685 2008 factum
722 1969 802 2020 est,
839 1967 911 2007 sed
947 1967 1071 2008 malle
1105 1982 1230 2020 quam
1262 1982 1395 2007 311113-

62 2027 153 2064 tum
192 2025 243 2064 ad
280 2026 441 2078 patriae
477 2026 643 2067 moenia
681 2025 882 2066 accedere.
933 2025 1072 2066 Aliter
1103 2025 1394 2079 Thrasybulus

63 2086 104 2123 et
136 2083 314 2124 fortasse
345 2084 505 2125 melius.
569 2083 651 2125 Sed
688 2087 750 2124 est
788 2086 901 2124 certa
934 2083 1137 2136 quaedam
1176 2084 1249 2124 illa
1280 2084 1394 2124 Muci

62 2141 172 2181 ratio
200 2144 325 2195 atque
350 2143 570 2196 sententia,
602 2145 664 2183 est
690 2142 763 2183 illa
789 2142 918 2182 etiam
947 2141 1185 2197 [Philippi],
1216 2145 1269 2195 et,
1301 2157 1395 2183 cum

29 2199 118 2241 5sit
147 2214 335 2254 necesse,
372 2201 528 2242 servire
565 2201 747 2254 tempori
784 2203 826 2241 et
862 2214 949 2241 non
987 2200 1180 2240 amittere
1219 2203 1397 2255 tempus,

62 2272 157 2298 cum
187 2258 244 2299 sit
275 2258 429 2299 datum.
493 2258 574 2300 Sed
605 2260 650 2300 in
679 2259 760 2300 hoc
791 2259 884 2312 ipso
923 2258 1082 2300 habent
1115 2261 1257 2299 tamen
1287 2259 1397 2300 idem

61 2316 191 2357 fasces
222 2316 471 2358 molestiam.
527 2316 591 2358 Sit
624 2318 734 2359 enim
764 2317 889 2358 nobis
922 2317 1092 2371 amicus,
1125 2318 1239 2370 quod
1269 2318 1398 2358 incer-

1119 2385 1188 2419 15*
