1665 2553
351 80 692 116 EPISTULARUM
716 81 781 114 AD
807 79 1022 115 ATTICUM
1047 80 1131 114 XVI
1158 84 1188 123 1,
1216 84 1246 113 2.
1384 79 1470 119 495

219 177 283 219 De
314 177 501 218 Publilio
535 178 688 232 autem,
719 176 832 230 quod
862 175 1068 229 perscribi
1095 176 1276 229 oportet,
1306 188 1469 214 m01am

130 251 215 279 non
248 238 352 290 puto
387 250 477 277 esse
507 235 749 276 faciendam.
813 233 912 289 Sed,
950 249 1045 275 cum
1075 234 1229 287 videas,
1262 235 1467 286 quantum

132 296 182 337 de
212 295 302 336 iure
333 297 479 335 nostro
513 294 825 349 decesserimus,
857 293 929 347 qui
962 293 1011 334 de
1043 292 1220 333 residuis
1254 301 1366 332 CCCC
1393 289 1466 330 HS

134 364 187 394 00
228 353 467 407 praesentia
505 353 774 407 solverimus
811 352 973 406 reliqua
1013 351 1311 404 rescribamus,
1349 349 1466 402 loqui

97 427 112 452 5
133 426 227 452 011111
273 426 339 467 eo,
383 413 418 453 si
461 411 541 452 tibi
583 411 812 465 videbitur,
857 410 1017 464 poteris
1061 425 1157 451 eum
1201 383 1467 450 cominodum

130 473 327 511 nostrum
360 472 600 524 exspectare
632 470 793 522 debere,
824 483 919 510 cum
950 471 1072 509 tanta
1104 469 1158 509 sit
1191 483 1214 508 a
1238 467 1362 508 nobis
1388 467 1466 507 iac-

131 531 228 570 tura
258 529 370 570 facta
400 529 514 570 iuris.
577 526 675 582 Sed,
713 528 861 569 amabo
894 531 954 582 te,
989 528 1048 568 mi
1078 526 1232 581 Attice,
1265 524 1466 582 (videsne,
1492 535 1512 566 2

132 602 259 641 quam
291 586 491 643 blande?)
530 587 670 627 omnia
701 590 865 641 nostra,
907 586 1044 640 quoad
1076 586 1158 626 eris
1190 585 1368 638 Romae,
1405 585 1466 624 ita

132 646 289 700 gerito,
331 646 488 700 regito,
531 645 784 700 gubernato,
829 647 876 685 ut
920 645 1028 685 nihil
1073 660 1096 686 a
1134 659 1199 685 me
1237 646 1464 696 exspectes.

78 721 112 745 10
132 704 395 758 Quamquam
421 704 533 745 enim
558 704 720 758 reliqua
747 704 850 744 satis
876 706 976 757 apta
1002 706 1101 744 sunt
1128 703 1181 744 ad
1205 701 1466 756 solvendum,

130 766 272 804 tamen
308 763 358 803 fit
396 777 536 818 saepe,
573 765 620 803 ut
657 763 704 816 ii,
747 763 818 816 qui
858 762 1028 815 debent,
1066 776 1153 802 non
1182 760 1465 814 respondeant

131 822 183 862 ad
215 825 392 876 tempus,
450 820 496 862 81
528 821 629 874 quid
661 822 749 862 eius
780 821 895 862 modi
928 821 1136 876 acciderit,
1165 835 1218 861 ne
1250 819 1352 873 quid
1384 818 1464 859 tibi

132 880 187 920 sit
214 880 327 921 fama
352 895 444 921 mea
469 881 622 934 potius.
672 879 772 921 Non
797 880 922 921 modo
949 894 1134 934 versura,
1166 893 1311 920 verum
1336 877 1465 918 etiam

130 939 384 993 venditione,
416 939 451 979 si
482 939 542 979 ita
574 953 639 979 res
673 941 806 993 coget,
836 953 915 979 nos
947 938 1192 979 vindicabis.

77 1013 110 1038 15
218 997 352 1038 Bruto
392 1000 490 1038 tuae
530 997 697 1038 litterae
729 1000 874 1051 gratae
905 1000 1036 1038 erant.
1097 996 1177 1037 Fui
1209 995 1322 1037 enim
1353 994 1464 1048 apud
1490 1004 1529 1043 3,

130 1055 252 1096 11111111
291 1056 446 1096 111111133
485 1056 610 1096 horas
647 1056 692 1096 in
727 1055 901 1111 Neside,
938 1070 1033 1096 cum
1069 1055 1196 1109 paulo
1236 1056 1332 1095 ante
1369 1056 1464 1094 tuas

129 1114 295 1155 litteras
328 1114 591 1167 accepissem.
640 1113 851 1155 Delectari
881 1114 987 1154 mihi
1012 1114 1143 1158 Tereo
1170 1113 1392 1155 videbatur
1424 1114 1465 1152 et

129 1172 284 1213 habere
321 1173 523 1213 maiorem
554 1172 682 1214 Accio
724 1187 850 1226 quam
881 1172 1070 1213 Antonio
1105 1172 1296 1227 gratiam.
1357 1170 1466 1210 Mihi

131 1234 272 1272 autem
302 1245 378 1284 quo
403 1231 581 1272 laetiora
607 1235 719 1287 sunt,
750 1246 797 1272 00
825 1231 920 1285 plus
949 1231 1156 1272 stomachi
1181 1233 1222 1271 01
1248 1229 1465 1271 molestiae

77 1306 110 1330 20
130 1292 194 1330 est
224 1290 429 1343 populum
460 1289 700 1330 Romanum
729 1305 877 1330 manus
905 1304 1002 1330 suas
1028 1304 1115 1330 11011
1140 1290 1185 1330 111
1209 1287 1466 1329 defendenda

129 1363 173 1388 re
204 1348 385 1403 publica,
417 1348 489 1389 sed
519 1349 564 1389 in
594 1348 829 1402 plaudendo
857 1363 1111 1389 consumere.
1162 1347 1268 1388 Mihi
1297 1347 1466 1401 quidem

131 1406 326 1447 videntur
356 1407 536 1447 istorum
568 1407 697 1448 animi
722 1407 889 1448 incendi
914 1407 1043 1448 etiam
1070 1407 1121 1448 ad
1146 1408 1465 1460 repraesentan-

129 1465 224 1505 dam
254 1465 574 1518 improbitatem
606 1480 734 1506 suam.
798 1465 880 1507 Sed
911 1468 1066 1521 tamen,

131 1546 264 1587 ‘dum
295 1546 439 1587 modo
467 1546 672 1587 doleant
704 1547 917 1602 aliquid,
950 1547 1154 1588 doleant
1181 1543 1463 1600 quidlibet'.

78 1655 110 1680 25
219 1637 456 1680 Consilium
493 1654 633 1681 meum
671 1640 785 1693 quod
822 1640 883 1681 ais
923 1640 1076 1680 cotidie
1113 1639 1250 1693 magis
1288 1637 1466 1692 laudari,
1490 1649 1512 1679 4

128 1711 215 1738 non
251 1698 429 1739 moleste
468 1699 576 1753 fer,o
613 1699 1009 1764 exspectabamque,
1048 1698 1085 1739 si
1117 1698 1217 1752 quid
1250 1697 1300 1737 de
1332 1711 1380 1738 eo
1413 1672 1466 1737 ad

129 1770 194 1797 me
222 1757 435 1798 scriberes
485 1757 580 1811 Eoo
609 1758 719 1798 enim
744 1757 788 1797 in
813 1757 952 1798 varios
979 1770 1192 1797 sermones
1219 1755 1465 1796 incidebam.

130 1813 241 1862 Quin
272 1815 398 1856 etiam
423 1816 576 1856 idcirco
602 1816 834 1869 trahebam,
867 1818 914 1856 ut
945 1830 1071 1869 quam
1097 1814 1335 1855 diutissime
1362 1814 1466 1854 11110-

130 1886 252 1926 grum
283 1877 405 1914 03301.
469 1873 562 1929 8011,
593 1875 794 1928 quoniam
825 1849 991 1914 ‚furcilla
1023 1873 1297 1926 extrudimur,
1329 1872 1467 1912 Brun-

77 1947 111 1971 :30
132 1930 285 1972 disium
323 1933 476 1987 cogito.
538 1932 721 1974 Facilior
752 1933 863 1973 enim
896 1935 937 1974 et
970 1932 1231 1986 exploratior
1262 1931 1464 1972 devitatio

130 1988 343 2043 legionum
380 1991 470 2031 fore
507 1991 674 2032 videtur
707 2006 832 2045 quam
864 1991 1115 2045 piratarum,
1160 1990 1234 2044 qui
1266 2003 1467 2043 apparere

131 2047 337 2088 dicuntur.

219 2104 382 2147 Sestius
425 2119 473 2147 VI
512 2106 611 2148 Idus
654 2107 995 2161 exspectabatur,
1040 2107 1110 2147 sed
1153 2121 1241 2147 non
1282 2108 1469 2160 venerat,

131 2163 243 2216 quod
271 2165 410 2205 sciam.
461 2164 632 2206 Cassius
659 2181 754 2207 cum
781 2166 1000 2206 classicula
1027 2180 1102 2205 sua
1127 2167 1310 2205 venerat.
1361 2164 1468 2219 Ego,

77 2237 110 2263 35
130 2235 225 2262 cum
263 2236 357 2262 eum
395 2223 611 2275 vidissem,
648 2237 679 2264 V
709 2224 768 2265 Id.
794 2224 839 2264 in
869 2224 1176 2277 Pompeianum
1216 2223 1468 2277 cogitabam,

130 2280 228 2320 inde
259 2279 532 2322 Aeculanum.
587 2281 715 2323 Nosti
754 2283 928 2336 reliqua.
996 2281 1060 2322 De
1092 2281 1218 2322 Tutia
1257 2282 1317 2322 ita
1348 2284 1467 2335 puta·
1494 2291 1514 2322 5
