1665 2553
632 87 669 122 P.
692 90 888 122 379—386.
1346 86 1424 121 CXI

83 192 241 225 possum
266 180 457 223 Wesenb.,
489 181 599 222 Boot,
626 180 768 224 TyrrelI
793 180 875 215 fals.
908 180 966 214 Ad
991 192 1026 224 p.
1047 183 1101 214 85.
1118 185 1149 215 2.
1177 202 1222 205 —
1254 185 1297 214 29
1322 183 1427 216 velim

88 239 166 270 scr.,
192 228 270 262 volo
297 227 379 270 alii,
406 227 549 269 Baiter,
575 228 679 269 Boot,
706 227 860 271 Tyrrell,
887 232 967 271 opto
993 227 1111 271 Klotz,
1141 227 1326 270 Wesenb.,
1355 240 1422 262 om.

87 275 204 317 codd,
232 273 408 308 Schmidt.
461 276 472 319 ΙΙ
527 275 572 309 Ρ.
593 274 682 309 383.
703 278 725 308 4
754 275 865 318 (περὶ)
891 272 1030 318 Κίρκης
1056 274 1148 308 coni.
1175 274 1256 308 Birt
1283 275 1423 309 ‘Antik

86 322 326 355 Buchwesen⁷
353 333 388 365 p.
404 325 471 354 449
492 333 526 354 n.
544 325 573 355 1.
606 342 652 346 ——
689 324 709 355 8
735 333 766 355 v.
789 321 957 355 Schmidt
980 333 1014 365 p.
1037 325 1102 355 281
1125 323 1162 355 et
1181 325 1260 363 489,
1282 321 1425 366 Tyrrell

47 364 53 377 '
87 379 141 412 ep.
164 372 248 409 583,
277 369 374 412 prid.
402 368 497 401 Non.
526 369 610 402 oder
644 368 741 402 Non.
775 367 930 402 Schiche
955 367 1077 402 Herm.
1100 368 1218 402 XVIII
1241 381 1275 413 p.
1299 372 1366 402 595
1388 371 1426 403 et

88 419 169 457 614,
191 415 269 448 sine
289 415 369 448 loco
390 415 534 449 ineante
555 426 668 449 mense
684 415 789 449 Maio
802 415 910 457 Bait,
925 414 1024 449 Wes.
1041 436 1085 440 —
1107 419 1149 448 12
1164 427 1271 459 quam
1285 415 1424 459 Lamb,

87 462 224 503 Baiter,
251 461 365 505 Tyrin,
393 461 572 503 Schmidt,
599 473 663 505 qae
688 461 736 504 M,
762 473 852 506 quae
871 461 970 495 WVes.
993 464 1107 506 (rescr.
1123 463 1201 497 hac
1226 464 1303 507 ep),
1330 463 1425 496 Boot

88 509 179 543 coni.
201 509 250 542 (al
275 520 381 553 qaam
396 510 563 552 rescripsi
583 509 775 552 epistolam,
811 520 886 542 eam
906 510 1034 552 ipsam,
1054 510 1103 543 ad
1122 521 1229 553 quam
1246 510 1425 553 rescripsi,

87 556 271 599 epistolam
291 555 441 599 Kayser.
463 577 507 580 -—
536 559 578 588 14
598 556 761 589 nimium
781 555 897 598 codd„
918 555 1072 599 Tyrrell,
1092 557 1266 590 ‘mirmiram
1285 556 1424 599 Lamb„

88 602 182 646 vulg.
210 623 255 626 —
280 602 330 636 Ib.
347 603 418 636 otio
442 607 541 636 taam
564 602 671 644 Bait,
697 601 808 645 Wes.,
835 602 1012 644 Schmidt,
1039 603 1150 637 otium
1170 603 1287 645 codd,
1313 604 1425 637 otiam

87 654 188 684 taam
218 649 328 691 Boot,
362 649 504 692 Tyrrell
529 649 697 682 Manutio
725 651 881 682 auctore.
909 670 954 674 —
982 652 1023 682 18
1050 653 1168 683 tamen
1191 652 1277 693 post
1300 650 1424 684 diebus

87 708 117 730 V.
134 700 176 729 19
203 698 290 729 vett.
312 696 407 737 edd,
428 696 530 729 Boot.
555 717 599 720 —
621 700 662 729 19
683 696 909 740 [tabellarii]
927 696 1030 730 Boot.
1058 717 1102 721 —
1130 700 1172 730 28
1198 709 1228 730 v.
1256 696 1424 730 Schmidt

86 755 121 787 p.
142 746 222 785 490,
251 742 393 786 Tyrrell
413 754 467 786 ep.
491 746 569 784 584,
597 743 700 776 VIII
714 743 796 776 oder
822 743 903 777 VII
915 743 972 776 Id.
995 742 1148 777 Schiche
1167 743 1289 777 Herm.
1306 743 1423 776 XVIII

87 793 213 833 9614,
238 800 353 823 *mense
380 790 485 823 Maio
513 789 648 832 Baiter,
675 789 845 823 NVesenb.
879 793 889 829 11
928 788 1174 833 P.384.4sq.
1197 791 1305 825 libros
1329 790 1422 832 πρὸς

87 838 172 879 post
200 834 422 879 Θεοπόμπου
460 836 614 869 Muecke
652 847 771 880 progr.
805 836 915 869 Ilfeld
942 840 1031 870 1878
1063 849 1096 880 p.
1120 841 1173 879 10,
1199 838 1354 872 TlssPOC
1372 837 1421 879 Μ,

87 883 178 925 πρὸς
203 882 357 924 Victor,
390 882 504 927 vulg„
541 894 623 916 cum
649 893 754 916 cruce
780 883 889 925 Boot,
921 896 955 917 τι
986 883 1077 926 πρὸς
1102 883 1272 918 ἳνθεθιὼ.
1306 905 1351 908 -
1379 888 1420 917 13

87 934 136 963 est
166 931 251 973 post
283 930 446 964 exclusas
477 929 560 963 add.
589 929 777 971 Wesenb.,
804 929 947 971 Baiter,
979 930 1088 973 Boot,
1120 930 1273 974 Tyrrell.
1300 952 1344 955 —
1369 931 1420 965 Ib.

87 976 352 1018 offenderetur
382 978 469 1009 vett.
503 976 601 1018 edd,
634 976 804 1010 IVesenb.
839 997 883 1001 ——
916 980 959 1009 22
985 978 1032 1011 iis
1056 977 1198 1019 Baiter,
1236 977 1421 1019 IVesenb„

86 1022 196 1064 Boot,
223 1022 406 1065 Schmidt,
437 1023 493 1057 his
517 1022 583 1065 ΜΞ,
611 1023 686 1066 alii,
713 1023 866 1066 Tyrrell.
910 1023 969 1056 Ad
994 1036 1027 1067 p.
1050 1027 1104 1057 37.
1120 1028 1174 1058 37.
1202 1045 1246 1049 —-
1273 1028 1315 1057 28
1340 1035 1420 1058 con--

87 1070 243 1104 diebam
275 1080 363 1103 corr.
398 1080 441 1103 ex
472 1070 721 1104 condiebamus
746 1070 800 1111 M,
827 1069 970 1112 Baiter,
995 1070 1148 1114 Tyr-rell,
1175 1070 1350 1104 Schmidt.
1377 1092 1421 1095 —

87 1120 131 1149 34
161 1127 236 1150 non
267 1117 450 1150 extimesco
483 1116 635 1160 Madvig
659 1116 749 1150 Adv.
776 1116 827 1149 ΠΙ
850 1129 885 1160 p.
909 1119 974 1150 189
1001 1116 1158 1151 fortasse
1183 1120 1293 1159 recte,
1322 1118 1422 1161 ‘very

88 1162 298 1196 atti-active’
326 1162 482 1207 Tyri-cll,
511 1163 613 1207 prob.
641 1163 755 1196 etiam
781 1163 922 1197 Gurlitt
946 1163 1078 1197 Philol.
1101 1167 1190 1198 1896
1216 1176 1250 1208 p.
1272 1168 1349 1198 329.
1376 1185 1421 1189 —

88 1214 130 1243 35
156 1211 194 1244 si
218 1211 264 1244 sit
281 1209 425 1253 Tyrrell
449 1211 551 1243 tacit.
578 1210 700 1244 nescio
728 1222 799 1243 cur.
844 1212 854 1254 1]
898 1211 944 1245 P.
964 1210 1054 1245 385.
1077 1214 1094 1244 1
1122 1211 1239 1245 Simul
1264 1212 1421 1255 aliquid

88 1257 300 1291 constituero
330 1256 390 1290 hic
416 1258 453 1290 et
478 1269 511 1300 p.
533 1260 610 1290 509.
626 1261 648 1290 4
675 1255 887 1290 Ciceronem
912 1257 1104 1301 scripsisse
1131 1258 1306 1302 suspicor.
1362 1258 1420 1291 Ad

86 1315 120 1347 p.
142 1306 194 1336 65.
212 1307 265 1337 30.
321 1304 377 1337 Ac
408 1305 493 1336 ante
518 1315 552 1346 c,
577 1315 616 1348 9,
643 1315 663 1347 q
694 1303 732 1336 in
757 1303 815 1337 his
842 1303 1013 1347 epistulis
1038 1315 1112 1338 non
1137 1304 1323 1338 invenitur
1348 1305 1420 1337 nisi

86 1349 147 1383 hic
173 1351 209 1383 et
233 1362 268 1394 p.
289 1353 444 1391 407.18,
479 1350 543 1383 ubi
569 1362 598 1383 V.
627 1350 728 1392 adn.,
764 1352 801 1384 et
827 1350 918 1384 coni.
945 1363 979 1394 p.
997 1354 1073 1384 550.
1090 1354 1144 1385 28.
1178 1351 1219 1384 V.
1249 1352 1296 1384 ad
1321 1351 1418 1385 Cael.

86 1408 120 1440 p.
137 1399 190 1430 98.
207 1400 238 1439 9,
264 1396 358 1430 Reid
383 1397 495 1430 Acad.
522 1409 556 1440 p.
579 1400 656 1430 220.
687 1418 730 1421 -
757 1401 777 1431 6
797 1409 827 1430 V.
850 1397 1004 1431 Schiche
1023 1397 1145 1431 Herm.
1167 1397 1284 1431 XVIII
1302 1410 1336 1442 p.
1352 1401 1418 1432 589

89 1444 127 1476 et
152 1447 218 1476 593
245 1445 282 1476 et
307 1447 390 1483 614,
424 1443 590 1477 Schmidt
619 1456 654 1487 p.
681 1448 766 1486 491,
799 1444 942 1487 Tyrrell
974 1455 1030 1488 ep.
1058 1448 1142 1486 588,
1174 1456 1288 1479 mense
1314 1446 1420 1479 Maio

87 1489 224 1531 Baiter,
244 1489 342 1523 Wes.
361 1490 440 1531 (VI
446 1490 616 1533 Id.?).—
638 1494 680 1523 10
700 1502 752 1524 me
769 1493 855 1534 post
873 1492 1052 1525 certiorem
1073 1491 1156 1524 add.
1170 1491 1307 1533 Baiter,
1334 1494 1420 1526 ante

87 1537 267 1570 certiorem
292 1536 406 1580 vulg,
432 1536 615 1579 Wesenb.,
641 1537 744 1579 Boot,
772 1537 915 1581 Tyrrell
939 1538 1041 1571 haud
1067 1538 1142 1572 scio
1164 1549 1211 1571 an
1229 1549 1322 1573 vere.
1361 1539 1420 1572 Ad

87 1595 121 1626 p.
144 1587 197 1616 11.
217 1586 267 1616 11.
301 1604 345 1607 —
378 1587 420 1616 23
437 1595 488 1626 sq.
518 1588 606 1627 puto
632 1605 676 1608 —
707 1584 778 1618 scio
809 1584 848 1617 in
878 1584 1046 1627 parenth.
1086 1584 1276 1627 Wesenb.,
1314 1585 1417 1620 Boot.

87 1629 145 1662 Ad
169 1641 203 1673 p.
227 1633 279 1662 16.
297 1632 349 1663 14.
376 1651 421 1654 -
447 1634 492 1663 24
516 1634 612 1664 certo
633 1630 735 1664 codd.
756 1632 904 1674 praeter
923 1631 971 1673 M,
990 1633 1033 1664 ut
1051 1631 1198 1665 videtur
1216 1632 1420 1675 (Lehmann

87 1687 121 1719 p.
144 1679 219 1719 88),
246 1676 389 1718 Baiter,
421 1676 531 1718 Boot,
558 1677 715 1721 Tyrrell,
748 1677 931 1720 Schmidt,
964 1682 1052 1712 certe
1076 1678 1125 1721 M,
1151 1677 1322 1712 Wesenb.
1361 1679 1420 1712 Ad

87 1734 120 1766 p.
144 1726 291 1756 267.19.
324 1744 369 1747 —
401 1726 536 1757 27—29
570 1735 670 1767 quem
694 1745 738 1748 —
769 1735 843 1758 meo
874 1724 911 1757 in
943 1724 1112 1768 parenth.
1140 1724 1309 1758 Wesenb.
1361 1726 1420 1758 Ad

88 1781 121 1812 p.
145 1773 268 1803 16.14.
319 1771 329 1813 ΙΙ
378 1770 423 1804 P.
444 1769 534 1804 386.
555 1774 574 1802 2
601 1782 631 1803 v.
659 1770 812 1804 Schiche
838 1770 958 1804 Herm.
986 1770 1103 1804 XVIII
1128 1783 1160 1815 p.
1184 1775 1249 1805 593
1277 1774 1314 1804 et
1340 1776 1419 1813 614,

89 1815 255 1849 Schmidt
279 1828 312 1859 p.
334 1820 413 1859 491,
439 1816 582 1859 Tyrrell
608 1827 662 1860 ep.
685 1821 769 1859 586,
801 1828 915 1851 mense
942 1818 1048 1852 Maio
1074 1817 1216 1860 Baiter,
1243 1820 1336 1861 (post
1367 1819 1426 1852 VI

87 1863 161 1905 Id.)
176 1862 346 1896 Wesenb.
362 1884 406 1888 —
427 1867 468 1896 12
486 1864 584 1896 Mihi
604 1863 684 1897 edd.
700 1865 847 1907 praeter
865 1863 1018 1907 Tyrrell.
1052 1864 1111 1897 Ad
1130 1876 1163 1908 p.
1181 1869 1210 1898 9.
1229 1868 1280 1898 19.
1303 1885 1348 1889 —
1375 1869 1418 1898 13

88 1913 128 1942 ut
153 1920 218 1942 scr.
239 1911 325 1952 post
343 1910 398 1943 ait
422 1911 465 1943 ut
489 1922 522 1953 p.
545 1914 621 1943 339.
638 1914 693 1951 21,
724 1913 803 1943 477.
819 1914 851 1953 3,
883 1911 915 1944 si
940 1910 1092 1954 Madvig
1116 1911 1205 1944 Adv.
1227 1910 1260 1943 H
1284 1923 1317 1954 p.
1340 1915 1418 1954 239,

87 1954 277 1997 Wesenb.,
315 1956 424 1998 Boot,
464 1956 622 2000 Tyrrell,
660 1957 748 1991 scire
779 1968 848 1999 me,
884 1958 974 1991 nisi
1006 1958 1091 1991 'novi
1120 1957 1145 1990 I.
1168 1957 1223 1991 Fr.
1252 1957 1418 2001 Gronov.,

87 2001 223 2044 Baiter,
244 2001 419 2036 Schmidt.
441 2024 484 2028 —
506 2007 548 2036 14
568 2003 736 2046 Scripsti
755 2003 846 2037 coni.
868 2003 1004 2045 Baiter,
1032 2015 1097 2037 scr.
1119 2003 1271 2047 Tyrrell,
1291 2006 1421 2049 scripsi

88 2047 126 2080 M
145 2049 187 2081 ut
205 2047 290 2082 fam.
311 2061 345 2093 p.
368 2054 444 2083 224.
462 2053 516 2091 18,
543 2050 696 2094 (limasti)
718 2048 857 2083 Cluent.
878 2062 913 2094 p.
932 2054 1059 2091 155.1;
1085 2062 1114 2083 v.
1137 2049 1235 2083 infra
1253 2055 1418 2095 p.419.5,

87 2097 243 2136 45818,
274 2099 428 2137 466.13;
474 2097 521 2129 ad
551 2109 584 2140 p.
607 2100 754 2131 137.12.
794 2117 838 2121 -
877 2101 919 2130 23
935 2108 1012 2139 sqq.
1052 2095 1242 2140 Epistulas
1281 2097 1417 2142 dispos.

89 2140 242 2174 Schiche
260 2140 381 2176 Herm.
402 2142 519 2175 XVIII
538 2155 571 2187 p.
587 2146 653 2176 589
669 2154 734 2185 sq.,
760 2142 928 2177 Schmidt
951 2155 985 2186 p.
1006 2146 1086 2185 492,
1107 2143 1249 2186 Tyrrell
1269 2154 1324 2188 ep.
1341 2148 1417 2179 589.

87 2207 132 2211 —
158 2190 200 2220 31
227 2191 349 2221 utrum
374 2188 526 2223 Schiche
551 2189 624 2232 l.l.,
650 2189 759 2231 Boot,
786 2189 939 2233 Tyrrell,
965 2194 1153 2233 utrumque
1179 2190 1295 2234 codd,
1320 2191 1418 2235 vulg.

88 2254 133 2258 —
158 2234 208 2267 1¹0.
250 2234 351 2278 Quod
383 2236 508 2270 scribis
541 2237 613 2270 reri
644 2241 675 2270 te
706 2237 794 2269 mihi
824 2237 925 2270 illam
950 2235 1140 2279 Wesenb.,
1170 2236 1271 2281 Quod
1295 2239 1421 2272 scribis

84 2284 175 2314 ‘reete
206 2281 294 2314 mihi
323 2281 424 2316 illam
454 2282 548 2316 Boot
579 2282 814 2316 scribendum
846 2293 927 2315 cum
952 2282 1131 2317 Lambino
1159 2288 1247 2318 certe
1271 2286 1419 2328 putam,
