1665 2553
168 480 207 511 (1)

87 1464 158 1495 (VH
177 1465 204 1497 2)

226 79 310 122 398
677 80 716 115 M
747 81 888 116 TULLI
914 81 1162 117 CICERONIS

850 235 945 277 VII.

458 316 531 351 Ser.
553 317 593 351 in
622 316 828 351 Tusculano
859 315 894 350 V
914 316 971 350 Id.
991 316 1077 350 Iun.
1098 327 1131 351 a.
1154 319 1225 352 709
1252 319 1343 361 (45).

631 397 821 432 CICERO
845 397 1038 433 ATTICO
1063 398 1172 433 SAL.

317 469 480 511 Sestius
522 469 632 523 apud
663 484 730 510 me
761 469 844 510 fuit
877 472 919 510 et
951 469 1250 524 Theopompus
1282 470 1427 525 pridie.
1489 470 1570 512 Ve—

227 529 340 570 nisse
385 543 408 569 a
440 526 617 568 Caesare
657 528 860 569 narrabat
896 528 1082 583 litteras3
1127 528 1207 570 hoc
1246 530 1446 585 scribere,
1487 530 1569 571 sibi
1606 546 1622 571 5

229 590 391 628 certum
423 601 511 628 esse
542 586 702 628 Romae
733 601 913 642 manere,
945 602 1196 642 causamque
1229 602 1320 629 eam
1350 588 1569 644 ascribere,

230 660 337 700 quae
370 648 460 686 erat
491 645 535 686 in
568 645 751 699 epistula
780 648 941 701 nostra,
970 660 1022 687 ne
1056 661 1099 687 se
1132 646 1306 688 absente
1330 647 1445 703 leges
1472 661 1570 689 suae

228 705 567 760 neglegerentur,
599 704 708 745 sicut
741 707 851 746 esset
880 705 1075 759 neglecta
1107 706 1370 759 sumptuaria
1396 705 1480 762 (est
1505 707 1571 748 εὔ-

230 767 378 816 λογον,
410 763 535 816 idque
568 777 681 804 eram
714 763 963 817 suspicatus.
1010 763 1091 805 Sed
1121 764 1217 805 istis
1243 779 1335 806 mos
1362 765 1569 820 gerendus

231 825 309 877 est,
345 821 429 862 m'si
466 821 605 875 placet
637 821 746 863 hanc
779 822 915 875 ipsam
947 823 1201 864 sententiam
1231 837 1310 864 nos
1344 823 1570 879 persequi),
1589 840 1622 864 ιο

231 883 272 921 et
298 879 526 921 Lentulum
552 895 647 921 cum
666 880 838 922 Metella
864 884 974 922 certe
1000 881 1147 922 fecisse
1173 881 1413 924 divortium.
1454 882 1569 924 Haec

231 940 371 980 omnia
413 942 463 980 tu
505 939 666 980 melius.
739 939 962 981 Rescribes
1004 940 1155 995 igitur,
1199 941 1398 995 quicquid
1441 941 1569 996 voles,

229 998 329 1039 dum
364 997 489 1039 modo
528 997 696 1050 aliquid.
763 996 854 1039 Iam
891 999 1002 1039 enim
1041 1013 1129 1039 non
1165 1000 1347 1054 reperio,
1389 1000 1491 1054 quid
1525 1002 1568 1042 te

228 1056 533 1110 rescripturum
564 1060 732 1112 putem,
769 1057 853 1097 m'si
885 1057 994 1098 forte
1027 1057 1076 1098 de
1108 1057 1304 1113 Mustela,
1335 1061 1408 1100 aut
1439 1058 1475 1100 si
1507 1057 1569 1100 Si-

227 1115 334 1156 lium
366 1115 531 1156 videris.
1589 1133 1621 1158 15

833 1219 958 1262 VHa.

446 1300 520 1334 Ser.
541 1301 582 1334 in
610 1300 816 1335 Tusculano
842 1301 906 1335 IV
927 1300 983 1335 Id.
1003 1301 1088 1335 Iun.
1109 1313 1142 1335 α.
1165 1303 1238 1336 709
1265 1304 1354 1346 (45).

630 1382 820 1417 CICERO
844 1382 1036 1417 ATTICO
1062 1382 1170 1418 SAL.

318 1454 478 1495 Brutus
510 1453 602 1495 heri
632 1454 750 1495 venit
780 1454 825 1495 in
850 1454 1135 1495 Tusculanum
1165 1457 1264 1508 post
1288 1454 1438 1496 horam
1464 1455 1568 1497 deci-

228 1528 336 1555 nam.
398 1512 536 1554 Hodie
567 1513 701 1567 igitur
730 1527 797 1554 me
828 1513 1000 1567 videbit,
1035 1528 1081 1554 ac
1111 1513 1264 1554 vellem
1295 1517 1388 1555 tum
1418 1517 1466 1555 tu
1498 1514 1566 1556 ad-
1585 1532 1619 1556 20

230 1586 353 1613 esses.
408 1571 521 1612 Iussi
562 1571 755 1625 equidem
786 1572 824 1612 ei
854 1572 1044 1613 nuntiari
1075 1575 1134 1627 te,
1173 1572 1312 1626 quoad
1342 1573 1567 1627 potuisses,

229 1633 494 1684 exspectasse
533 1630 622 1670 eius
660 1630 887 1671 adventum
924 1633 1252 1686 venturumque,
1293 1631 1329 1671 si
1367 1631 1568 1688 audisses,

228 1704 391 1745 meque,
421 1691 469 1730 ut
500 1688 621 1743 facio,
661 1689 862 1730 continuo
895 1692 936 1730 te
968 1689 1191 1730 certiorem
1223 1703 1313 1731 esse
1344 1689 1566 1731 facturum.

838 1816 955 1858 VIII.

440 1897 514 1932 Ser.
541 1898 582 1932 in
609 1897 815 1932 Tusculano
846 1897 906 1932 VI
924 1898 981 1933 Id.
1001 1897 1086 1932 Iun.
1109 1909 1141 1932 a.
1164 1899 1237 1933 709
1263 1899 1353 1942 (45).
1586 1906 1619 1931 25

631 1978 821 2014 CICERO
846 1975 1038 2014 ATTICO
1062 1979 1170 2014 SAL.

316 2051 446 2093 Plane
475 2051 585 2092 nihil
610 2054 711 2105 erat,
744 2051 856 2105 quod
882 2051 933 2092 ad
958 2054 1000 2091 te
1027 2051 1269 2106 scriberem3
1301 2051 1426 2093 modo
1454 2051 1565 2093 enim

230 2110 480 2151 discesseras
519 2112 560 2151 et
597 2109 724 2163 paulo
767 2112 864 2162 post
901 2109 1082 2163 triplicis
1129 2110 1362 2151 remiseras.
1424 2109 1564 2151 Velim

231 2182 349 2209 cures
386 2168 633 2209 fasciculum
673 2168 726 2209 ad
756 2167 1002 2209 Vestorium
1034 2168 1301 2209 deferendum
1334 2171 1375 2209 et
1407 2169 1565 2222 aliquoi

232 2226 302 2266 des
341 2227 579 2281 negotium,
624 2226 697 2280 qui
735 2229 927 2281 quaerat,
970 2226 1015 2275 Q.
1061 2225 1229 2267 Staberi
1268 2226 1423 2267 fundus
1463 2241 1565 2268 num
1585 2244 1619 2269 30

232 2283 326 2337 quis
370 2285 413 2325 in
450 2284 706 2338 Pompeiano
745 2283 960 2326 Nolanove
1002 2285 1162 2326 venalis
1201 2285 1267 2326 sit.
1336 2285 1567 2338 Epitomen
