1665 2553
326 105 665 140 EPISTULARUM
691 105 756 139 AD
782 104 996 139 ATTICUM
1022 103 1106 139 XIV
1133 109 1165 150 9,
1193 110 1246 139 10.
1367 105 1451 145 441

762 259 813 301 X.

306 341 379 375 Ser.
406 342 447 375 in
472 341 673 376 Puteolano
699 340 812 374 XIII
833 340 881 374 K.
904 339 999 374 Mazi.
1017 351 1050 374 α.
1073 342 1144 374 710
1171 341 1260 382 (44).

518 422 707 457 CICERO
730 421 922 456 ATTICO
946 421 1054 456 SAL.

205 495 324 536 Itane
367 495 495 536 vero?
543 495 623 535 hoc
666 509 783 535 meus
828 497 869 535 et
912 497 1012 534 tuus
1055 492 1216 534 Brutus
1261 492 1365 547 egit,
1408 495 1456 532 ut
1483 505 1502 534 1

84 553 281 596 sLanuvi
322 556 451 608 esset7
492 556 540 594 ut
578 553 813 594 Trebonius
852 552 1076 593 itineribus
1118 552 1248 592 deviis
1291 551 1456 605 profici-

119 615 304 654 sceretur
334 612 379 653 in
409 612 684 667 provinciam,
715 614 763 652 ut
802 611 943 652 omnia
975 611 1097 664 facta,
1131 611 1300 665 scripta,
1333 610 1456 665 dicta,

118 671 336 725 promissa,
368 671 554 725 cogitata
581 669 768 711 Caesaris
795 671 889 723 plus
914 669 1114 724 valerent,
1146 684 1268 723 quam
1305 668 1340 709 si
1365 668 1456 722 ipse

118 730 309 770 viveret?
358 729 646 770 Meministine
671 743 734 770 me
759 729 937 769 clamare
962 728 1037 768 illo
1057 728 1150 781 ipso
1177 728 1313 781 primo
1335 725 1457 781 Capi-

118 788 253 829 tolino
287 788 352 829 die
384 791 577 829 senatum
602 788 648 828 in
674 786 932 841 Capitolium
964 801 987 827 a
1017 786 1285 840 praetoribus
1314 786 1457 826 vocari

66 865 100 889 ιο
119 847 282 888 debere?
349 845 406 887 Di
452 845 731 899 immortales,
781 860 886 900 quae
931 848 1024 886 tum
1066 859 1193 898 opera
1232 844 1342 885 effici
1384 858 1457 898 po-

118 907 292 946 tuerunt
330 905 589 946 laetantibus
628 905 824 945 omnibus
861 905 1004 959 bonis,
1047 904 1174 944 etiam
1213 906 1278 944 sat
1320 903 1458 956 bonis,

118 964 264 1005 fractis
289 964 545 1004 latronibus!
590 963 803 1004 Liberalia
822 966 870 1004 tu
890 977 1068 1004 accusas.
1119 961 1229 1010 Quid
1247 962 1340 1002 fieri
1365 964 1457 1002 tum

118 1022 289 1077 potuit?
333 1023 417 1063 iam
447 1022 610 1076 pridem
641 1023 909 1076 perieramus.
971 1020 1261 1062 Meministine
1299 1023 1341 1060 te
1379 1020 1458 1060 cla·
1516 1036 1524 1039 ’

118 1095 233 1122 mare
264 1095 433 1122 causam
464 1081 641 1135 perisse,
678 1081 714 1121 si
745 1081 890 1121 funere
928 1080 1063 1120 elatus
1102 1079 1239 1119 esset?
1295 1078 1354 1119 At
1385 1078 1457 1119 ille

66 1157 98 1181 15
119 1140 247 1180 etiam
277 1140 321 1180 in
352 1140 445 1180 foro
472 1139 717 1180 combustus
747 1139 1028 1192 laudatusque
1053 1137 1354 1178 miserabiliter
1376 1151 1458 1177 ser-

117 1198 242 1252 vique
275 1200 316 1238 et
348 1200 517 1252 egentes
549 1198 595 1238 in
625 1200 737 1238 tecta
766 1200 914 1238 nostra
946 1211 1041 1237 cum
1071 1196 1234 1237 facibus
1266 1196 1457 1236 immissi.

119 1256 233 1305 Quae
258 1256 434 1297 deinde?
460 1259 509 1296 ut
535 1256 716 1296 audeant
742 1256 892 1297 dicere:
932 1255 1065 1295 ‘Tune
1091 1258 1238 1295 contra
1265 1253 1457 1295 Caesaris

117 1315 314 1356 nutum?'
352 1314 468 1355 Haec
499 1317 541 1355 et
572 1315 654 1355 alia
679 1315 786 1355 ferre
811 1329 898 1355 non
923 1328 1108 1368 possum.
1170 1312 1319 1367 Itaque
1354 1313 1458 1366 (γῆν

119 1375 202 1429 πρὸ
234 1372 327 1427 γῆς’
363 1373 523 1427 cogit03
553 1376 628 1414 tua
659 1376 802 1413 tamen
832 1372 1082 1427 ὑπηνέμιος.

68 1450 100 1474 20
208 1431 378 1472 Nausea
408 1432 547 1472 iamne
583 1431 707 1485 plane
740 1432 873 1472 abiit?
934 1431 1042 1471 Mihi
1081 1431 1250 1484 quidem
1288 1444 1338 1470 ex
1370 1429 1456 1470 tuis
1484 1441 1504 1470 2

118 1491 274 1531 litteris
308 1489 561 1530 coniectanti
592 1490 653 1530 ita
684 1490 916 1530 videbatur.
978 1489 1119 1530 Redeo
1154 1488 1205 1529 ad
1236 1488 1459 1542 Tebassos,

121 1549 319 1601 scaevas,
362 1547 617 1602 Frangones.
679 1547 770 1588 Hos
814 1550 863 1588 tu
906 1548 1122 1588 existimas
1169 1546 1376 1587 confidere
1415 1561 1458 1587 se

120 1608 194 1648 illa
218 1607 441 1647 habituros
474 1606 686 1646 stantibus
711 1606 864 1646 nobis?
914 1606 959 1645 in
981 1606 1135 1659 quibus
1162 1605 1258 1658 plus
1284 1605 1457 1645 virtutis

120 1668 337 1720 putarunt,
369 1679 495 1718 quam
528 1664 690 1717 experti
721 1667 832 1705 sunt.
891 1663 1013 1704 Pacis
1045 1664 1118 1704 isti
1157 1663 1317 1704 scilicet
1350 1677 1459 1703 ama-

68 1742 101 1767 25
120 1728 234 1765 tores
266 1726 308 1764 et
338 1737 425 1763 non
454 1722 668 1763 latrocinii
699 1725 903 1763 auctores.
951 1721 1011 1762 At
1044 1735 1139 1776 ego,
1171 1736 1266 1762 cum
1297 1721 1379 1761 tibi
1410 1721 1459 1761 de

122 1782 302 1824 Curtilio
348 1781 497 1834 scripsi
536 1780 851 1834 Sextilianoque
889 1780 1018 1820 fundo
1028 1815 1038 1835 ,
1083 1780 1231 1833 scripsi
1269 1779 1318 1819 de
1357 1779 1459 1820 Cen-

122 1841 277 1895 sorino,
309 1840 358 1880 de
389 1839 600 1893 Messalla,
631 1838 680 1880 de
706 1838 874 1893 Planco,
905 1838 953 1879 de
978 1838 1195 1891 Postumo,
1227 1837 1276 1877 de
1308 1851 1459 1891 genere

121 1902 225 1940 toto.
269 1898 422 1939 Melius
448 1898 530 1938 fuit
556 1897 715 1950 perisse
740 1897 814 1938 illo
841 1897 1077 1952 interfecto,
1097 1897 1210 1950 quod
1228 1910 1460 1949 numquam

123 1957 353 2010 accidisset,
386 1971 512 2010 quam
542 1955 645 1996 haec
675 1955 825 1996 videre.

69 2034 103 2058 30
212 2014 410 2056 Octavius
436 2013 661 2067 Neapolim
680 2013 796 2054 venit
821 2025 922 2054 XIIII
946 2012 1040 2054 Kal.
1089 2012 1156 2054 Ibi
1182 2027 1277 2053 eum
1302 2011 1460 2053 Balbus
1486 2024 1506 2054 3

122 2088 243 2115 mane
259 2073 463 2127 postridie
480 2072 707 2126 eodemque
724 2072 789 2113 die
806 2086 969 2112 mecum
982 2072 1027 2112 in
1041 2070 1242 2124 Cumano,
1256 2071 1378 2111 illum
1390 2071 1460 2112 he-

122 2132 343 2173 reditatem
369 2131 592 2171 aditurum.
642 2129 735 2184 Sed,
759 2133 807 2170 ut
827 2130 987 2184 scribis,
1015 2129 1243 2184 ριξόθεμιν
1261 2143 1460 2184 magnam

124 2205 218 2231 cum
236 2189 437 2230 Antonio.
480 2188 709 2229 Buthrotia
733 2188 839 2229 mihi
858 2191 932 2229 tua
957 2202 1024 2228 res
1045 2191 1120 2241 est,
1140 2191 1189 2228 ut
1209 2187 1343 2242 debet,
1363 2188 1460 2229 erit-

125 2263 205 2302 que
224 2261 357 2289 curae.
413 2246 534 2295 Quod
554 2247 731 2300 quaeris,
756 2247 894 2287 iamne
920 2246 971 2286 ad
996 2249 1169 2287 centena
1195 2244 1460 2301 Cluvizmum,

0 2351 1 2355 ,
71 2325 104 2350 35
125 2307 348 2348 adventare
368 2305 543 2346 videtur.
578 2303 746 2345 Scilicet
764 2305 901 2358 primo
923 2319 1032 2345 anno
1053 2308 1179 2345 LXXX
1199 2304 1459 2346 detersimus.
