<?xml version="1.0" encoding="UTF-8"?>
<!DOCTYPE html PUBLIC "-//W3C//DTD XHTML 1.0 Transitional//EN"
    "http://www.w3.org/TR/xhtml1/DTD/xhtml1-transitional.dtd">
<html xmlns="http://www.w3.org/1999/xhtml" xml:lang="en" lang="en">
 <head>
  <title>
</title>
<meta http-equiv="Content-Type" content="text/html;charset=utf-8" />
  <meta name='ocr-system' content='tesseract 3.04.00' />
  <meta name='ocr-capabilities' content='ocr_page ocr_carea ocr_par ocr_line ocrx_word'/>
</head>
<body>
  <div class='ocr_page' id='page_1' title='image "./p2scriptaquaemanse03ciceuoft_0635.png"; bbox 0 0 1665 2553; ppageno 0'>
   <div class='ocr_carea' id='block_1_1' title="bbox 292 84 1434 129">
    <p class='ocr_par' dir='ltr' id='par_1_1' title="bbox 292 84 1434 129">
     <span class='ocr_line' id='line_1_1' title="bbox 292 84 1434 129; baseline 0.001 -9"><span class='ocrx_word' id='word_1_1' title='bbox 292 86 633 121; x_wconf 84' lang='lat' dir='ltr'>EPISTULARUM</span> <span class='ocrx_word' id='word_1_2' title='bbox 658 86 722 120; x_wconf 92' lang='lat' dir='ltr'>AD</span> <span class='ocrx_word' id='word_1_3' title='bbox 749 85 964 120; x_wconf 85' lang='lat' dir='ltr'>ATTICUM</span> <span class='ocrx_word' id='word_1_4' title='bbox 988 85 1072 119; x_wconf 86' lang='lat' dir='ltr'>XIV</span> <span class='ocrx_word' id='word_1_5' title='bbox 1100 89 1153 129; x_wconf 81' lang='lat'>12,</span> <span class='ocrx_word' id='word_1_6' title='bbox 1182 88 1236 120; x_wconf 90' lang='lat'>13.</span> <span class='ocrx_word' id='word_1_7' title='bbox 1348 84 1434 126; x_wconf 79' lang='lat'>445</span> 
     </span>
    </p>
   </div>
   <div class='ocr_carea' id='block_1_2' title="bbox 44 180 1495 2339">
    <p class='ocr_par' dir='ltr' id='par_1_2' title="bbox 44 180 1495 2339">
     <span class='ocr_line' id='line_1_2' title="bbox 91 180 1435 236; baseline -0.002 -13"><span class='ocrx_word' id='word_1_8' title='bbox 91 182 215 224; x_wconf 88' lang='lat' dir='ltr'>nobis</span> <span class='ocrx_word' id='word_1_9' title='bbox 246 182 351 236; x_wconf 86' lang='lat' dir='ltr'>ipsis</span> <span class='ocrx_word' id='word_1_10' title='bbox 384 196 475 223; x_wconf 85' lang='lat' dir='ltr'>esse</span> <span class='ocrx_word' id='word_1_11' title='bbox 507 181 649 236; x_wconf 90' lang='lat' dir='ltr'>debet,</span> <span class='ocrx_word' id='word_1_12' title='bbox 681 184 740 234; x_wconf 92' lang='lat' dir='ltr'>ut,</span> <span class='ocrx_word' id='word_1_13' title='bbox 773 180 974 235; x_wconf 89' lang='lat' dir='ltr'>quicquid</span> <span class='ocrx_word' id='word_1_14' title='bbox 1011 180 1229 235; x_wconf 86' lang='lat' dir='ltr'>acciderit,</span> <span class='ocrx_word' id='word_1_15' title='bbox 1265 180 1435 221; x_wconf 80' lang='lat' dir='ltr'>fortiter</span> 
     </span>
     <span class='ocr_line' id='line_1_3' title="bbox 93 238 1435 295; baseline -0.003 -13"><span class='ocrx_word' id='word_1_16' title='bbox 93 244 136 282; x_wconf 89' lang='lat' dir='ltr'>et</span> <span class='ocrx_word' id='word_1_17' title='bbox 161 241 372 295; x_wconf 71' lang='lat' dir='ltr'>sapienter</span> <span class='ocrx_word' id='word_1_18' title='bbox 403 241 587 281; x_wconf 86' lang='lat' dir='ltr'>feramus</span> <span class='ocrx_word' id='word_1_19' title='bbox 620 242 660 280; x_wconf 92' lang='lat' dir='ltr'>et</span> <span class='ocrx_word' id='word_1_20' title='bbox 692 239 890 281; x_wconf 85' lang='lat' dir='ltr'>accidisse</span> <span class='ocrx_word' id='word_1_21' title='bbox 922 238 1168 280; x_wconf 89' lang='lat' dir='ltr'>hominibus</span> <span class='ocrx_word' id='word_1_22' title='bbox 1199 238 1435 279; x_wconf 85' lang='lat' dir='ltr'>memineri-</span> 
     </span>
     <span class='ocr_line' id='line_1_4' title="bbox 93 297 1434 354; baseline -0.002 -14"><span class='ocrx_word' id='word_1_23' title='bbox 93 314 198 354; x_wconf 90' lang='lat' dir='ltr'>mus,</span> <span class='ocrx_word' id='word_1_24' title='bbox 229 313 391 353; x_wconf 88' lang='lat' dir='ltr'>nosque</span> <span class='ocrx_word' id='word_1_25' title='bbox 424 314 517 340; x_wconf 91' lang='lat' dir='ltr'>cum</span> <span class='ocrx_word' id='word_1_26' title='bbox 551 299 733 339; x_wconf 90' lang='lat' dir='ltr'>multum</span> <span class='ocrx_word' id='word_1_27' title='bbox 765 298 934 339; x_wconf 87' lang='lat' dir='ltr'>litterae</span> <span class='ocrx_word' id='word_1_28' title='bbox 965 301 1058 338; x_wconf 92' lang='lat' dir='ltr'>tum</span> <span class='ocrx_word' id='word_1_29' title='bbox 1093 312 1181 338; x_wconf 89' lang='lat' dir='ltr'>non</span> <span class='ocrx_word' id='word_1_30' title='bbox 1211 297 1434 337; x_wconf 92' lang='lat' dir='ltr'>minimum</span> 
     </span>
     <span class='ocr_line' id='line_1_5' title="bbox 94 355 1434 412; baseline -0.003 -13"><span class='ocrx_word' id='word_1_31' title='bbox 94 357 195 399; x_wconf 91' lang='lat' dir='ltr'>Idus</span> <span class='ocrx_word' id='word_1_32' title='bbox 222 373 389 412; x_wconf 90' lang='lat' dir='ltr'>quoque</span> <span class='ocrx_word' id='word_1_33' title='bbox 414 358 593 398; x_wconf 83' lang='lat' dir='ltr'>Martiae</span> <span class='ocrx_word' id='word_1_34' title='bbox 625 357 904 398; x_wconf 73' lang='lat' dir='ltr'>consolentur.</span> <span class='ocrx_word' id='word_1_35' title='bbox 961 355 1135 410; x_wconf 91' lang='lat' dir='ltr'>Suscipe</span> <span class='ocrx_word' id='word_1_36' title='bbox 1161 370 1273 396; x_wconf 91' lang='lat' dir='ltr'>nunc</span> <span class='ocrx_word' id='word_1_37' title='bbox 1298 370 1434 396; x_wconf 86' lang='lat' dir='ltr'>meam</span> 
     </span>
     <span class='ocr_line' id='line_1_6' title="bbox 61 414 1435 470; baseline -0.003 -12"><span class='ocrx_word' id='word_1_38' title='bbox 61 434 76 459; x_wconf 86' lang='lat'>5</span> <span class='ocrx_word' id='word_1_39' title='bbox 97 417 460 470; x_wconf 74' lang='lat' dir='ltr'>deliberationem,</span> <span class='ocrx_word' id='word_1_40' title='bbox 505 431 588 470; x_wconf 89' lang='lat' dir='ltr'>qua</span> <span class='ocrx_word' id='word_1_41' title='bbox 626 416 842 457; x_wconf 90' lang='lat' dir='ltr'>sollicitor.</span> <span class='ocrx_word' id='word_1_42' title='bbox 904 414 970 456; x_wconf 90' lang='lat' dir='ltr'>Ita</span> <span class='ocrx_word' id='word_1_43' title='bbox 1007 415 1141 455; x_wconf 88' lang='lat' dir='ltr'>multa</span> <span class='ocrx_word' id='word_1_44' title='bbox 1178 414 1354 456; x_wconf 80' lang='lat' dir='ltr'>veniunt</span> <span class='ocrx_word' id='word_1_45' title='bbox 1391 414 1435 454; x_wconf 90' lang='lat' dir='ltr'>in</span> 
     </span>
     <span class='ocr_line' id='line_1_7' title="bbox 95 472 1435 529; baseline -0.003 -13"><span class='ocrx_word' id='word_1_46' title='bbox 95 478 279 516; x_wconf 86' lang='lat' dir='ltr'>mentem</span> <span class='ocrx_word' id='word_1_47' title='bbox 316 476 361 516; x_wconf 89' lang='lat' dir='ltr'>in</span> <span class='ocrx_word' id='word_1_48' title='bbox 397 478 620 529; x_wconf 84' lang='lat' dir='ltr'>utramque</span> <span class='ocrx_word' id='word_1_49' title='bbox 660 477 835 527; x_wconf 83' lang='lat' dir='ltr'>partem.</span> <span class='ocrx_word' id='word_1_50' title='bbox 896 473 1163 526; x_wconf 88' lang='lat' dir='ltr'>Proficiscor,</span> <span class='ocrx_word' id='word_1_51' title='bbox 1201 476 1250 513; x_wconf 93' lang='lat' dir='ltr'>ut</span> <span class='ocrx_word' id='word_1_52' title='bbox 1282 472 1435 513; x_wconf 90' lang='lat' dir='ltr'>consti-</span> 
     </span>
     <span class='ocr_line' id='line_1_8' title="bbox 96 531 1435 588; baseline -0.003 -13"><span class='ocrx_word' id='word_1_53' title='bbox 96 537 277 588; x_wconf 88' lang='lat' dir='ltr'>tueram,</span> <span class='ocrx_word' id='word_1_54' title='bbox 314 534 480 588; x_wconf 81' lang='lat' dir='ltr'>legatus</span> <span class='ocrx_word' id='word_1_55' title='bbox 512 534 557 574; x_wconf 85' lang='lat' dir='ltr'>in</span> <span class='ocrx_word' id='word_1_56' title='bbox 590 531 824 573; x_wconf 80' lang='lat' dir='ltr'>Graeciam:</span> <span class='ocrx_word' id='word_1_57' title='bbox 857 532 994 573; x_wconf 89' lang='lat' dir='ltr'>caedis</span> <span class='ocrx_word' id='word_1_58' title='bbox 1027 531 1296 585; x_wconf 72' lang='lat' dir='ltr'>inpendentis</span> <span class='ocrx_word' id='word_1_59' title='bbox 1329 531 1435 584; x_wconf 88' lang='lat' dir='ltr'>peri-</span> 
     </span>
     <span class='ocr_line' id='line_1_9' title="bbox 96 590 1435 645; baseline -0.002 -12"><span class='ocrx_word' id='word_1_60' title='bbox 96 593 237 634; x_wconf 89' lang='lat' dir='ltr'>culum</span> <span class='ocrx_word' id='word_1_61' title='bbox 267 607 354 633; x_wconf 90' lang='lat' dir='ltr'>non</span> <span class='ocrx_word' id='word_1_62' title='bbox 383 592 493 633; x_wconf 88' lang='lat' dir='ltr'>nihil</span> <span class='ocrx_word' id='word_1_63' title='bbox 517 592 651 633; x_wconf 79' lang='lat' dir='ltr'>vitare</span> <span class='ocrx_word' id='word_1_64' title='bbox 683 591 840 645; x_wconf 87' lang='lat' dir='ltr'>videor,</span> <span class='ocrx_word' id='word_1_65' title='bbox 871 591 943 632; x_wconf 89' lang='lat' dir='ltr'>sed</span> <span class='ocrx_word' id='word_1_66' title='bbox 969 605 1141 631; x_wconf 79' lang='lat' dir='ltr'>casurus</span> <span class='ocrx_word' id='word_1_67' title='bbox 1173 590 1219 631; x_wconf 88' lang='lat' dir='ltr'>in</span> <span class='ocrx_word' id='word_1_68' title='bbox 1250 590 1435 643; x_wconf 87' lang='lat' dir='ltr'>aliquam</span> 
     </span>
     <span class='ocr_line' id='line_1_10' title="bbox 96 648 1436 706; baseline -0.003 -14"><span class='ocrx_word' id='word_1_69' title='bbox 96 651 463 706; x_wconf 70' lang='lat' dir='ltr'>vituperationem,</span> <span class='ocrx_word' id='word_1_70' title='bbox 501 650 615 704; x_wconf 87' lang='lat' dir='ltr'>quod</span> <span class='ocrx_word' id='word_1_71' title='bbox 645 650 707 690; x_wconf 87' lang='lat' dir='ltr'>rei</span> <span class='ocrx_word' id='word_1_72' title='bbox 738 650 930 703; x_wconf 88' lang='lat' dir='ltr'>publicae</span> <span class='ocrx_word' id='word_1_73' title='bbox 961 649 1165 690; x_wconf 85' lang='lat' dir='ltr'>defuerim</span> <span class='ocrx_word' id='word_1_74' title='bbox 1196 652 1284 689; x_wconf 87' lang='lat' dir='ltr'>tam</span> <span class='ocrx_word' id='word_1_75' title='bbox 1316 648 1436 704; x_wconf 84' lang='lat' dir='ltr'>gravi</span> 
     </span>
     <span class='ocr_line' id='line_1_11' title="bbox 44 707 1495 764; baseline -0.002 -13"><span class='ocrx_word' id='word_1_76' title='bbox 44 728 78 752; x_wconf 91' lang='lat'>10</span> <span class='ocrx_word' id='word_1_77' title='bbox 96 713 297 764; x_wconf 86' lang='lat' dir='ltr'>tempore.</span> <span class='ocrx_word' id='word_1_78' title='bbox 349 709 426 751; x_wconf 91' lang='lat' dir='ltr'>Sin</span> <span class='ocrx_word' id='word_1_79' title='bbox 452 712 593 750; x_wconf 89' lang='lat' dir='ltr'>autem</span> <span class='ocrx_word' id='word_1_80' title='bbox 618 723 822 762; x_wconf 85' lang='lat' dir='ltr'>mansero,</span> <span class='ocrx_word' id='word_1_81' title='bbox 848 708 938 749; x_wconf 85' lang='lat' dir='ltr'>fore</span> <span class='ocrx_word' id='word_1_82' title='bbox 963 723 1029 748; x_wconf 90' lang='lat' dir='ltr'>me</span> <span class='ocrx_word' id='word_1_83' title='bbox 1056 708 1226 761; x_wconf 90' lang='lat' dir='ltr'>quidem</span> <span class='ocrx_word' id='word_1_84' title='bbox 1244 707 1365 747; x_wconf 88' lang='lat' dir='ltr'>video</span> <span class='ocrx_word' id='word_1_85' title='bbox 1392 707 1436 746; x_wconf 90' lang='lat' dir='ltr'>in</span> <span class='ocrx_word' id='word_1_86' title='bbox 1492 745 1495 748; x_wconf 87' lang='lat'>.</span> 
     </span>
     <span class='ocr_line' id='line_1_12' title="bbox 98 766 1436 821; baseline -0.003 -12"><span class='ocrx_word' id='word_1_87' title='bbox 98 768 349 821; x_wconf 80' lang='lat' dir='ltr'>discrimine,</span> <span class='ocrx_word' id='word_1_88' title='bbox 370 768 442 809; x_wconf 90' lang='lat' dir='ltr'>sed</span> <span class='ocrx_word' id='word_1_89' title='bbox 468 768 650 808; x_wconf 88' lang='lat' dir='ltr'>accidere</span> <span class='ocrx_word' id='word_1_90' title='bbox 676 781 798 821; x_wconf 90' lang='lat' dir='ltr'>posse</span> <span class='ocrx_word' id='word_1_91' title='bbox 825 767 1027 820; x_wconf 88' lang='lat' dir='ltr'>suspicor,</span> <span class='ocrx_word' id='word_1_92' title='bbox 1052 769 1099 807; x_wconf 92' lang='lat' dir='ltr'>ut</span> <span class='ocrx_word' id='word_1_93' title='bbox 1119 766 1316 820; x_wconf 79' lang='lat' dir='ltr'>prodesse</span> <span class='ocrx_word' id='word_1_94' title='bbox 1342 779 1436 818; x_wconf 91' lang='lat' dir='ltr'>pos-</span> 
     </span>
     <span class='ocr_line' id='line_1_13' title="bbox 99 823 1437 880; baseline -0.003 -12"><span class='ocrx_word' id='word_1_95' title='bbox 99 827 179 868; x_wconf 90' lang='lat' dir='ltr'>sim</span> <span class='ocrx_word' id='word_1_96' title='bbox 210 827 271 868; x_wconf 90' lang='lat' dir='ltr'>rei</span> <span class='ocrx_word' id='word_1_97' title='bbox 302 827 506 880; x_wconf 88' lang='lat' dir='ltr'>publicae.</span> <span class='ocrx_word' id='word_1_98' title='bbox 556 825 646 867; x_wconf 90' lang='lat' dir='ltr'>Iam</span> <span class='ocrx_word' id='word_1_99' title='bbox 678 826 751 866; x_wconf 82' lang='lat' dir='ltr'>illa</span> <span class='ocrx_word' id='word_1_100' title='bbox 783 826 958 866; x_wconf 86' lang='lat' dir='ltr'>consilia</span> <span class='ocrx_word' id='word_1_101' title='bbox 989 825 1155 878; x_wconf 76' lang='lat' dir='ltr'>privata</span> <span class='ocrx_word' id='word_1_102' title='bbox 1182 827 1293 879; x_wconf 90' lang='lat' dir='ltr'>sunt,</span> <span class='ocrx_word' id='word_1_103' title='bbox 1325 823 1437 877; x_wconf 89' lang='lat' dir='ltr'>quod</span> 
     </span>
     <span class='ocr_line' id='line_1_14' title="bbox 99 882 1435 926; baseline -0.003 0"><span class='ocrx_word' id='word_1_104' title='bbox 99 885 235 926; x_wconf 89' lang='lat' dir='ltr'>sentio</span> <span class='ocrx_word' id='word_1_105' title='bbox 261 885 381 926; x_wconf 79' lang='lat' dir='ltr'>valde</span> <span class='ocrx_word' id='word_1_106' title='bbox 413 900 504 926; x_wconf 90' lang='lat' dir='ltr'>esse</span> <span class='ocrx_word' id='word_1_107' title='bbox 529 885 633 926; x_wconf 89' lang='lat' dir='ltr'>utile</span> <span class='ocrx_word' id='word_1_108' title='bbox 667 884 718 925; x_wconf 90' lang='lat' dir='ltr'>ad</span> <span class='ocrx_word' id='word_1_109' title='bbox 744 884 1106 925; x_wconf 83' lang='lat' dir='ltr'>confirmationem</span> <span class='ocrx_word' id='word_1_110' title='bbox 1132 882 1391 924; x_wconf 84' lang='lat' dir='ltr'>Ciceronis</span> <span class='ocrx_word' id='word_1_111' title='bbox 1370 897 1435 922; x_wconf 86' lang='lat' dir='ltr'>me</span> 
     </span>
     <span class='ocr_line' id='line_1_15' title="bbox 97 941 1436 998; baseline -0.003 -14"><span class='ocrx_word' id='word_1_112' title='bbox 97 944 199 985; x_wconf 89' lang='lat' dir='ltr'>illuc</span> <span class='ocrx_word' id='word_1_113' title='bbox 229 944 388 998; x_wconf 72' lang='lat' dir='ltr'>venire,</span> <span class='ocrx_word' id='word_1_114' title='bbox 419 958 495 984; x_wconf 87' lang='lat' dir='ltr'>nec</span> <span class='ocrx_word' id='word_1_115' title='bbox 526 943 608 983; x_wconf 88' lang='lat' dir='ltr'>alia</span> <span class='ocrx_word' id='word_1_116' title='bbox 640 957 764 983; x_wconf 88' lang='lat' dir='ltr'>causa</span> <span class='ocrx_word' id='word_1_117' title='bbox 795 943 1069 996; x_wconf 86' lang='lat' dir='ltr'>profectionis</span> <span class='ocrx_word' id='word_1_118' title='bbox 1100 941 1206 982; x_wconf 89' lang='lat' dir='ltr'>mihi</span> <span class='ocrx_word' id='word_1_119' title='bbox 1238 941 1324 981; x_wconf 88' lang='lat' dir='ltr'>ulla</span> <span class='ocrx_word' id='word_1_120' title='bbox 1354 941 1436 980; x_wconf 84' lang='lat' dir='ltr'>fuit</span> 
     </span>
     <span class='ocr_line' id='line_1_16' title="bbox 46 999 1436 1056; baseline -0.004 -12"><span class='ocrx_word' id='word_1_121' title='bbox 46 1020 80 1046; x_wconf 87' lang='lat'>15</span> <span class='ocrx_word' id='word_1_122' title='bbox 99 1006 202 1056; x_wconf 90' lang='lat' dir='ltr'>tum,</span> <span class='ocrx_word' id='word_1_123' title='bbox 234 1017 329 1043; x_wconf 92' lang='lat' dir='ltr'>cum</span> <span class='ocrx_word' id='word_1_124' title='bbox 354 1002 578 1043; x_wconf 90' lang='lat' dir='ltr'>consilium</span> <span class='ocrx_word' id='word_1_125' title='bbox 604 1002 694 1055; x_wconf 89' lang='lat' dir='ltr'>cepi</span> <span class='ocrx_word' id='word_1_126' title='bbox 718 1001 852 1055; x_wconf 78' lang='lat' dir='ltr'>legari</span> <span class='ocrx_word' id='word_1_127' title='bbox 878 1016 901 1041; x_wconf 91' lang='lat' dir='ltr'>a</span> <span class='ocrx_word' id='word_1_128' title='bbox 927 999 1114 1042; x_wconf 83' lang='lat' dir='ltr'>Caesare.</span> <span class='ocrx_word' id='word_1_129' title='bbox 1165 1000 1273 1040; x_wconf 86' lang='lat' dir='ltr'>Tota</span> <span class='ocrx_word' id='word_1_130' title='bbox 1305 999 1436 1053; x_wconf 81' lang='lat' dir='ltr'>igitur</span> 
     </span>
     <span class='ocr_line' id='line_1_17' title="bbox 98 1059 1436 1115; baseline -0.003 -13"><span class='ocrx_word' id='word_1_131' title='bbox 98 1061 176 1102; x_wconf 88' lang='lat' dir='ltr'>hac</span> <span class='ocrx_word' id='word_1_132' title='bbox 208 1061 257 1101; x_wconf 91' lang='lat' dir='ltr'>de</span> <span class='ocrx_word' id='word_1_133' title='bbox 294 1075 356 1115; x_wconf 91' lang='lat' dir='ltr'>re,</span> <span class='ocrx_word' id='word_1_134' title='bbox 394 1063 443 1101; x_wconf 90' lang='lat' dir='ltr'>ut</span> <span class='ocrx_word' id='word_1_135' title='bbox 479 1060 607 1115; x_wconf 88' lang='lat' dir='ltr'>soles,</span> <span class='ocrx_word' id='word_1_136' title='bbox 652 1060 687 1100; x_wconf 90' lang='lat' dir='ltr'>si</span> <span class='ocrx_word' id='word_1_137' title='bbox 720 1060 821 1114; x_wconf 91' lang='lat' dir='ltr'>quid</span> <span class='ocrx_word' id='word_1_138' title='bbox 858 1059 909 1100; x_wconf 89' lang='lat' dir='ltr'>ad</span> <span class='ocrx_word' id='word_1_139' title='bbox 946 1074 1012 1100; x_wconf 92' lang='lat' dir='ltr'>me</span> <span class='ocrx_word' id='word_1_140' title='bbox 1052 1059 1264 1113; x_wconf 88' lang='lat' dir='ltr'>pertinere</span> <span class='ocrx_word' id='word_1_141' title='bbox 1300 1060 1436 1112; x_wconf 81' lang='lat' dir='ltr'>putaS,</span> 
     </span>
     <span class='ocr_line' id='line_1_18' title="bbox 100 1119 319 1174; baseline -0.009 -13"><span class='ocrx_word' id='word_1_142' title='bbox 100 1119 319 1174; x_wconf 77' lang='lat' dir='ltr'>cogitabis.</span> 
     </span>
     <span class='ocr_line' id='line_1_19' title="bbox 187 1174 1438 1230; baseline -0.003 -12"><span class='ocrx_word' id='word_1_143' title='bbox 187 1177 327 1218; x_wconf 84' lang='lat' dir='ltr'>Redeo</span> <span class='ocrx_word' id='word_1_144' title='bbox 359 1191 471 1218; x_wconf 91' lang='lat' dir='ltr'>nunc</span> <span class='ocrx_word' id='word_1_145' title='bbox 501 1177 552 1217; x_wconf 91' lang='lat' dir='ltr'>ad</span> <span class='ocrx_word' id='word_1_146' title='bbox 578 1176 803 1230; x_wconf 87' lang='lat' dir='ltr'>epistulam</span> <span class='ocrx_word' id='word_1_147' title='bbox 828 1178 956 1217; x_wconf 90' lang='lat' dir='ltr'>tuam.</span> <span class='ocrx_word' id='word_1_148' title='bbox 1019 1174 1178 1216; x_wconf 82' lang='lat' dir='ltr'>Scribis</span> <span class='ocrx_word' id='word_1_149' title='bbox 1205 1175 1317 1215; x_wconf 89' lang='lat' dir='ltr'>enim</span> <span class='ocrx_word' id='word_1_150' title='bbox 1349 1188 1438 1214; x_wconf 88' lang='lat' dir='ltr'>esse</span> 
     </span>
     <span class='ocr_line' id='line_1_20' title="bbox 100 1233 1437 1291; baseline -0.004 -14"><span class='ocrx_word' id='word_1_151' title='bbox 100 1251 291 1277; x_wconf 89' lang='lat' dir='ltr'>rumores</span> <span class='ocrx_word' id='word_1_152' title='bbox 317 1250 396 1291; x_wconf 91' lang='lat' dir='ltr'>me,</span> <span class='ocrx_word' id='word_1_153' title='bbox 422 1236 473 1276; x_wconf 87' lang='lat' dir='ltr'>ad</span> <span class='ocrx_word' id='word_1_154' title='bbox 497 1235 635 1276; x_wconf 91' lang='lat' dir='ltr'>lacum</span> <span class='ocrx_word' id='word_1_155' title='bbox 662 1234 775 1289; x_wconf 92' lang='lat' dir='ltr'>quod</span> <span class='ocrx_word' id='word_1_156' title='bbox 799 1234 947 1289; x_wconf 88' lang='lat' dir='ltr'>habeo,</span> <span class='ocrx_word' id='word_1_157' title='bbox 972 1234 1253 1287; x_wconf 78' lang='lat' dir='ltr'>venditurum,</span> <span class='ocrx_word' id='word_1_158' title='bbox 1284 1233 1437 1272; x_wconf 91' lang='lat' dir='ltr'>minus-</span> 
     </span>
     <span class='ocr_line' id='line_1_21' title="bbox 49 1291 1438 1348; baseline -0.004 -12"><span class='ocrx_word' id='word_1_159' title='bbox 49 1314 82 1338; x_wconf 75' lang='lat'>20</span> <span class='ocrx_word' id='word_1_160' title='bbox 101 1295 237 1336; x_wconf 93' lang='lat' dir='ltr'>culam</span> <span class='ocrx_word' id='word_1_161' title='bbox 268 1309 367 1335; x_wconf 82' lang='lat' dir='ltr'>vero</span> <span class='ocrx_word' id='word_1_162' title='bbox 399 1294 546 1335; x_wconf 84' lang='lat' dir='ltr'>villam</span> <span class='ocrx_word' id='word_1_163' title='bbox 579 1293 763 1348; x_wconf 86' lang='lat' dir='ltr'>[utique]</span> <span class='ocrx_word' id='word_1_164' title='bbox 792 1292 948 1341; x_wconf 90' lang='lat' dir='ltr'>Quinto</span> <span class='ocrx_word' id='word_1_165' title='bbox 981 1292 1238 1333; x_wconf 83' lang='lat' dir='ltr'>traditurum</span> <span class='ocrx_word' id='word_1_166' title='bbox 1267 1291 1334 1332; x_wconf 82' lang='lat' dir='ltr'>vel</span> <span class='ocrx_word' id='word_1_167' title='bbox 1365 1291 1438 1331; x_wconf 91' lang='lat' dir='ltr'>im-</span> 
     </span>
     <span class='ocr_line' id='line_1_22' title="bbox 102 1349 1438 1407; baseline -0.004 -13"><span class='ocrx_word' id='word_1_168' title='bbox 102 1368 234 1407; x_wconf 89' lang='lat' dir='ltr'>penso</span> <span class='ocrx_word' id='word_1_169' title='bbox 266 1353 421 1407; x_wconf 86' lang='lat' dir='ltr'>pretio,</span> <span class='ocrx_word' id='word_1_170' title='bbox 457 1367 540 1406; x_wconf 90' lang='lat' dir='ltr'>quo</span> <span class='ocrx_word' id='word_1_171' title='bbox 572 1352 882 1405; x_wconf 84' lang='lat' dir='ltr'>introducatur,</span> <span class='ocrx_word' id='word_1_172' title='bbox 921 1354 969 1392; x_wconf 92' lang='lat' dir='ltr'>ut</span> <span class='ocrx_word' id='word_1_173' title='bbox 1000 1351 1081 1391; x_wconf 88' lang='lat' dir='ltr'>tibi</span> <span class='ocrx_word' id='word_1_174' title='bbox 1113 1350 1295 1398; x_wconf 81' lang='lat' dir='ltr'>Quintus</span> <span class='ocrx_word' id='word_1_175' title='bbox 1325 1349 1438 1389; x_wconf 90' lang='lat' dir='ltr'>filius</span> 
     </span>
     <span class='ocr_line' id='line_1_23' title="bbox 101 1407 1440 1466; baseline -0.004 -14"><span class='ocrx_word' id='word_1_176' title='bbox 101 1412 266 1466; x_wconf 85' lang='lat' dir='ltr'>dixerit,</span> <span class='ocrx_word' id='word_1_177' title='bbox 299 1411 444 1452; x_wconf 86' lang='lat' dir='ltr'>dotata</span> <span class='ocrx_word' id='word_1_178' title='bbox 475 1411 660 1464; x_wconf 87' lang='lat' dir='ltr'>Aquilia.</span> <span class='ocrx_word' id='word_1_179' title='bbox 721 1410 815 1464; x_wconf 83' lang='lat' dir='ltr'>Ego</span> <span class='ocrx_word' id='word_1_180' title='bbox 848 1424 946 1450; x_wconf 81' lang='lat' dir='ltr'>vero</span> <span class='ocrx_word' id='word_1_181' title='bbox 979 1409 1028 1450; x_wconf 89' lang='lat' dir='ltr'>de</span> <span class='ocrx_word' id='word_1_182' title='bbox 1059 1409 1300 1449; x_wconf 85' lang='lat' dir='ltr'>venditione</span> <span class='ocrx_word' id='word_1_183' title='bbox 1331 1407 1440 1448; x_wconf 90' lang='lat' dir='ltr'>nihil</span> 
     </span>
     <span class='ocr_line' id='line_1_24' title="bbox 102 1467 1438 1525; baseline -0.004 -14"><span class='ocrx_word' id='word_1_184' title='bbox 102 1471 261 1525; x_wconf 79' lang='lat' dir='ltr'>cogito,</span> <span class='ocrx_word' id='word_1_185' title='bbox 297 1470 381 1510; x_wconf 85' lang='lat' dir='ltr'>nisi</span> <span class='ocrx_word' id='word_1_186' title='bbox 419 1469 538 1524; x_wconf 91' lang='lat' dir='ltr'>quid,</span> <span class='ocrx_word' id='word_1_187' title='bbox 575 1469 687 1523; x_wconf 91' lang='lat' dir='ltr'>quod</span> <span class='ocrx_word' id='word_1_188' title='bbox 724 1468 859 1523; x_wconf 81' lang='lat' dir='ltr'>magis</span> <span class='ocrx_word' id='word_1_189' title='bbox 896 1483 962 1509; x_wconf 92' lang='lat' dir='ltr'>me</span> <span class='ocrx_word' id='word_1_190' title='bbox 994 1468 1192 1520; x_wconf 90' lang='lat' dir='ltr'>delectet,</span> <span class='ocrx_word' id='word_1_191' title='bbox 1229 1467 1438 1507; x_wconf 81' lang='lat' dir='ltr'>invenero.</span> 
     </span>
     <span class='ocr_line' id='line_1_25' title="bbox 103 1526 1439 1578; baseline -0.004 -9"><span class='ocrx_word' id='word_1_192' title='bbox 103 1528 284 1577; x_wconf 83' lang='lat' dir='ltr'>Quintus</span> <span class='ocrx_word' id='word_1_193' title='bbox 329 1530 470 1568; x_wconf 89' lang='lat' dir='ltr'>autem</span> <span class='ocrx_word' id='word_1_194' title='bbox 514 1527 563 1567; x_wconf 90' lang='lat' dir='ltr'>de</span> <span class='ocrx_word' id='word_1_195' title='bbox 604 1527 775 1567; x_wconf 88' lang='lat' dir='ltr'>emendo</span> <span class='ocrx_word' id='word_1_196' title='bbox 813 1526 922 1567; x_wconf 81' lang='lat' dir='ltr'>nihil</span> <span class='ocrx_word' id='word_1_197' title='bbox 963 1529 1079 1566; x_wconf 86' lang='lat' dir='ltr'>curat</span> <span class='ocrx_word' id='word_1_198' title='bbox 1119 1526 1200 1566; x_wconf 93' lang='lat' dir='ltr'>hoc</span> <span class='ocrx_word' id='word_1_199' title='bbox 1240 1528 1439 1578; x_wconf 87' lang='lat' dir='ltr'>tempore.</span> 
     </span>
     <span class='ocr_line' id='line_1_26' title="bbox 52 1583 1441 1639; baseline -0.004 -10"><span class='ocrx_word' id='word_1_200' title='bbox 52 1606 84 1631; x_wconf 71' lang='lat'>25</span> <span class='ocrx_word' id='word_1_201' title='bbox 105 1586 216 1628; x_wconf 84' lang='lat' dir='ltr'>Satis</span> <span class='ocrx_word' id='word_1_202' title='bbox 249 1586 361 1626; x_wconf 80' lang='lat' dir='ltr'>enim</span> <span class='ocrx_word' id='word_1_203' title='bbox 392 1588 616 1639; x_wconf 84' lang='lat' dir='ltr'>torquetur</span> <span class='ocrx_word' id='word_1_204' title='bbox 649 1585 861 1625; x_wconf 87' lang='lat' dir='ltr'>debitione</span> <span class='ocrx_word' id='word_1_205' title='bbox 893 1584 1023 1639; x_wconf 91' lang='lat' dir='ltr'>dotis,</span> <span class='ocrx_word' id='word_1_206' title='bbox 1054 1585 1098 1624; x_wconf 90' lang='lat' dir='ltr'>in</span> <span class='ocrx_word' id='word_1_207' title='bbox 1131 1599 1212 1637; x_wconf 89' lang='lat' dir='ltr'>qua</span> <span class='ocrx_word' id='word_1_208' title='bbox 1244 1583 1441 1623; x_wconf 87' lang='lat' dir='ltr'>mirificas</span> 
     </span>
     <span class='ocr_line' id='line_1_27' title="bbox 105 1641 1441 1699; baseline -0.004 -13"><span class='ocrx_word' id='word_1_209' title='bbox 105 1645 149 1694; x_wconf 87' lang='lat' dir='ltr'>Q.</span> <span class='ocrx_word' id='word_1_210' title='bbox 181 1645 367 1699; x_wconf 82' lang='lat' dir='ltr'>Egnatio</span> <span class='ocrx_word' id='word_1_211' title='bbox 406 1644 564 1698; x_wconf 82' lang='lat' dir='ltr'>gratias</span> <span class='ocrx_word' id='word_1_212' title='bbox 603 1644 709 1697; x_wconf 82' lang='lat' dir='ltr'>agit3</span> <span class='ocrx_word' id='word_1_213' title='bbox 747 1658 770 1683; x_wconf 91' lang='lat' dir='ltr'>a</span> <span class='ocrx_word' id='word_1_214' title='bbox 808 1643 994 1683; x_wconf 86' lang='lat' dir='ltr'>ducenda</span> <span class='ocrx_word' id='word_1_215' title='bbox 1032 1645 1173 1682; x_wconf 88' lang='lat' dir='ltr'>autem</span> <span class='ocrx_word' id='word_1_216' title='bbox 1210 1655 1340 1682; x_wconf 83' lang='lat' dir='ltr'>uxore</span> <span class='ocrx_word' id='word_1_217' title='bbox 1383 1641 1441 1681; x_wconf 91' lang='lat' dir='ltr'>sic</span> 
     </span>
     <span class='ocr_line' id='line_1_28' title="bbox 105 1700 1441 1757; baseline -0.004 -12"><span class='ocrx_word' id='word_1_218' title='bbox 105 1703 316 1757; x_wconf 84' lang='lat' dir='ltr'>abhorret,</span> <span class='ocrx_word' id='word_1_219' title='bbox 347 1705 394 1743; x_wconf 89' lang='lat' dir='ltr'>ut</span> <span class='ocrx_word' id='word_1_220' title='bbox 425 1703 558 1742; x_wconf 88' lang='lat' dir='ltr'>libero</span> <span class='ocrx_word' id='word_1_221' title='bbox 590 1702 745 1742; x_wconf 88' lang='lat' dir='ltr'>lectulo</span> <span class='ocrx_word' id='word_1_222' title='bbox 770 1704 896 1755; x_wconf 81' lang='lat' dir='ltr'>neget</span> <span class='ocrx_word' id='word_1_223' title='bbox 928 1715 1017 1741; x_wconf 88' lang='lat' dir='ltr'>esse</span> <span class='ocrx_word' id='word_1_224' title='bbox 1045 1701 1269 1754; x_wconf 86' lang='lat' dir='ltr'>quicquam</span> <span class='ocrx_word' id='word_1_225' title='bbox 1299 1700 1441 1740; x_wconf 88' lang='lat' dir='ltr'>iucun—</span> 
     </span>
     <span class='ocr_line' id='line_1_29' title="bbox 105 1759 931 1813; baseline -0.006 -10"><span class='ocrx_word' id='word_1_226' title='bbox 105 1763 209 1803; x_wconf 90' lang='lat' dir='ltr'>dius.</span> <span class='ocrx_word' id='word_1_227' title='bbox 272 1760 354 1802; x_wconf 88' lang='lat' dir='ltr'>Sed</span> <span class='ocrx_word' id='word_1_228' title='bbox 383 1761 485 1801; x_wconf 85' lang='lat' dir='ltr'>haec</span> <span class='ocrx_word' id='word_1_229' title='bbox 518 1774 686 1813; x_wconf 89' lang='lat' dir='ltr'>quoque</span> <span class='ocrx_word' id='word_1_230' title='bbox 717 1759 931 1799; x_wconf 82' lang='lat' dir='ltr'>hactenus,</span> 
     </span>
     <span class='ocr_line' id='line_1_30' title="bbox 193 1816 1441 1869; baseline -0.005 -8"><span class='ocrx_word' id='word_1_231' title='bbox 193 1820 333 1861; x_wconf 85' lang='lat' dir='ltr'>Redeo</span> <span class='ocrx_word' id='word_1_232' title='bbox 375 1819 486 1859; x_wconf 90' lang='lat' dir='ltr'>enim</span> <span class='ocrx_word' id='word_1_233' title='bbox 528 1818 579 1858; x_wconf 89' lang='lat' dir='ltr'>ad</span> <span class='ocrx_word' id='word_1_234' title='bbox 617 1818 815 1858; x_wconf 88' lang='lat' dir='ltr'>miseram</span> <span class='ocrx_word' id='word_1_235' title='bbox 857 1832 929 1858; x_wconf 90' lang='lat' dir='ltr'>seu</span> <span class='ocrx_word' id='word_1_236' title='bbox 966 1816 1127 1857; x_wconf 85' lang='lat' dir='ltr'>nullam</span> <span class='ocrx_word' id='word_1_237' title='bbox 1170 1816 1313 1869; x_wconf 87' lang='lat' dir='ltr'>potius</span> <span class='ocrx_word' id='word_1_238' title='bbox 1352 1830 1441 1855; x_wconf 84' lang='lat' dir='ltr'>rem</span> 
     </span>
     <span class='ocr_line' id='line_1_31' title="bbox 54 1874 1442 1932; baseline -0.006 -11"><span class='ocrx_word' id='word_1_239' title='bbox 54 1898 88 1922; x_wconf 82' lang='lat'>30</span> <span class='ocrx_word' id='word_1_240' title='bbox 107 1879 330 1932; x_wconf 87' lang='lat' dir='ltr'>publicam.</span> <span class='ocrx_word' id='word_1_241' title='bbox 392 1878 448 1918; x_wconf 87' lang='grc' dir='ltr'>Μ.</span> <span class='ocrx_word' id='word_1_242' title='bbox 470 1877 682 1917; x_wconf 83' lang='lat' dir='ltr'>Antonius</span> <span class='ocrx_word' id='word_1_243' title='bbox 721 1876 772 1916; x_wconf 90' lang='lat' dir='ltr'>ad</span> <span class='ocrx_word' id='word_1_244' title='bbox 802 1889 868 1916; x_wconf 91' lang='lat' dir='ltr'>me</span> <span class='ocrx_word' id='word_1_245' title='bbox 901 1874 1070 1928; x_wconf 86' lang='lat' dir='ltr'>scripsit</span> <span class='ocrx_word' id='word_1_246' title='bbox 1103 1874 1151 1914; x_wconf 91' lang='lat' dir='ltr'>de</span> <span class='ocrx_word' id='word_1_247' title='bbox 1171 1874 1442 1914; x_wconf 83' lang='lat' dir='ltr'>iestitutione</span> 
     </span>
     <span class='ocr_line' id='line_1_32' title="bbox 108 1932 1442 1998; baseline -0.004 -20"><span class='ocrx_word' id='word_1_248' title='bbox 108 1936 200 1978; x_wconf 83' lang='lat' dir='ltr'>Sex.</span> <span class='ocrx_word' id='word_1_249' title='bbox 244 1936 383 1990; x_wconf 77' lang='lat' dir='ltr'>Clodi3</span> <span class='ocrx_word' id='word_1_250' title='bbox 422 1950 548 1989; x_wconf 88' lang='lat' dir='ltr'>quam</span> <span class='ocrx_word' id='word_1_251' title='bbox 579 1934 828 1988; x_wconf 88' lang='lat' dir='ltr'>honorifice,</span> <span class='ocrx_word' id='word_1_252' title='bbox 866 1933 978 1998; x_wconf 82' lang='lat' dir='ltr'>quod</span> <span class='ocrx_word' id='word_1_253' title='bbox 1010 1933 1060 1973; x_wconf 89' lang='lat' dir='ltr'>ad</span> <span class='ocrx_word' id='word_1_254' title='bbox 1092 1947 1157 1973; x_wconf 90' lang='lat' dir='ltr'>me</span> <span class='ocrx_word' id='word_1_255' title='bbox 1189 1932 1361 1985; x_wconf 84' lang='lat' dir='ltr'>attinet</span> <span class='ocrx_word' id='word_1_256' title='bbox 1393 1946 1442 1972; x_wconf 85' lang='lat' dir='ltr'>ex</span> 
     </span>
     <span class='ocr_line' id='line_1_33' title="bbox 107 1966 1442 2055; baseline -0.005 -19"><span class='ocrx_word' id='word_1_257' title='bbox 107 1995 240 2049; x_wconf 88' lang='lat' dir='ltr'>ipsius</span> <span class='ocrx_word' id='word_1_258' title='bbox 280 1995 437 2035; x_wconf 79' lang='lat' dir='ltr'>litteiis</span> <span class='ocrx_word' id='word_1_259' title='bbox 478 2007 705 2047; x_wconf 79' lang='lat' dir='ltr'>cognosces</span> <span class='ocrx_word' id='word_1_260' title='bbox 747 1991 864 2047; x_wconf 82' lang='lat' dir='ltr'>(misi</span> <span class='ocrx_word' id='word_1_261' title='bbox 904 1992 1016 2032; x_wconf 88' lang='lat' dir='ltr'>enim</span> <span class='ocrx_word' id='word_1_262' title='bbox 1056 1991 1137 2031; x_wconf 89' lang='lat' dir='ltr'>tibi</span> <span class='ocrx_word' id='word_1_263' title='bbox 1175 1966 1442 2055; x_wconf 62' lang='lat' dir='ltr'>exemplum),</span> 
     </span>
     <span class='ocr_line' id='line_1_34' title="bbox 109 2049 1443 2107; baseline -0.005 -13"><span class='ocrx_word' id='word_1_264' title='bbox 109 2068 234 2107; x_wconf 89' lang='lat' dir='ltr'>quam</span> <span class='ocrx_word' id='word_1_265' title='bbox 266 2053 482 2105; x_wconf 84' lang='lat' dir='ltr'>dissolute,</span> <span class='ocrx_word' id='word_1_266' title='bbox 515 2066 640 2104; x_wconf 86' lang='lat' dir='ltr'>quam</span> <span class='ocrx_word' id='word_1_267' title='bbox 664 2051 846 2104; x_wconf 87' lang='lat' dir='ltr'>turpiter</span> <span class='ocrx_word' id='word_1_268' title='bbox 874 2064 1082 2103; x_wconf 86' lang='lat' dir='ltr'>quamque</span> <span class='ocrx_word' id='word_1_269' title='bbox 1108 2050 1168 2089; x_wconf 90' lang='lat' dir='ltr'>ita</span> <span class='ocrx_word' id='word_1_270' title='bbox 1198 2049 1443 2103; x_wconf 86' lang='lat' dir='ltr'>perniciose,</span> 
     </span>
     <span class='ocr_line' id='line_1_35' title="bbox 108 2106 1443 2164; baseline -0.005 -12"><span class='ocrx_word' id='word_1_271' title='bbox 108 2114 156 2152; x_wconf 91' lang='lat' dir='ltr'>ut</span> <span class='ocrx_word' id='word_1_272' title='bbox 192 2126 278 2152; x_wconf 89' lang='lat' dir='ltr'>non</span> <span class='ocrx_word' id='word_1_273' title='bbox 313 2125 545 2164; x_wconf 82' lang='lat' dir='ltr'>numquam</span> <span class='ocrx_word' id='word_1_274' title='bbox 583 2108 735 2150; x_wconf 85' lang='lat' dir='ltr'>Caesar</span> <span class='ocrx_word' id='word_1_275' title='bbox 778 2108 1075 2149; x_wconf 86' lang='lat' dir='ltr'>desiderandus</span> <span class='ocrx_word' id='word_1_276' title='bbox 1118 2122 1206 2148; x_wconf 88' lang='lat' dir='ltr'>esse</span> <span class='ocrx_word' id='word_1_277' title='bbox 1238 2106 1443 2161; x_wconf 84' lang='lat' dir='ltr'>videatur,</span> 
     </span>
     <span class='ocr_line' id='line_1_36' title="bbox 56 2165 1443 2230; baseline -0.004 -19"><span class='ocrx_word' id='word_1_278' title='bbox 56 2188 89 2213; x_wconf 85' lang='lat'>35</span> <span class='ocrx_word' id='word_1_279' title='bbox 108 2170 229 2210; x_wconf 81' lang='lat' dir='ltr'>facile</span> <span class='ocrx_word' id='word_1_280' title='bbox 256 2169 529 2210; x_wconf 75' lang='lat' dir='ltr'>existimabis.</span> <span class='ocrx_word' id='word_1_281' title='bbox 591 2166 704 2216; x_wconf 84' lang='lat' dir='ltr'>Quae</span> <span class='ocrx_word' id='word_1_282' title='bbox 729 2167 840 2207; x_wconf 91' lang='lat' dir='ltr'>enim</span> <span class='ocrx_word' id='word_1_283' title='bbox 866 2165 1018 2207; x_wconf 80' lang='lat' dir='ltr'>Caesar</span> <span class='ocrx_word' id='word_1_284' title='bbox 1046 2180 1278 2219; x_wconf 89' lang='lat' dir='ltr'>numquam</span> <span class='ocrx_word' id='word_1_285' title='bbox 1310 2179 1443 2230; x_wconf 85' lang='lat' dir='ltr'>neque</span> 
     </span>
     <span class='ocr_line' id='line_1_37' title="bbox 109 2224 1443 2279; baseline -0.004 -11"><span class='ocrx_word' id='word_1_286' title='bbox 109 2228 274 2269; x_wconf 84' lang='lat' dir='ltr'>fecisset</span> <span class='ocrx_word' id='word_1_287' title='bbox 318 2241 452 2279; x_wconf 90' lang='lat' dir='ltr'>neque</span> <span class='ocrx_word' id='word_1_288' title='bbox 492 2240 640 2279; x_wconf 89' lang='lat' dir='ltr'>passus</span> <span class='ocrx_word' id='word_1_289' title='bbox 687 2229 813 2277; x_wconf 88' lang='lat' dir='ltr'>esset,</span> <span class='ocrx_word' id='word_1_290' title='bbox 857 2239 904 2265; x_wconf 88' lang='lat' dir='ltr'>ea</span> <span class='ocrx_word' id='word_1_291' title='bbox 944 2239 1054 2265; x_wconf 90' lang='lat' dir='ltr'>nunc</span> <span class='ocrx_word' id='word_1_292' title='bbox 1099 2239 1147 2264; x_wconf 86' lang='lat' dir='ltr'>ex</span> <span class='ocrx_word' id='word_1_293' title='bbox 1189 2224 1308 2264; x_wconf 81' lang='lat' dir='ltr'>falsis</span> <span class='ocrx_word' id='word_1_294' title='bbox 1355 2225 1443 2263; x_wconf 88' lang='lat' dir='ltr'>eius</span> 
     </span>
     <span class='ocr_line' id='line_1_38' title="bbox 110 2281 1445 2339; baseline -0.004 -12"><span class='ocrx_word' id='word_1_295' title='bbox 110 2285 420 2327; x_wconf 88' lang='lat' dir='ltr'>commentariis</span> <span class='ocrx_word' id='word_1_296' title='bbox 446 2285 728 2339; x_wconf 84' lang='lat' dir='ltr'>proferuntur.</span> <span class='ocrx_word' id='word_1_297' title='bbox 791 2283 884 2337; x_wconf 80' lang='lat' dir='ltr'>Ego</span> <span class='ocrx_word' id='word_1_298' title='bbox 918 2285 1058 2323; x_wconf 88' lang='lat' dir='ltr'>autem</span> <span class='ocrx_word' id='word_1_299' title='bbox 1083 2281 1272 2323; x_wconf 87' lang='lat' dir='ltr'>Antonio</span> <span class='ocrx_word' id='word_1_300' title='bbox 1298 2282 1445 2322; x_wconf 88' lang='lat' dir='ltr'>facilli-</span> 
     </span>
    </p>
   </div>
  </div>
 </body>
</html>
