1665 2553
299 89 640 125 EPISTULARUM
665 89 730 124 AD
756 88 973 124 ATTICUM
997 89 1048 123 III
1076 92 1223 123 19—22.
1375 88 1432 130 93

88 186 309 242 expedisti,
339 185 461 227 valde
484 185 591 226 mihi
618 187 787 240 gratum
819 187 894 226 est.
939 183 1060 233 Quod
1084 184 1308 225 facultates
1334 186 1431 226 tuas

88 246 139 287 ad
170 259 307 286 meam
348 244 529 286 salutem
568 244 800 300 polliceris,
840 246 890 285 ut
931 243 1128 285 omnibus
1169 243 1296 284 rebus
1335 258 1359 284 a
1389 245 1433 284 te

86 306 254 360 praeter
281 306 441 345 ceteros
463 303 593 358 iuver,
625 303 667 344 id
694 305 900 357 quantum
927 303 983 343 sit
1007 302 1278 356 praesidium,
1308 301 1430 343 video

86 363 375 418 intellegoque
405 365 449 403 te
479 362 636 403 multas
662 365 804 416 partes
829 376 946 403 meae
972 361 1123 402 salutis
1152 363 1194 402 et
1219 360 1432 415 suscipere

52 439 68 465 5
89 424 130 464 et
161 435 288 476 posse
321 421 530 463 sustinere
554 435 703 477 neque,
734 423 783 462 ut
808 421 868 462 ita
892 420 1034 475 facias,
1065 420 1304 475 rogandum
1330 433 1431 461 esse.

88 480 208 530 Quod
245 494 312 521 me
342 483 461 521 vetas
501 480 726 534 quicquam
767 479 973 533 suspicari
1013 478 1213 520 accidisse
1255 478 1306 519 ad
1346 478 1432 519 ani·
1459 490 1479 520 3

87 554 204 581 mum
234 542 369 595 tuum,
401 539 514 593 quod
547 553 666 579 secus
699 554 722 580 a
753 553 820 579 me
852 552 951 593 erga
983 541 1025 579 te
1057 538 1332 579 commissum
1359 539 1432 578 aut

87 598 433 652 praetermissum
465 597 696 651 videretur,
730 611 873 652 geram
904 597 986 638 tibi
1017 611 1179 638 morem
1211 599 1252 638 et
1282 596 1433 638 libera-

87 656 166 698 bor
197 657 281 698 ista
313 671 424 712 cura,
455 656 537 697 tibi
569 659 711 697 tamen
743 670 790 697 eo
823 656 919 710 plus
951 656 1133 711 debebo,
1165 669 1249 710 quo
1282 657 1356 696 tua
1388 654 1433 695 in

35 733 68 758 ιο
87 730 155 756 1116
184 714 428 757 humanitas
460 715 589 756 fuerit
616 714 820 756 excelsior
847 729 974 769 quam
999 714 1044 755 in
1069 716 1112 755 te
1137 729 1239 756 mea.
1279 713 1433 769 Velim,

89 774 191 829 quid
221 774 381 830 videas,
414 774 515 828 quid
544 773 785 828 intellegas,
818 773 919 827 quid
951 776 1120 828 agatur,
1154 774 1205 814 ad
1236 787 1304 814 me
1337 772 1433 814 scri-

88 833 164 874 bas
196 836 379 887 tuosque
413 846 556 874 omnes
590 833 641 874 ad
671 835 864 874 nostram
897 832 1077 873 salutem
1110 832 1342 873 adhortere.

176 890 362 947 Rogatio
391 890 504 932 Sesti
533 905 670 946 neque
697 891 919 946 dignitatis
948 891 1052 931 satis
1077 890 1208 932 habet
1238 905 1315 932 nec
1341 905 1432 931 cau-

89 950 230 992 tionis.
294 950 406 992 Nam
444 953 485 991 et
521 950 775 991 nominatim
811 949 913 991 ferri
947 951 1115 1004 oportet
1154 951 1194 990 et
1226 949 1276 990 de
1308 949 1432 990 bonis

35 1026 68 1052 15
89 1009 335 1064 diligentius
369 1009 508 1063 scribi,
542 1011 582 1049 et
613 1009 657 1049 id
689 1008 1001 1050 animadvertas
1033 1008 1171 1049 velim.
1221 1006 1334 1049 Data
1365 1019 1434 1048 1111
1488 1004 1495 1007 ”

87 1067 235 1109 Nonas
269 1067 475 1109 Octobres
510 1067 846 1109 Thessalonicae.

703 1194 815 1236 XXI.

299 1277 374 1312 Ser.
405 1277 678 1312 Thessalonicae
709 1277 743 1311 V
765 1277 814 1311 K.
841 1276 934 1311 Nov.
963 1288 995 1311 a.
1025 1279 1097 1311 696
1124 1278 1219 1320 (58).

512 1357 682 1393 CICERO
710 1357 882 1393 ATTICO
912 1358 1009 1393 SAL.

37 1448 70 1474 20
179 1430 376 1485 Triginta
414 1430 501 1472 dies
541 1433 661 1471 erant
692 1430 793 1486 ipsi,
830 1444 925 1471 cum
961 1430 1038 1471 has
1072 1430 1224 1471 dabam
1254 1430 1434 1486 litteras,

90 1503 164 1554 per
197 1504 302 1543 quos
334 1489 473 1530 nullas
507 1504 531 1530 a
560 1489 683 1530 vobis
717 1503 967 1555 acceperam.
1029 1489 1138 1530 Mihi
1171 1491 1313 1530 autem
1346 1492 1435 1530 erat

89 1548 134 1588 in
167 1548 306 1589 animo
338 1548 440 1603 iam,
479 1549 527 1588 ut
560 1550 684 1588 antea
716 1548 768 1588 ad
799 1551 841 1588 te
874 1547 1043 1602 scripsi,
1083 1548 1145 1589 ire
1176 1548 1222 1589 in
1252 1547 1435 1602 Epirum

93 1608 134 1647 et
165 1606 226 1647 ibi
259 1621 425 1648 omnem
456 1620 598 1647 casum
635 1605 908 1672 potissimum
941 1609 1194 1660 exspectare.
1257 1606 1316 1647 Te
1348 1621 1435 1660 010,

90 1666 150 1720 ut,
183 1665 219 1705 si
252 1665 353 1719 quid
380 1665 477 1718 elit,
519 1664 633 1718 quod
664 1665 894 1718 perspicias
928 1679 1236 1719 quamcumque
1267 1665 1312 1706 in
1342 1679 1434 1729 par-

39 1741 71 1766 25
91 1726 195 1778 tem,
227 1738 354 1778 quam
384 1723 629 1777 planissime
667 1723 719 1764 ad
749 1737 817 1764 me
849 1723 1010 1764 sciibas
1044 1726 1086 1764 et
1123 1737 1218 1764 meo
1250 1723 1434 1777 nomine,

92 1785 140 1822 ut
173 1782 341 1837 scribis,
372 1782 557 1837 litteras,
596 1781 751 1835 quibus
783 1781 958 1835 putabis
992 1795 1098 1835 opus
1131 1795 1239 1837 esse,
1270 1784 1320 1822 ut
1352 1781 1433 1822 des.

92 1839 204 1881 Data
229 1852 259 1882 V
284 1840 377 1882 Kal.
410 1839 684 1881 Novembres.

704 1956 730 1997 X
746 1955 829 1998 XII.

59 2090 75 2115 o
167 2035 240 2072 Ser.
263 2037 400 2081 partim
428 2037 879 2126 ssessaloozicae59yga7gg}
903 2035 1091 2081 Dyrrachi
1122 2035 1181 2069 VI
1201 2035 1250 2069 K.
1276 2035 1363 2070 Dec.

41 2090 56 2116 3
636 2095 668 2118 α.
885 2111 890 2116 .

518 2164 686 2200 CICERO
714 2163 886 2199 ATTICO
915 2163 1012 2198 SAL.

183 2236 282 2278 Etsi
315 2235 539 2291 diligenter
571 2237 622 2278 ad
653 2251 720 2278 me
746 2235 928 2285 Quintus
954 2236 1086 2276 frater
1118 2237 1160 2276 et
1184 2234 1297 2292 Piso,
1329 2250 1436 2290 quae
1463 2248 1481 2278 1

97 2297 238 2336 essent
271 2296 375 2350 acta,
407 2295 674 2351 scripserant,
705 2298 848 2336 tamen
871 2294 1023 2336 vellem
1047 2296 1122 2335 tua
1146 2296 1189 2335 te
1215 2295 1434 2349 occupatio
