1665 2553
318 97 659 133 EPISTULARUM
683 97 747 130 AD
773 95 989 130 ATTICUM
1013 94 1048 129 11
1073 98 1127 138 24,
1155 97 1209 128 25.
1380 92 1435 132 73

93 194 215 244 Quod
247 194 284 235 si
314 194 599 248 impetrasset,
629 191 784 233 iudicia
815 191 905 233 fore
936 190 1199 232 videbantur.
1249 188 1315 230 Ea
1345 203 1437 243 nOS,

92 256 243 308 utpote
276 253 348 307 qui
378 252 490 294 nihil
520 254 789 293 contemnere
821 250 1070 300 soleremus,
1102 263 1185 291 non
1216 251 1437 291 contemne-

94 313 254 367 bamus,
294 312 365 353 sed
401 325 490 353 non
529 309 939 365 pertimescebamus.
1001 307 1237 349 Hominum
1268 306 1437 361 quidem

96 385 260 412 summa
297 383 398 425 erga
437 384 516 411 nos
559 368 699 410 studia
740 368 1107 423 significabantur3
1149 366 1221 407 sed
1261 379 1436 420 prorsus

59 448 75 473 5
94 430 206 472 vitae
237 429 395 483 taedet,
432 428 494 469 ita
526 430 626 469 sunt
659 427 799 468 omnia
830 427 1019 468 omnium
1055 425 1322 466 miseriarum
1353 423 1438 478 ple-

94 489 282 530 nissima.
343 487 472 529 Modo
505 487 672 529 caedem
710 486 987 527 timueramus
1024 485 1055 539 †
1075 499 1155 539 que
1187 483 1324 525 oratio
1356 483 1439 524 for-

96 547 253 588 tissimi
286 547 411 601 senis,
442 545 488 595 Q.
516 544 702 599 Considi,
733 545 987 585 discusserat
1013 558 1060 585 ea
1084 543 1260 597 inquam
1286 541 1439 583 cotidie

97 606 245 647 timere
275 608 568 660 potueramus,
605 603 748 645 subito
780 606 926 644 exorta
963 604 1038 644 est.
1101 601 1211 650 Quid
1242 600 1439 655 quaeris?

96 665 207 706 nihil
248 679 315 706 me
357 664 671 717 infortunatam,
719 662 826 703 nihil
874 660 1134 703 fortunatius
1177 662 1241 701 est
1285 658 1439 700 Catulo

45 742 79 765 10
99 738 194 765 cum
227 722 448 778 splendore
478 722 592 763 vitae
621 724 715 762 tum
745 720 897 762 mortis
922 722 1124 773 tempore.
1173 717 1266 760 Nos
1298 720 1442 758 tamen

98 782 146 824 in
183 781 252 823 his
294 781 477 822 miseriis
522 782 659 821 erecto
704 779 843 821 animo
889 781 931 819 et
972 778 1145 819 minime
1188 777 1440 831 perturbato

102 855 247 882 sumus
287 839 669 893 honestissimeque
710 841 751 880 et
791 838 1044 892 dignitatem
1082 840 1120 878 et
1162 836 1442 878 auctoritatem

100 902 294 941 nostram
324 912 478 953 magna
510 913 609 939 cura
639 899 819 938 tuemur.

188 957 416 1011 Pompeius
455 957 504 998 de
536 955 685 998 Clodio
725 955 844 996 iubet
882 969 960 996 nos
1002 968 1093 995 esse
1131 953 1221 994 sine
1261 967 1361 994 cura
1401 954 1442 993 et

50 1034 82 1059 15
105 1031 313 1058 summam
352 1016 398 1057 in
434 1029 513 1056 nos
554 1014 893 1056 benevolentiam
933 1012 1050 1054 omni
1087 1012 1278 1053 oratione
1316 1011 1444 1066 signi·
1486 1006 1494 1009 ”

102 1076 212 1117 ficat.
272 1074 331 1116 Te
361 1074 517 1115 habere
546 1073 821 1114 consiliorum
853 1074 1079 1126 auctorem,
1111 1070 1446 1111 sollicitudinum

105 1134 278 1189 socium,
310 1134 425 1174 omni
455 1133 502 1173 in
526 1131 785 1187 cogitatione
810 1128 1083 1172 coniunctum
1108 1129 1244 1183 cupio.
1295 1127 1446 1182 Quare,

103 1195 152 1233 ut
171 1191 396 1233 Numestio
429 1191 638 1245 mandavi,
667 1193 808 1232 tecum
838 1192 887 1230 ut
914 1191 1069 1244 ageret,
1098 1188 1203 1229 item
1232 1189 1358 1241 atque
1385 1201 1446 1236 eo,

106 1251 143 1292 si
185 1253 347 1306 potest,
390 1250 546 1304 aerius,
582 1252 624 1289 te
661 1263 786 1304 rogo,
828 1251 876 1289 ut
914 1248 1038 1301 plane
1071 1246 1123 1287 ad
1153 1260 1232 1287 nos
1264 1245 1446 1287 advoles.

52 1328 86 1352 20
105 1308 348 1364 Respiraro,
380 1309 417 1349 si
446 1311 490 1349 te
520 1307 676 1349 videro.

712 1423 844 1465 XXV.

373 1504 447 1540 Ser.
474 1505 610 1539 Romae
635 1508 717 1539 ante
743 1504 791 1538 K.
818 1504 911 1540 Nov.
939 1516 971 1539 α.
1000 1505 1072 1538 695
1099 1505 1189 1547 (59).

533 1584 701 1621 CICERO
727 1585 900 1621 ATTICO
928 1585 1025 1620 SAL.

199 1658 307 1701 Cum
339 1658 523 1712 aliquem
553 1658 665 1712 apud
695 1661 737 1698 te
767 1658 941 1698 laudaro
967 1659 1141 1697 tuorum
1164 1654 1452 1709 familiarium,

58 1735 91 1761 25
110 1718 252 1760 volam
291 1717 415 1758 illum
453 1717 558 1757 scire
596 1731 645 1757 ex
682 1719 725 1757 te
755 1731 822 1757 me
859 1716 903 1756 id
933 1715 1100 1770 fecisse,
1135 1716 1185 1755 ut
1220 1727 1355 1767 nuper
1385 1726 1452 1753 me

112 1777 193 1818 scis
232 1776 452 1830 scripsisse
489 1775 541 1815 ad
576 1776 619 1816 te
657 1775 706 1815 de
736 1774 943 1816 Varronis
983 1787 1082 1828 erga
1113 1786 1182 1813 me
1214 1771 1373 1826 officio,
1409 1773 1453 1810 te

113 1835 166 1876 ad
205 1849 273 1876 me
314 1833 581 1887 rescripsisse
626 1847 717 1874 eam
760 1847 849 1873 rem
891 1845 1079 1873 summae
1122 1829 1204 1871 tibi
1239 1828 1454 1882 voluptati

114 1907 215 1934 esse.
277 1891 360 1934 Sed
391 1906 468 1947 ego
499 1891 670 1932 mallem
696 1891 749 1931 ad
778 1891 901 1931 illum
932 1889 1174 1943 scripsisses
1199 1887 1306 1928 mihi
1330 1887 1455 1928 illum

116 1951 219 1992 satis
250 1952 403 2007 facere,
438 1964 527 1991 non
558 1964 641 2004 quo
673 1950 848 2004 faceret,
886 1949 957 1990 sed
988 1951 1036 1989 ut
1072 1948 1244 2000 faceret3
1284 1945 1455 1986 mirabi-

63 2027 96 2052 30
114 2009 213 2050 liter
232 2010 343 2050 enim
361 2011 551 2050 moratus
574 2011 650 2063 est,
674 2008 783 2049 sicut
801 2007 931 2061 nosti,
951 2006 1113 2048 ςἑλικτὰ
1131 2003 1203 2046 καὶ
1224 2002 1357 2046 οὐδέν
1371 2003 1455 2044 ——'.

117 2066 198 2109 Sed
226 2082 304 2108 nos
335 2070 527 2108 tenemus
559 2069 831 2121 praeceptum
866 2065 974 2106 illud
1005 2065 1095 2113 ετὰς
1125 2071 1214 2105 τῶν
1244 2061 1457 2118 κρατούν-

116 2142 204 2168 των
220 2125 297 2166 —'.
328 2125 388 2166 At
405 2125 575 2166 hercule
589 2126 696 2166 alter
715 2128 816 2166 tuus
835 2123 1070 2178 familiariS,
1088 2121 1309 2177 Hortalus,
1329 2135 1457 2175 quam

116 2184 241 2239 plena
270 2198 410 2239 manu,
442 2198 570 2238 quam
599 2184 797 2239 ingenue,
833 2197 960 2237 quam
992 2183 1138 2223 ornate
1167 2182 1338 2222 nostras
1369 2179 1458 2220 lau-

118 2243 188 2284 des
219 2242 265 2283 in
296 2244 409 2283 astra
440 2242 627 2298 sustulit,
658 2257 753 2283 cum
779 2242 828 2282 de
853 2241 992 2282 Flacci
1018 2242 1215 2294 praetura
1241 2240 1282 2280 et
1308 2237 1357 2278 de
1381 2237 1458 2278 illo

66 2318 99 2343 35
117 2304 308 2355 tempore
333 2299 616 2355 Allobrogum
653 2300 824 2341 diceret!
888 2297 957 2340 Sic
992 2298 1168 2352 habeto,
1205 2311 1282 2338 nec
1320 2310 1459 2337 aman-
