1665 2553
675 77 712 111 P.
735 80 930 111 393—399.
1377 76 1472 111 CXV

131 169 291 214 Tyrrell,
331 170 395 214 qui
434 172 624 214 comparat
657 183 691 215 p.
715 174 791 205 140.
814 173 867 203 25.
900 191 945 195 —
977 174 1019 204 21
1052 171 1113 205 sed
1142 170 1266 215 potius
1299 181 1409 214 quam
1440 173 1471 204 et

129 216 254 251 Lamb.
271 228 302 251 v.
321 228 367 260 c.,
393 216 565 251 Wesenb.
598 239 643 242 —
676 222 719 251 29
751 229 781 251 v.
816 216 983 251 Schmidt
1007 229 1042 262 p.
1063 221 1129 251 311
1153 219 1190 251 et
1214 221 1298 259 500,
1328 217 1471 261 Tyrrell

129 274 184 308 ep.
201 268 279 305 554,
305 265 346 298 in
369 264 574 299 Tusculano
587 264 651 298 IV
660 265 757 299 Non.
772 265 855 298 Iun.
884 264 1038 298 Schiche
1057 264 1179 299 Herm.
1199 264 1317 298 XVIII
1335 277 1369 308 p.
1392 268 1469 306 614,

128 311 169 344 in
198 311 297 345 Tusc.
330 322 445 345 *meme
470 312 581 345 Iunio
606 311 743 354 Baiter,
769 310 941 345 Wesenb.
974 332 1020 336 ——
1051 315 1094 345 32
1123 312 1213 345 ‘Aut
1242 312 1383 345 nullum
1409 311 1469 344 de-

127 357 279 391 lendum
305 358 388 401 est’,
415 357 538 401 inquit
563 359 668 400 Boot,
696 359 776 392 ‘aut
800 370 843 392 we
862 359 1083 391 mutandum
1102 358 1141 392 in
1160 359 1226 401 ut’3
1246 369 1333 392 nam
1352 369 1471 392 vereor

127 416 171 439 ἠε
201 405 344 439 millum
375 415 454 439 esse
485 416 605 440 vereor
636 410 677 439 ut
705 406 836 447 ullurm3
877 405 991 448 ‘quod
1022 405 1133 449 plane
1165 405 1365 439 absurdum
1397 405 1467 438 est’

127 453 236 486 recte.
281 453 291 496 ΙΙ
335 452 380 487 P.
401 451 492 486 397.
513 458 532 486 3
553 464 616 486 nec
636 454 684 487 (le
702 452 927 487 coheredibus
945 451 1117 487 Wesenb.
1139 474 1184 477 —
1204 456 1225 486 4
1245 453 1342 487 debet
1355 463 1469 496 puero

127 499 229 532 Boot.
264 519 308 523 —
342 502 385 532 10
419 499 535 542 fecisti
560 501 644 543 post
669 500 863 533 convenisti
887 500 986 542 vett,
1013 499 1198 543 Wesenb„
1224 499 1326 533 Boot.
1355 520 1399 523 —
1427 502 1467 532 17

128 545 244 590 Epist.
271 545 322 578 VI
352 545 391 579 in
424 546 515 579 duas
545 546 750 579 diviserunt
775 545 943 580 Schmidt
967 558 1001 590 p.
1023 550 1088 580 311
1107 558 1177 590 sq.,
1210 550 1294 588 500,
1326 545 1469 590 Tyrrell

128 603 182 636 ep.
206 596 284 627 617.
312 614 347 618 -
389 597 432 626 22
453 593 518 637 Sp.
554 593 774 627 Illummium
805 593 896 627 coni.
929 593 1040 636 Boot,
1074 605 1139 627 scr.
1173 593 1326 637 Tyrrell.
1354 613 1398 617 —
1425 596 1468 626 23

127 640 271 674 decessit
297 651 362 673 scr.
384 651 476 674 mus.
498 639 613 673 Rhen.
637 643 726 674 1898
746 652 781 684 p.
798 643 863 673 132
880 651 931 682 sq.
960 640 1003 673 cf.
1031 652 1065 684 p.
1082 643 1112 674 8.
1128 644 1160 683 5,
1189 644 1313 683 13.18,
1340 643 1418 673 406.
1435 643 1468 682 3,

126 691 176 721 est
202 686 323 729 codd,
358 698 441 720 cum
473 698 577 720 cruce
609 686 703 720 Boot
734 686 825 720 coni.
855 687 976 730 periit,
1010 691 1059 722 est
1089 692 1250 722 mortuus
1274 686 1384 731 vulg,
1410 687 1467 721 (le-

126 734 274 776 fanclus
300 738 350 768 est
376 733 553 767 Schmidt.
586 754 632 758 -
666 737 708 767 27
735 744 790 767 eos
815 735 899 777 post
923 738 1060 768 nostros
1087 734 1169 768 add.
1197 736 1246 777 Σ,
1273 734 1334 768 all.
1362 733 1467 776 (Leh-

128 790 240 813 mann
272 780 339 813 Att
364 792 397 824 p.
422 783 489 824 76),
515 780 706 823 VVesenb„
742 780 853 823 Boot,
881 780 919 813 in
947 780 1120 814 cancellis
1146 781 1300 825 Tyrrell,
1327 792 1395 815 om.
1424 784 1466 823 Δ,

126 827 264 869 Baiter,
291 826 468 862 Schmidt.
496 847 541 852 ——
567 831 610 861 30
636 828 944 862 coniunctissimos
968 829 1052 871 post
1077 832 1204 862 ceteros
1224 828 1308 862 add.
1326 828 1466 871 ‘c,V.c.,

128 874 231 908 codd.
266 874 380 907 Bosii’
411 874 613 917 (Lehmann
633 874 710 907 Att.
731 886 765 918 p.
783 876 873 919 124),
905 873 1090 918 Wesenb,
1122 875 1217 909 Boot
1246 875 1328 909 fort.
1356 876 1466 917 recte,

127 920 294 954 inclinat.
322 920 458 954 litteris
483 920 620 961 Baiter,
645 920 772 954 seclus.
795 920 947 964 Tyrrell.
968 943 1013 946 —
1040 925 1082 954 32
1113 921 1141 955 O
1168 921 1250 955 add.
1277 921 1467 955 Lehmann

128 968 203 1001 Att.
230 980 264 1011 p.
287 971 483 1010 203—-205,
512 966 665 1011 Tyrrell,
697 967 848 1011 Operam
879 972 978 1002 tuam
1007 969 1158 1003 mullum
1189 980 1268 1003 amo
1298 980 1356 1002 mc
1383 980 1465 1002 auc—

126 1016 204 1048 tore
229 1014 372 1056 Baiter,
399 1013 589 1057 Wesenb.,
622 1014 726 1057 Boot,
754 1013 929 1048 Schmidt.
957 1035 1002 1039 —
1028 1018 1071 1049 33
1091 1017 1248 1050 7102th
1265 1015 1467 1059 (Lehmann

125 1061 202 1095 Att.
217 1073 250 1105 p.
270 1065 323 1103 76,
338 1063 430 1104 205),
445 1072 513 1094 om.
530 1065 573 1103 Δ,
588 1061 669 1095 edd.
698 1061 756 1094 Ad
770 1073 803 1105 p.
821 1066 874 1095 84.
891 1065 945 1095 27.
990 1064 1000 1106 ΙΙ
1044 1062 1089 1096 P.
1105 1062 1195 1097 398.
1217 1067 1236 1096 2
1252 1075 1282 1096 v.
1299 1062 1468 1096 Schmidt
1488 1077 1496 1079 -

126 1120 158 1152 p.
181 1111 265 1151 501,
305 1107 448 1152 Tyrrell
481 1118 535 1152 ep.
559 1112 638 1151 619,
674 1109 762 1142 med.
801 1120 845 1142 m.
883 1109 967 1143 Iun.
1008 1108 1162 1143 Schiche
1198 1109 1320 1144 Herm.
1350 1109 1467 1143 XVIII

125 1167 158 1199 p.
182 1158 247 1188 601
264 1166 328 1198 sq.,
357 1158 436 1197 614,
461 1166 576 1190 oneozse
595 1156 679 1189 Iun.
707 1154 844 1199 Baiter,
870 1154 1044 1194 Wesenb.
1065 1177 1109 1181 —
1129 1159 1149 1190 8
1165 1168 1242 1199 sqq.
1264 1161 1313 1191 est
1330 1168 1465 1200 —per-

125 1203 224 1246 sequi
245 1203 349 1235 extra
373 1202 541 1245 parenth.
569 1201 722 1245 Tyrrell.
761 1202 819 1235 Ad
844 1214 878 1246 p.
902 1206 1026 1236 1614.
1047 1223 1093 1227 —
1120 1206 1161 1236 13
1183 1204 1341 1247 aliquid
1360 1203 1465 1236 Lam-

125 1248 214 1290 bin.,
240 1248 425 1291 Wesenb,
451 1248 556 1291 Boot,
583 1248 737 1292 Tyr-rell,
763 1261 806 1284 oze
832 1249 918 1292 quid
943 1249 992 1292 M,
1018 1250 1107 1294 quid
1131 1249 1268 1293 Baiter,
1288 1250 1464 1284 Schmidt.

125 1295 183 1328 Ad
209 1307 243 1339 p.
266 1299 319 1329 65.
336 1299 389 1342 30.
416 1316 462 1320 —-
481 1295 532 1329 Ib.
561 1296 666 1339 qaod
691 1295 850 1337 Ernesti,
877 1295 1044 1340 Schuetz,
1071 1307 1188 1339 nemo,
1215 1297 1314 1340 quod
1340 1297 1465 1340 sciam,

126 1342 210 1376 fam.
232 1341 282 1375 VI
303 1346 356 1376 22.
375 1346 392 1376 1
420 1353 486 1376 nec
512 1342 561 1375 IX
582 1346 635 1376 26.
656 1348 670 1376 1
688 1353 741 1376 eX.
763 1353 830 1376 nec
850 1342 915 1375 XII
935 1347 966 1376 3.
985 1347 1001 1377 1
1019 1354 1090 1387 ex,
1123 1354 1347 1387 quamquam
1366 1356 1395 1378 v.
1418 1345 1465 1378 ad

125 1401 159 1433 p.
184 1392 236 1422 10.
253 1393 313 1431 24,
339 1389 424 1423 fam.
446 1401 480 1433 p.
503 1393 580 1424 426.
604 1393 633 1423 7.
667 1410 712 1414 -—
745 1393 787 1423 16
823 1389 965 1423 Novam
1000 1390 1105 1434 epist.
1142 1390 1286 1424 faciunt
1311 1390 1465 1425 Schiche

126 1435 248 1469 Herm.
270 1435 388 1469 XVIII
412 1448 446 1480 p.
469 1439 533 1469 601
551 1447 615 1479 sq.,
644 1436 811 1470 Schmidt
835 1449 869 1480 p.
893 1440 970 1479 501,
998 1436 1140 1481 Tyrrell
1167 1448 1221 1482 ep.
1245 1441 1321 1472 620.
1351 1459 1393 1463 —
1423 1441 1464 1472 17

127 1494 156 1515 v.
188 1482 356 1516 Schmidt
380 1482 402 1516 1.
424 1482 459 1524 1.,
486 1484 572 1517 med.
600 1495 643 1517 m.
664 1484 748 1517 Ilm.
777 1483 940 1517 Schiche.
962 1505 1008 1508 —
1028 1488 1071 1518 25
1091 1496 1121 1518 v.
1144 1484 1312 1518 Schmidt
1329 1497 1364 1529 p.
1387 1488 1465 1527 502,

127 1528 271 1573 Tyrrell
291 1540 345 1573 ep.
362 1532 440 1571 618,
473 1529 577 1563 VIII
591 1530 674 1564 oder
699 1530 781 1564 VII
799 1531 857 1564 Id.
880 1530 1033 1564 Schiche
1059 1531 1180 1565 Herm.
1203 1531 1320 1565 XVIII
1339 1544 1372 1576 p.
1387 1536 1464 1575 602,

127 1579 211 1617 607,
240 1579 323 1618 614,
350 1587 464 1610 meuse
489 1577 574 1610 Iun.
600 1576 744 1619 Baiter,
773 1580 870 1620 (ante
894 1578 968 1620 Icl.)
997 1577 1167 1612 Wesenb.
1189 1599 1234 1603 —
1261 1582 1304 1612 30
1326 1579 1467 1613 Staberi

128 1622 215 1665 (‘vel
240 1623 394 1667 staleri’)
420 1622 468 1665 M,
495 1623 648 1657 Faber'e'z'
671 1624 767 1668 vulg.
795 1626 900 1666 vett,
926 1624 1063 1658 Baiter.
1130 1627 1141 1669 ΙΙ
1206 1625 1252 1660 Ρ.
1273 1625 1364 1660 399.
1385 1630 1406 1659 4
1432 1638 1463 1659 v.

129 1669 297 1703 Schmidt
310 1681 344 1713 p.
359 1673 437 1712 502,
458 1669 603 1713 Tyr-rell
617 1681 671 1714 ep.
685 1674 763 1713 623,
782 1672 954 1705 zwischen
968 1671 1008 1705 X
1015 1672 1073 1706 VI
1076 1673 1154 1706 und
1167 1672 1233 1706 XI
1237 1672 1325 1706 VK.
1342 1673 1462 1717 Quint.

128 1715 283 1750 Schiche
308 1716 430 1750 Herm.
451 1715 569 1749 XVIII
587 1729 622 1760 p.
645 1721 723 1760 602,
750 1721 834 1760 614,
866 1729 980 1752 ‘mense
1011 1719 1095 1752 Iun.
1123 1718 1262 1760 Baiter,
1291 1719 1463 1753 Wesenb.

127 1784 171 1787 —
199 1767 240 1796 11
268 1764 412 1797 tamlem
437 1774 501 1806 pro
528 1768 646 1798 tamen
671 1763 830 1806 Manut.,
855 1764 1039 1807 VVesenb„
1066 1765 1169 1799 Boot.
1205 1766 1263 1799 Ad
1286 1778 1321 1809 p.
1340 1770 1392 1800 14.
1409 1770 1462 1800 22.

126 1831 171 1834 —
199 1813 241 1843 14
267 1810 368 1844 haec
392 1810 562 1844 hactenus
586 1812 684 1854 vett,
711 1810 853 1853 Baiter,
890 1810 1080 1854 Wesenb.,
1107 1812 1260 1855 Tyrrell,
1286 1812 1461 1846 Schmidt.

126 1856 185 1889 Ad
209 1868 243 1900 p.
267 1860 342 1890 142.
360 1860 390 1890 8.
418 1877 461 1881 -
495 1860 631 1891 16-18
655 1869 719 1901 que
737 1858 930 1892 Dolabella
956 1879 998 1883 —
1025 1859 1328 1903 diligentissime
1353 1871 1406 1903 qu
1418 1871 1465 1894 ae

126 1904 211 1946 post
247 1903 650 1949 hwnanz'ssime(que)
689 1915 756 1939 om.
791 1908 823 1938 Δ
862 1904 1065 1948 (Lehmann
1099 1906 1175 1939 Att.
1202 1917 1236 1949 p.
1254 1909 1312 1947 12,
1341 1909 1384 1939 34
1397 1917 1462 1950 ex,

128 1953 184 1991 48,
206 1952 296 1994 134),
323 1949 447 1984 inclin.
480 1949 617 1984 litteris
651 1951 758 1986 scrib.
796 1951 938 1994 Baiter,
978 1951 1136 1995 Tyrrell,
1174 1954 1217 1985 ut
1256 1953 1313 1986 ‘ex
1350 1952 1463 1987 inter-

127 1995 330 2039 polatione’
359 1999 480 2031 ortum
506 2008 574 2031 om.
602 1997 779 2032 Schmidt.
811 1998 853 2032 V.
874 2010 966 2032 mus.
987 1998 1102 2032 Rhen.
1126 2001 1214 2032 1898
1234 2010 1267 2042 p.
1292 2003 1464 2034 12911-

129 2045 171 2075 26
205 2054 313 2086 quum
345 2045 431 2078 ante
461 2045 699 2079 coniecturam
732 2045 814 2079 add.
847 2045 1034 2088 Lambin.,
1071 2045 1181 2087 Boot,
1213 2045 1357 2089 Tyrrell
1390 2058 1463 2081 non

127 2090 242 2131 recte,
278 2090 395 2124 credo.
456 2091 519 2125 Ea
551 2092 673 2135 opinio
708 2113 752 2116 —
783 2104 873 2136 quae
899 2093 1101 2126 coniectura
1126 2091 1297 2126 similiter
1322 2093 1464 2127 dictum

129 2137 186 2169 est
224 2146 265 2169 ac
303 2136 372 2170 div.
400 2136 502 2171 Caec.
521 2142 572 2172 13.
589 2142 631 2172 41
665 2139 766 2173 illius
796 2139 963 2182 temporis
999 2159 1043 2163 —
1081 2149 1148 2183 quo
1180 2139 1252 2181 die,
1295 2139 1397 2174 Verr.
1433 2140 1462 2173 V

129 2186 266 2216 56146
282 2193 335 2217 eX.
363 2195 422 2218 eas
445 2185 544 2228 ipsas
576 2196 720 2227 causas,
752 2186 880 2229 quibus
911 2186 1145 2230 armamentis,
1180 2185 1284 2220 Balb.
1307 2190 1396 2221 7.18
1422 2188 1464 2221 in

128 2240 200 2272 qua
230 2230 397 2272 fortuna,
427 2231 521 2265 hunc
551 2233 645 2266 vitae
678 2237 826 2274 statum,
866 2230 967 2265 Caes.
998 2232 1032 2265 b.
1067 2231 1160 2266 Gall.
1188 2232 1204 2265 Ι
1230 2237 1282 2267 18.
1300 2237 1342 2267 10
1368 2234 1463 2278 qaod

124 2276 319 2319 proelium,
351 2278 428 2311 eius
451 2278 576 2322 fuyae,
604 2278 668 2312 civ.
689 2279 778 2312 144.
800 2282 820 2311 3
847 2279 974 2323 quibus
999 2279 1039 2313 in
1065 2280 1167 2322 locis,
1197 2291 1319 2315 earum
1348 2283 1462 2326 reqio-

1200 2338 1248 2371 h*
