1665 2553
379 120 718 156 EPISTULARUM
743 121 807 155 AD
833 121 1036 156 BRUTUM
1060 122 1077 156 I
1102 126 1134 167 4,
1161 126 1192 158 5.
1371 123 1456 165 527

120 218 213 258 tum
246 219 288 257 et
313 216 562 257 facilitatem
589 219 630 257 et
655 217 966 271 providentiam
992 217 1173 259 laudabo
1201 221 1332 274 tuam,
1362 233 1457 260 cum

121 275 388 329 exploratum
418 275 573 316 habere
605 289 780 329 coepero
813 274 1035 317 Caesarem
1064 276 1312 331 honoribus,
1350 292 1457 343 quos

121 334 339 390 acceperit,
371 334 715 375 extraordinariis
741 334 832 375 fore
857 337 1114 376 contentum.
1166 335 1391 377 ‘Alienae
1381 336 1458 390 1gi-

120 393 206 433 tur'
215 425 226 446 ,
275 392 460 458 inquies
502 393 664 446 culpae
708 407 774 434 me
817 408 936 435 reum
980 394 1208 435 subicies‘?'
1274 393 1455 435 Prorsus

85 451 298 507 5alienae,
340 451 376 492 si
415 428 627 505 provideri
664 452 825 506 potuit,
860 466 914 493 ne
956 453 1196 494 exsisteret!
1253 452 1456 502 Quoduti-

121 524 219 550 nam
251 510 485 563 inspectare
515 510 654 564 possis
687 511 884 552 timorem
917 511 967 552 de
998 511 1071 552 illo
1104 513 1261 552 meum!

208 567 288 609 His
318 569 474 609 litteris
507 569 674 623 scriptis
706 570 920 610 consulem
952 572 995 610 te
1019 570 1179 611 factum
1207 570 1456 611 audivimus.

121 626 229 668 Tum
264 641 361 668 vero
394 627 594 681 incipiam
625 641 860 682 proponere
892 628 999 670 mihi
1030 643 1118 670 rem
1150 629 1363 682 publicam
1396 629 1458 670 iu-

122 688 231 726 stam
275 688 317 727 et
359 685 444 726 iam
482 687 569 727 suis
606 687 815 727 nitentem
853 687 1036 743 viribus,
1080 688 1115 728 si
1152 688 1262 729 istuc
1299 688 1456 729 videro.

67 760 100 785 10
119 743 253 785 Filius
289 744 401 785 valet
433 746 474 785 et
506 745 550 786 in
581 744 872 786 Macedoniam
904 760 998 787 cum
1031 746 1225 800 equitatu
1255 746 1458 801 praemis-

121 817 191 844 sus
224 805 298 844 est.
359 802 507 845 Idibus
540 803 664 845 Maiis
697 819 746 845 ex
778 804 938 846 castris.

764 920 816 963 V.

370 1000 446 1037 Ser.
467 1001 604 1037 Romae
628 1002 703 1036 ΙΙΙ
722 1002 819 1036 Non.
842 1002 937 1037 Mai.
958 1013 990 1036 α.
1014 1004 1082 1037 711
1110 1005 1201 1046 (43).

550 1082 717 1118 CICERO
744 1082 903 1118 BRUTO
931 1083 1028 1118 SAL.

66 1170 98 1196 15
206 1153 255 1196 A.
282 1155 317 1196 d.
344 1167 374 1195 V
404 1154 455 1196 K.
483 1155 635 1209 Maias,
673 1170 767 1196 eum
806 1155 854 1197 de
886 1156 957 1210 iis,
996 1156 1068 1210 qui
1100 1156 1244 1197 hostes
1277 1156 1451 1198 iudicati

120 1216 239 1268 sunt,
281 1214 392 1254 bello
437 1214 736 1268 persequendis
776 1215 1011 1256 sententiae
1049 1215 1304 1270 dicerentur,
1349 1216 1455 1257 dixit

119 1271 322 1314 Servilius
356 1272 485 1313 etiam
516 1272 566 1314 de
597 1272 810 1326 Ventidio,
843 1276 885 1314 et
917 1276 965 1314 ut
992 1272 1162 1314 Cassius
1188 1288 1456 1328 persequere-

117 1333 188 1371 tur
218 1329 495 1372 Dolabellam.
548 1330 626 1372 Cui
660 1346 755 1372 cum
782 1346 916 1373 essem
942 1332 1156 1386 adsensus,
1187 1332 1351 1374 decrevi
1375 1333 1456 1375 hoc

119 1389 320 1444 amplius,
358 1392 406 1430 ut
438 1392 503 1443 tu,
545 1390 580 1431 si
619 1390 871 1431 arbitrarere
908 1391 1013 1431 utile
1045 1405 1177 1444 exque
1208 1406 1253 1432 re
1284 1392 1455 1446 publica

66 1464 99 1488 -20
119 1461 222 1501 esse,
251 1462 547 1501 persequerere
578 1448 690 1489 bello
722 1448 1005 1503 Dolabellam3
1038 1450 1074 1490 si
1105 1450 1245 1491 minus
1277 1450 1320 1491 id
1345 1465 1454 1492 com-

118 1505 243 1546 modo
281 1506 343 1546 rei
379 1506 574 1559 publicae
606 1507 741 1548 facere
771 1522 918 1560 posses
953 1508 1040 1548 sive
1071 1522 1158 1548 non
1190 1509 1453 1550 existimares

118 1579 168 1605 ex
200 1578 244 1604 re
274 1564 446 1618 publica
477 1579 578 1620 esse,
608 1567 657 1605 ut
687 1565 732 1605 in
762 1566 895 1606 isdem
926 1566 1030 1606 locis
1063 1567 1293 1608 exercitum
1319 1568 1453 1608 conti-

117 1637 251 1663 neres.
323 1621 447 1663 Nihil
494 1623 844 1664 honorificentius
894 1625 1035 1678 potuit
1083 1626 1218 1666 facere
1270 1629 1452 1681 senatus,

119 1695 246 1735 quam
277 1683 325 1722 ut
357 1684 477 1722 tuum
510 1684 620 1723 esset
651 1682 863 1735 iudicium,
896 1682 996 1736 quid
1027 1682 1109 1724 tibi
1140 1684 1322 1725 maxime
1353 1699 1453 1725 con-

66 1756 98 1781 25
119 1739 268 1780 ducere
299 1740 360 1781 rei
392 1740 583 1806 publicae
616 1740 838 1782 videretur.
888 1740 1098 1794 Equidem
1133 1742 1191 1782 sic
1224 1743 1379 1798 sentio,
1416 1743 1451 1783 si

118 1813 289 1838 manum
328 1798 476 1854 habet,
519 1799 555 1839 si
599 1802 757 1854 castr,a
802 1799 857 1853 si,
900 1799 974 1840 ubi
1018 1800 1243 1855 consistat,
1285 1777 1451 1854 uspiam

117 1854 357 1911 Dolabella,
395 1857 445 1897 ad
481 1857 605 1898 fidem
644 1860 684 1898 et
723 1834 774 1898 a⁷d
811 1833 1062 1913 dignitatem
1093 1861 1211 1900 tuam
1241 1860 1453 1913 pertinere

119 1928 215 1955 eum
246 1916 452 1968 persequi.

206 1971 269 2013 De
309 1972 430 2014 Cassi
477 1974 614 2015 nostri
657 1974 789 2028 copiis
832 1974 942 2015 nihil
985 1974 1229 2016 sciebamus.
1303 1975 1451 2030 Neque

66 2047 99 2073 30
120 2030 230 2071 enim
270 2031 321 2072 ab
358 2031 451 2085 ipso
490 2032 600 2073 ullae
636 2033 820 2087 litterae,
857 2047 993 2087 neque
1029 2034 1309 2075 nuntiabatur
1341 2035 1452 2089 quic-

120 2103 264 2142 quam,
302 2089 414 2143 quod
444 2104 521 2143 pro
554 2094 667 2132 certo
699 2091 961 2132 haberemus.
1024 2091 1190 2140 Quanto
1224 2107 1349 2146 opere
1381 2108 1452 2134 au-

117 2150 204 2188 tem
242 2147 411 2188 intersit
452 2149 633 2202 opprimi
671 2149 957 2204 Dolabellam,
996 2150 1185 2203 profecto
1224 2151 1452 2207 intellegis,

119 2220 213 2246 cum
243 2208 292 2245 ut
324 2205 490 2246 sceleris
522 2221 678 2259 poenas
709 2208 941 2262 persolvat,
982 2211 1074 2248 tum
1105 2223 1156 2249 ne
1189 2209 1258 2264 sit,
1290 2224 1372 2263 quo
1406 2225 1450 2251 se

117 2263 331 2304 latronum
371 2263 493 2304 duces
532 2279 582 2305 ex
614 2265 847 2306 Mutinensi
884 2266 985 2320 fuga
1017 2267 1244 2307 confe1ant.
1307 2267 1451 2322 Atque

64 2338 98 2365 35
116 2321 196 2363 hoc
238 2321 344 2362 mihi
387 2322 472 2362 iam
515 2326 612 2363 ante
653 2324 860 2377 placuisse
899 2327 1019 2378 potes
1065 2340 1114 2366 ex
1160 2325 1450 2380 superioribus

1482 582 1503 611 4
1531 581 1570 611 (6)
