1665 2553
163 90 275 124 LXIV
584 89 861 124 ADNOTATIO
889 88 1076 123 CRITICA

159 183 242 217 loca
263 193 342 217 esse
361 184 507 217 firmata
527 183 649 217 dicere
664 182 776 217 vellet
795 193 907 226 quam
925 182 1117 216 hominum
1136 182 1355 217 adstrictam
1373 182 1494 225 fidem,

160 241 207 264 ne
233 230 490 274 desciscerent,
526 232 564 264 et
589 230 663 263 scio
688 230 856 274 posuisse
882 228 1094 263 Ciceronem
1114 234 1253 273 partem
1278 229 1394 264 animi
1416 229 1495 264 vin-

161 278 230 312 ciri
259 282 291 312 et
322 278 518 322 constrinyi
548 277 719 311 custodiis
748 276 853 310 Tusc.
874 276 907 309 H
927 280 980 310 21.
1001 280 1063 319 48,
1095 277 1272 311 devincire
1298 276 1496 320 praesidiis

162 324 300 368 oppida
330 323 402 368 leg
425 334 500 368 agr
520 323 555 357 Π
575 328 628 357 31.
650 327 711 365 86
745 323 791 356 ad
823 323 922 366 quod
953 322 1160 367 exemplum
1190 322 1302 357 facile
1334 322 1494 357 conicias

161 371 223 404 hic
249 381 395 414 quoque
422 370 658 404 scribendum
682 371 826 404 devino.
847 371 933 413 post
956 381 1003 404 re.
1023 390 1069 394 —
1097 374 1138 404 16
1165 371 1239 413 opti
1247 381 1311 403 ma
1336 369 1495 414 Lipsius,

162 417 273 460 Boot,
307 417 465 461 Tyri-,cll
498 422 579 461 opto
603 416 658 460 M
697 418 792 460 optio
819 415 968 459 Gruter,
998 416 1142 459 Baiter,
1174 416 1262 450 Wes
1267 416 1347 450 enb.
1374 437 1420 442 ——
1451 420 1494 450 25

161 465 234 499 scio
253 475 321 498 om.
338 454 386 505 M,
408 463 446 498 O.
458 446 502 498 'E
515 429 686 498 Schmidt
705 463 835 497 Philol.
853 466 943 497 1896
967 475 1002 507 p.
1020 467 1085 497 707
1101 465 1138 497 et
1153 467 1229 497 715.
1261 465 1272 507 11
1310 463 1355 497 Ρ.
1368 463 1459 497 216.
1475 467 1494 497 3

162 512 210 545 in
234 512 337 546 illius
361 511 469 544 Klotz
496 512 583 555 (non
607 510 778 555 Kayser),
811 509 964 554 Tyrrell,
991 510 1164 544 nimirum
1189 510 1288 553 quod
1314 512 1372 544 est
1394 509 1434 544 in
1458 509 1496 543 M

161 558 308 592 nullius
338 560 425 602 post
455 562 588 592 tamen.
628 578 672 582 ——
711 562 754 590 24
769 568 820 600 sq.
847 557 996 591 minori
1031 557 1086 591 his
1122 558 1325 591 consulibus
1362 568 1496 591 curae

164 605 226 648 (ad
256 617 291 649 p.
314 609 391 639 512.
415 606 472 649 34)
506 616 571 638 scr.
593 604 631 637 in
664 603 841 638 Fleckeis.
865 614 947 637 ann.
971 607 1060 637 1897
1085 615 1120 647 p.
1143 607 1227 647 849,
1261 604 1411 638 minoris
1440 604 1496 638 his

162 652 379 694 consulibus,
406 662 558 695 quorum
583 651 686 685 codd.
709 653 746 684 et
772 651 864 691 edd..
891 650 963 684 nisi
990 650 1088 693 quod
1107 650 1216 684 Bosio
1243 652 1392 684 auctore
1411 661 1494 694 quo-

163 710 243 732 rum
269 709 366 743 erqo
392 710 456 732 scr.
478 698 573 732 Boot
599 699 636 731 et
661 697 761 741 Tyrr.
779 708 833 741 ep.
850 701 926 731 318.
949 718 993 721 —
1014 701 1056 730 27
1084 698 1212 739 adhuc,
1237 697 1276 731 id
1296 702 1345 732 est
1363 698 1496 740 Nonis,

166 755 185 778 e
207 743 232 778 C
261 744 430 779 VVesenb.
451 746 537 789 post
563 749 688 778 autem.
709 765 755 769 -—
775 748 818 778 28
844 745 867 785 7'·
880 745 1008 778 imanes
1026 744 1121 777 Boot
1140 743 1231 778 coni.
1246 744 1367 778 Nonis
1387 744 1495 788 ‘ganz

162 791 347 833 verfehlt',
373 791 496 834 inquit
521 790 559 824 O.
576 790 615 825 E.
632 791 799 825 Schmidt
826 790 913 824 ‘Der
937 791 1211 825 Briefwechsel’
1238 803 1273 835 p.
1290 794 1367 832 127,
1393 790 1494 834 Tyrr.

165 850 230 872 scr.
247 839 295 873 acl
315 839 445 873 Nonas
464 839 600 872 inanes.
619 859 664 862 —
685 842 727 871 29
748 839 1006 882 Appianarum
1019 837 1177 882 Lipsius,
1190 837 1328 880 Baiter,
1342 837 1496 881 Tyr-rell,

163 886 339 919 itiizarum
358 885 424 928 M1,
450 896 533 919 cum
558 895 664 918 cruce
684 884 794 927 Wes,
821 885 990 919 itinerum
1009 884 1075 927 ΜΞ,
1101 886 1124 929 †
1137 885 1374 918 Attianorum
1391 884 1496 927 Boot,

167 932 294 966 ‘Immo
314 932 490 976 Appiam.²
531 931 567 965 P.
585 935 662 965 212.
679 936 710 966 5.
731 953 775 956 ——
796 935 838 965 33
859 930 931 965 κᾶν
951 932 1161 965 ἀποθανεῖν
1181 931 1282 974 Tyrr.
1299 930 1494 975 aDiphilo.

164 1000 206 1003 —
233 979 283 1012 Ib.
305 980 327 1024 †
342 990 404 1012 orec
428 979 523 1012 Boot
546 978 727 1022 imperite.
771 980 783 1022 ΙΙ
831 978 876 1011 Ρ.
897 977 987 1012 217.
1007 982 1051 1011 35
1076 977 1248 1012 redeant?
1273 998 1318 1003 —
1344 977 1496 1013 exeant?

164 1026 302 1068 Baiter,
327 1025 500 1059 Wesenb.
547 1023 598 1058 Cf.
618 1037 653 1069 p.
674 1029 752 1058 445.
775 1028 805 1066 7,
833 1025 881 1057 ad
907 1024 1000 1058 Phil.
1020 1036 1056 1068 p.
1078 1028 1155 1058 386.
1172 1027 1201 1058 6.
1246 1027 1257 1068 ll
1299 1025 1344 1059 P.
1365 1024 1454 1059 218.
1475 1028 1495 1058 5

164 1084 282 1117 aqam,
308 1070 447 1116 σκέμμα
473 1071 614 1115 Tyrrell
642 1082 696 1115 ep.
718 1074 802 1113 3193
828 1082 901 1104 non
925 1070 1083 1104 multum
1107 1071 1272 1113 interest,
1299 1071 1364 1105 sed
1386 1082 1497 1115 neque

164 1119 355 1153 mehercule
384 1139 430 1143 —
462 1119 644 1162 particeps
674 1118 712 1151 in
736 1118 906 1161 parenth.
927 1118 1026 1151 idem
1051 1128 1124 1151 non
1148 1117 1258 1160 bene,
1289 1120 1332 1151 ut
1355 1117 1495 1162 opinor.

165 1165 202 1199 P.
226 1169 356 1199 16.14.
394 1186 439 1190 —
479 1168 520 1198 15
552 1176 583 1198 v,
613 1163 651 1198 O.
672 1164 712 1198 E.
735 1164 902 1198 Schmidt
935 1164 1022 1198 ‘Der
1052 1164 1326 1198 Briefwechsel’
1359 1176 1394 1208 p.
1417 1168 1495 1206 131,

167 1224 200 1246 a.
216 1213 249 1246 d.
277 1212 311 1245 V
331 1212 388 1246 Id.
409 1211 547 1253 Baiter,
573 1211 745 1245 Wesenb.
772 1231 817 1236 ——
849 1215 893 1245 20
918 1222 1056 1246 navem
1083 1212 1166 1254 ‘vc',
1192 1210 1377 1254 Wesenb.,
1402 1211 1497 1245 Boot

165 1258 267 1292 haud
299 1258 374 1292 scio
414 1269 460 1291 an
490 1268 583 1292 vere.
628 1279 674 1282 —
716 1262 759 1292 26
786 1258 892 1293 Recte
921 1259 977 1292 sit.
1023 1257 1151 1292 Censeo
1182 1258 1376 1292 cedendum
1406 1259 1429 1303 †
1455 1259 1497 1292 de

168 1306 310 1349 oppidis
335 1306 391 1339 his
415 1305 518 1347 Boot,
551 1305 597 1339 Ut
621 1309 710 1339 recte
734 1306 781 1339 sit
804 1315 923 1339 censeo
948 1305 1150 1339 cedendum.
1188 1305 1246 1339 De
1268 1304 1394 1349 Oppiis
1418 1305 1497 1340 istis

167 1351 310 1395 Tyrrell
337 1363 391 1395 ep.
414 1355 493 1391 320,
519 1351 659 1395 †Recte
683 1353 730 1386 sit
754 1362 873 1386 censeo
898 1352 1090 1386 cedendum
1115 1352 1158 1385 de
1176 1351 1320 1396 oppidis
1337 1352 1412 1394 his;
1436 1352 1497 1386 secl

165 1409 245 1443 6960
282 1399 424 1433 comilii
460 1397 632 1432 WVesenb.
662 1397 752 1432 coni.
781 1398 904 1433 Recte:
945 1399 996 1432 sic
1032 1409 1168 1440 censeo,
1205 1398 1398 1432 cedendum
1432 1400 1498 1432 aut

167 1446 272 1480 Recte
296 1450 363 1480 est.-
393 1456 512 1479 censeo
537 1446 608 1479 ced.
631 1448 695 1478 aut
720 1445 824 1479 Recte
849 1446 900 1479 sic
924 1456 1050 1486 censes,
1076 1446 1158 1487 ced„
1193 1449 1280 1480 recte
1305 1445 1356 1479 sic
1379 1456 1497 1480 censes

166 1493 375 1526 mulieribus
404 1492 474 1526 ced.
520 1491 678 1535 Kayser,
711 1492 861 1526 Rectene
890 1492 941 1526 sic
971 1502 1108 1526 censeo:
1144 1492 1338 1526 cedendum
1369 1492 1411 1526 de
1436 1503 1495 1536 op-

162 1539 263 1583 pidis
292 1539 349 1573 his
379 1538 450 1572 —.9
481 1538 580 1583 Eyeo
612 1539 705 1572 enim
737 1538 858 1572 Moser
888 1549 1008 1582 progr.
1030 1538 1115 1571 Uhn
1150 1541 1237 1572 1841
1274 1550 1309 1582 p.
1332 1542 1392 1581 13,
1433 1539 1496 1573 Te-

166 1587 286 1620 rentia
309 1586 379 1620 sibi
403 1590 517 1620 censet
541 1585 611 1619 cccl.
632 1585 675 1618 H.
697 1585 737 1618 A.
759 1585 862 1619 Koch
886 1597 977 1618 mus.
998 1585 1112 1619 Rhen.
1134 1585 1201 1618 ΧΠ
1224 1597 1259 1629 p.
1281 1588 1360 1627 273,
1391 1585 1497 1620 Recte

165 1633 221 1667 sit.
268 1632 396 1667 Censeo
427 1633 619 1666 cedendum
658 1631 792 1676 Oppiis.
828 1632 912 1667 ,Hic
942 1643 1021 1676 eyeo
1051 1636 1112 1666 tuo
1143 1632 1284 1666 auaeilio
1318 1631 1493 1676 ‘refingit'

166 1679 268 1712 Boot.
309 1679 346 1712 P.
368 1678 494 1722 Meyer
517 1690 637 1722 progr.
657 1678 846 1722 Bayreuth
872 1681 961 1712 1887
987 1690 1021 1722 p.
1045 1682 1086 1711 12
1116 1678 1241 1712 ‘verba
1266 1689 1345 1723 6960
1369 1679 1497 1713 consili

166 1725 343 1769 reliquias
369 1725 520 1759 fabulae
545 1725 759 1769 intellegit',
785 1727 828 1759 ut
851 1725 937 1759 fam.
952 1724 1003 1758 IX
1022 1729 1085 1758 3.2
1115 1725 1239 1758 ‘verba
1265 1725 1359 1768 quod
1376 1726 1495 1770 qram-

167 1777 222 1807 tas
246 1773 359 1807 morbi
382 1773 484 1815 facit,
515 1777 556 1807 ut
579 1773 776 1806 medicinae
801 1783 963 1817 eyeamus
987 1782 1132 1805 versum
1156 1771 1411 1805 hexametrum
1437 1782 1495 1805 ex—

165 1819 267 1863 plere
297 1830 404 1853 nemo
435 1818 555 1853 vidit'.
605 1819 683 1863 Ego
715 1829 761 1853 ne
786 1830 883 1852 nunc
913 1819 1063 1861 quidem
1088 1818 1204 1852 video.
1242 1839 1288 1842 —
1325 1821 1368 1851 33
1394 1819 1496 1852 modo

167 1867 316 1910 quidem.
344 1867 379 1900 A
397 1870 429 1900 te
448 1887 493 1890 —
518 1865 636 1900 soleo?
662 1866 777 1907 codd„
798 1865 922 1899 Lehm.
938 1864 1102 1906 Quaestt.
1122 1877 1157 1909 p.
1174 1869 1217 1898 34
1226 1876 1277 1907 sq.
1299 1866 1337 1898 et
1356 1865 1496 1908 quidem.

167 1913 206 1945 in
243 1913 481 1956 responsione
519 1912 719 1946 defendens
753 1912 918 1956 exemplo
951 1912 1046 1946 Sane
1077 1912 1217 1956 quidem
1246 1911 1343 1955 legg.
1370 1911 1403 1944 Π
1423 1916 1452 1945 1.
1477 1916 1494 1945 1

168 1959 319 2002 Tyrrell.
359 1960 417 1992 Ad
441 1972 475 2003 p.
499 1963 552 1993 76.
575 1963 628 1992 14.
656 1980 700 1983 —
729 1962 772 1991 35
797 1960 954 1993 venerit
978 1958 1149 1992 Wesenb.
1188 1958 1246 1991 Ad
1270 1969 1304 2001 p.
1321 1961 1375 1991 87.
1392 1961 1447 1992 33.
1486 1959 1497 2003 11

214 2006 260 2039 P.
282 2006 370 2040 219.
392 2010 411 2039 2
438 2018 468 2039 v.
491 2005 658 2040 Schmidt
690 2005 776 2039 ‘Der
800 2005 1074 2039 Briefwechsel'
1102 2016 1136 2048 p.
1160 2008 1237 2046 131,
1264 2016 1297 2038 a.
1312 2005 1345 2038 d.
1359 2005 1424 2039 IV
1437 2005 1494 2039 Id.

167 2051 304 2095 Baiter,
329 2051 501 2086 Wesenb.
523 2073 569 2077 —
596 2056 639 2086 14
666 2051 800 2093 ‘Quum
826 2053 1002 2094 sequatur
1026 2052 1124 2095 capti
1143 2052 1253 2094 plane
1277 2062 1410 2094 sumus,
1435 2051 1498 2086 hic

169 2109 313 2141 quoque
334 2100 444 2142 plane
469 2110 534 2143 pro
551 2111 666 2143 paene
684 2098 884 2143 legendum
904 2109 983 2132 esse
1002 2097 1059 2132 W.
1075 2097 1269 2131 intellexit.
1288 2098 1330 2132 cf.
1347 2098 1396 2131 IX
1411 2102 1440 2132 6.
1457 2099 1492 2132 2²

167 2144 272 2187 Boot,
300 2156 364 2178 scr.
387 2145 529 2188 Tyri-el]
556 2157 610 2190 ep.
633 2149 710 2180 321.
749 2166 795 2170 -
832 2149 875 2179 28
903 2146 1075 2179 lubenter
1100 2144 1147 2185 M,
1179 2144 1316 2187 Baiter,
1342 2144 1495 2188 Tyrrell,

168 2192 316 2225 libenter
340 2191 530 2234 Wesenb.,
566 2193 668 2226 Boot.
718 2192 777 2226 Ad
801 2204 836 2236 p.
858 2195 912 2225 25.
936 2195 989 2225 16.
1028 2212 1073 2216 —
1111 2195 1153 2224 32
1181 2191 1242 2235 qui
1267 2192 1353 2226 deus
1376 2192 1498 2234 fecerit

169 2238 260 2271 coni.
283 2238 387 2281 Boot,
413 2239 543 2273 ini-erit
568 2239 710 2282 Tyrrell
734 2239 773 2272 in
799 2239 881 2272 adn.
904 2238 994 2280 erit,
1021 2238 1108 2281 quid
1133 2239 1208 2272 eius
1233 2239 1288 2282 (ut
1312 2238 1398 2272 fam.
1413 2237 1498 2271 XVI

169 2288 220 2318 12.
245 2289 262 2317 1
290 2284 328 2317 Μ
359 2286 524 2328 qziicleius
552 2286 716 2320 radendo
750 2287 913 2329 correct.)
938 2285 1082 2328 fuerit
1106 2284 1141 2329 (i.
1158 2295 1187 2319 e.
1213 2285 1337 2328 inerim
1363 2284 1499 2319 viam.
