1665 2553
257 65 345 106 484
691 64 739 98 Μ.
767 63 908 97 TULLI
934 62 1182 98 CICERONIS

258 159 446 214 mihique
486 159 787 214 gratissimum.
855 158 918 199 De
960 158 1089 198 armis
1126 157 1234 198 nihil
1270 157 1356 199 vidi
1395 157 1591 211 apertius.

259 217 489 272 Fugiamus
527 218 678 272 igitur,
715 220 757 257 et
789 219 836 257 ut
868 216 940 257 ais.
999 215 1151 257 Coram
1182 215 1459 270 Theophanes
1492 215 1594 270 quid

260 277 380 331 velit,
417 276 570 317 nescio.
633 274 866 328 Scripserat
904 274 1016 315 enim
1053 274 1105 314 ad
1135 289 1211 315 me.
1275 273 1354 315 Cui
1384 274 1593 329 rescripsi,

260 338 309 376 ut
346 335 476 388 potui.
537 333 646 374 Mihi
683 337 824 375 autem
863 333 1010 374 scribit
1048 333 1188 373 venire
1220 332 1272 373 ad
1303 347 1369 373 me
1401 347 1445 374 se
1476 333 1594 387 velle,

261 396 309 434 ut
341 396 381 434 et
413 393 463 433 de
495 393 582 433 suis
613 392 739 433 rebus
773 395 815 433 et
847 392 1063 445 quaedam,
1096 406 1202 445 quae
1234 391 1286 431 ad
1316 406 1382 432 me
1413 392 1592 445 pertine·
1630 406 1646 432 5

261 454 365 492 rent.
427 451 539 492 Tuas
580 450 746 491 litteras
779 453 985 504 exspecto.
1048 449 1168 505 Vide,
1199 464 1374 505 quaeso,
1409 464 1460 490 ne
1493 450 1593 503 quid

262 513 418 551 temere
449 510 536 550 fiat.

351 567 513 609 Statius
551 567 720 620 scripsit
761 566 811 607 ad
842 581 908 606 me
938 566 1130 607 locutum
1162 581 1302 607 secum
1334 581 1424 607 esse
1456 565 1503 615 Q.
1529 564 1594 607 Ci-

262 641 453 667 ceronem
491 626 609 667 valde
647 625 941 666 adseveranter
984 639 1027 666 se
1064 625 1166 666 haec
1197 625 1306 666 ferre
1335 639 1422 666 non
1452 638 1594 679 posse3

262 687 423 726 certum
456 685 538 725 sibi
570 699 660 724 esse
685 684 737 724 ad
763 683 944 724 Brutum
971 687 1012 724 et
1039 682 1234 724 Cassium
1260 684 1454 724 transire.
1501 683 1594 724 Hoc
1613 699 1647 724 ιο

262 743 372 784 enim
403 757 501 784 vero
532 757 645 783 nunc
676 742 833 783 discere
865 756 985 796 aveo,
1025 742 1105 782 hoc
1139 756 1215 796 ego
1249 742 1349 795 quid
1381 742 1437 782 sit
1469 742 1595 782 'mter-

261 802 419 856 pretari
461 816 549 842 non
593 815 778 855 possum.
839 800 987 841 Potest
1025 801 1184 854 aliquid
1221 801 1356 841 iratus
1393 799 1595 855 Antonio,

261 863 403 914 potest
449 860 629 914 gloriam
674 860 759 900 iam
806 873 957 899 novam
1008 873 1224 914 quaerere,
1268 861 1410 912 potest
1455 861 1595 900 totum

263 933 352 959 esse
396 920 650 973 σχεὸιάσμα;
695 921 736 958 et
778 917 981 958 nimirum
1019 919 1079 958 ita
1119 920 1193 958 est.
1257 916 1339 958 Sed
1375 920 1517 958 tamen
1554 920 1595 958 et

263 991 340 1031 ego
372 992 529 1031 vereor,
562 980 603 1018 et
634 979 754 1030 pater
786 977 1063 1017 conturbatus
1097 979 1180 1030 est3
1220 976 1298 1017 scit
1329 976 1453 1030 enim,
1490 990 1595 1029 quae
1615 991 1648 1016 15

262 1036 333 1076 ille
370 1035 419 1076 de
450 1035 540 1089 hoc,
572 1050 734 1076 mecum
767 1035 934 1088 quidem
966 1035 1110 1089 ἄφατα
1143 1035 1254 1075 olim.
1311 1033 1457 1089 Plane,
1495 1034 1595 1088 quid

262 1094 375 1147 velit,
407 1095 557 1135 nescio.
607 1093 647 1134 A
671 1093 893 1134 Dolabella
927 1093 1125 1133 mandata
1149 1092 1326 1147 habebo,
1358 1107 1465 1146 quae
1490 1092 1595 1133 mihi

262 1152 533 1207 videbuntur,
575 1153 617 1193 id
654 1155 718 1193 est
754 1152 872 1192 nihil.
935 1151 1013 1192 Dic
1050 1151 1173 1205 mihi,
1211 1150 1254 1192 O.
1281 1151 1495 1191 Antonius
1527 1165 1595 1192 vo-

261 1211 396 1251 luitne
432 1211 524 1251 fieri
564 1210 817 1264 septemvir?
866 1208 966 1249 Fuit
999 1212 1108 1250 certe
1140 1210 1302 1263 dignus.
1365 1209 1428 1250 De
1458 1209 1596 1250 Mene-

261 1269 381 1310 demo
414 1272 489 1324 est,
520 1272 567 1309 ut
601 1269 759 1309 scribis.
822 1267 965 1308 Facies
1000 1268 1139 1308 omnia
1170 1267 1275 1308 mihi
1306 1271 1418 1309 nota.
1617 1283 1650 1308 20

883 1383 973 1425 XX.

321 1465 395 1499 Ser.
416 1465 457 1498 in
485 1465 690 1499 Tusculano
716 1465 809 1498 inter
834 1464 915 1497 XV
937 1468 968 1498 et
995 1464 1061 1497 XI
1082 1464 1129 1497 K.
1153 1463 1275 1507 Quint.
1297 1475 1330 1497 α.
1352 1466 1423 1498 710
1449 1466 1537 1507 (44).

664 1544 853 1579 CICERO
878 1544 1069 1579 ATTICO
1094 1545 1201 1579 SAL.

349 1618 433 1673 Egi
465 1618 624 1673 gratias
656 1616 878 1672 Vettieno3
909 1617 1017 1657 nihil
1049 1617 1161 1657 enini
1192 1617 1333 1670 potuit
1357 1615 1593 1656 humanius.

262 1677 507 1718 Dolabellae
544 1676 741 1716 mandata
779 1676 865 1717 sint
904 1675 1135 1729 quaelibet,
1179 1675 1283 1715 mihi
1321 1674 1497 1728 aliquid,
1528 1673 1595 1714 vel
1614 1690 1646 1716 25

264 1736 375 1790 quod
418 1734 564 1776 Niciae
607 1734 808 1775 nuntiem.
879 1733 980 1782 Quis
1026 1734 1138 1774 enim
1179 1733 1297 1786 haee,
1341 1735 1388 1773 ut
1432 1732 1593 1786 scribis,

262 1794 486 1847 †anteno‘?
534 1792 661 1834 Nunc
692 1793 886 1833 dubitare
919 1807 1170 1846 quemquam
1202 1791 1460 1845 prudentem,
1493 1791 1596 1844 quin

218 1871 225 1877 ·
263 1868 380 1894 meus
408 1853 615 1893 discessus
641 1851 946 1904 desperationis
975 1851 1042 1905 sit,
1067 1864 1154 1890 non
1178 1849 1432 1904 legationis?
1474 1848 1594 1897 Quod

264 1912 325 1952 ais
363 1914 550 1952 extrema
588 1910 791 1963 quaedam
828 1909 911 1949 iam
950 1908 1142 1949 homines
1182 1908 1231 1948 de
1263 1923 1307 1948 re
1338 1907 1506 1960 publica
1535 1907 1594 1947 lo-

264 1969 337 2023 qui
375 1972 417 2010 et
455 1983 526 2009 eos
566 1968 733 2022 quidem
773 1967 886 2008 viros
918 1967 1070 2021 bonos,
1112 1980 1208 2021 ego,
1241 1980 1323 2019 quo
1356 1966 1420 2006 die
1454 1964 1593 2006 audivi
1613 1982 1646 2007 30

263 2028 384 2068 illum
422 2030 649 2081 tyrannum
687 2027 731 2066 in
768 2026 962 2066 contione
1004 2025 1296 2065 clarissimum
1334 2024 1488 2064 virum'
1525 2038 1593 2076 ap-

263 2086 428 2139 pellari,
468 2078 736 2126 subdiffidere
773 2084 902 2137 coepi.
963 2083 1116 2124 Postea
1152 2097 1251 2124 vero
1290 2097 1416 2136 quam
1456 2084 1594 2122 tecum

263 2144 426 2185 Lanuvi
457 2144 542 2185 vidi
573 2146 743 2184 nostros
775 2145 941 2183 tantum
973 2142 1061 2195 spei
1091 2141 1246 2182 habere
1278 2141 1329 2181 ad
1359 2140 1594 2194 vivendum,

265 2206 469 2255 quantum
508 2202 764 2255 accepissent
802 2201 854 2242 ab
892 2200 1100 2253 Antonio,
1145 2199 1372 2264 desperavi.
1433 2198 1593 2251 Itaque,

263 2260 322 2300 mi
353 2261 506 2315 Attice,
537 2259 724 2316 (fortiter
754 2259 834 2300 hoc
867 2259 993 2300 velim
1025 2258 1215 2312 accipias,
1247 2260 1294 2298 ut
1325 2271 1403 2312 ego
1436 2254 1592 2312 scribo)
1613 2271 1645 2298 35
