<?xml version="1.0" encoding="UTF-8"?>
<!DOCTYPE html PUBLIC "-//W3C//DTD XHTML 1.0 Transitional//EN"
    "http://www.w3.org/TR/xhtml1/DTD/xhtml1-transitional.dtd">
<html xmlns="http://www.w3.org/1999/xhtml" xml:lang="en" lang="en">
 <head>
  <title>
</title>
<meta http-equiv="Content-Type" content="text/html;charset=utf-8" />
  <meta name='ocr-system' content='tesseract 3.04.00' />
  <meta name='ocr-capabilities' content='ocr_page ocr_carea ocr_par ocr_line ocrx_word'/>
</head>
<body>
  <div class='ocr_page' id='page_1' title='image "./p2scriptaquaemanse03ciceuoft_0618.png"; bbox 0 0 1665 2553; ppageno 0'>
   <div class='ocr_carea' id='block_1_1' title="bbox 224 95 1137 136">
    <p class='ocr_par' dir='ltr' id='par_1_1' title="bbox 224 95 1137 136">
     <span class='ocr_line' id='line_1_1' title="bbox 224 95 1137 136; baseline -0.008 0"><span class='ocrx_word' id='word_1_1' title='bbox 224 96 280 136; x_wconf 76' lang='grc'>42</span> <span class='ocrx_word' id='word_1_2' title='bbox 285 96 309 136; x_wconf 86' lang='grc'>8</span> <span class='ocrx_word' id='word_1_3' title='bbox 648 96 697 131; x_wconf 90' lang='grc' dir='ltr'>Μ.</span> <span class='ocrx_word' id='word_1_4' title='bbox 724 95 864 130; x_wconf 88' lang='lat' dir='ltr'>TULLI</span> <span class='ocrx_word' id='word_1_5' title='bbox 890 95 1137 130; x_wconf 80' lang='lat' dir='ltr'>CICERONIS</span> 
     </span>
    </p>
   </div>
   <div class='ocr_carea' id='block_1_2' title="bbox 220 191 1614 526">
    <p class='ocr_par' dir='ltr' id='par_1_2' title="bbox 220 191 1614 526">
     <span class='ocr_line' id='line_1_2' title="bbox 221 191 1560 248; baseline 0.002 -16"><span class='ocrx_word' id='word_1_6' title='bbox 221 205 297 232; x_wconf 84' lang='lat' dir='ltr'>nec</span> <span class='ocrx_word' id='word_1_7' title='bbox 340 191 576 232; x_wconf 78' lang='lat' dir='ltr'>mehercule</span> <span class='ocrx_word' id='word_1_8' title='bbox 620 191 758 232; x_wconf 91' lang='lat' dir='ltr'>nostri</span> <span class='ocrx_word' id='word_1_9' title='bbox 803 191 1102 233; x_wconf 69' lang='lat' dir='ltr'>studiosiorem</span> <span class='ocrx_word' id='word_1_10' title='bbox 1145 192 1267 233; x_wconf 86' lang='lat' dir='ltr'>facile</span> <span class='ocrx_word' id='word_1_11' title='bbox 1311 193 1560 248; x_wconf 83' lang='lat' dir='ltr'>delegissem</span> 
     </span>
     <span class='ocr_line' id='line_1_3' title="bbox 220 249 1561 307; baseline 0.001 -16"><span class='ocrx_word' id='word_1_12' title='bbox 220 249 442 304; x_wconf 83' lang='lat' dir='ltr'>Vestori03</span> <span class='ocrx_word' id='word_1_13' title='bbox 482 250 533 290; x_wconf 87' lang='lat' dir='ltr'>ad</span> <span class='ocrx_word' id='word_1_14' title='bbox 572 264 697 304; x_wconf 88' lang='lat' dir='ltr'>quem</span> <span class='ocrx_word' id='word_1_15' title='bbox 729 250 1067 291; x_wconf 87' lang='lat' dir='ltr'>accuratissimas</span> <span class='ocrx_word' id='word_1_16' title='bbox 1098 250 1264 292; x_wconf 86' lang='lat' dir='ltr'>litteras</span> <span class='ocrx_word' id='word_1_17' title='bbox 1297 252 1409 307; x_wconf 81' lang='lat' dir='ltr'>dedi3</span> <span class='ocrx_word' id='word_1_18' title='bbox 1448 252 1561 306; x_wconf 87' lang='lat' dir='ltr'>quod</span> 
     </span>
     <span class='ocr_line' id='line_1_4' title="bbox 221 308 1561 362; baseline 0.001 -13"><span class='ocrx_word' id='word_1_19' title='bbox 221 309 332 349; x_wconf 88' lang='lat' dir='ltr'>idem</span> <span class='ocrx_word' id='word_1_20' title='bbox 362 311 405 349; x_wconf 89' lang='lat' dir='ltr'>te</span> <span class='ocrx_word' id='word_1_21' title='bbox 436 308 585 349; x_wconf 86' lang='lat' dir='ltr'>fecisse</span> <span class='ocrx_word' id='word_1_22' title='bbox 618 309 815 350; x_wconf 86' lang='lat' dir='ltr'>arbitror.</span> <span class='ocrx_word' id='word_1_23' title='bbox 870 308 978 349; x_wconf 83' lang='lat' dir='ltr'>Mihi</span> <span class='ocrx_word' id='word_1_24' title='bbox 1012 309 1180 362; x_wconf 90' lang='lat' dir='ltr'>quidem</span> <span class='ocrx_word' id='word_1_25' title='bbox 1211 309 1292 351; x_wconf 87' lang='lat' dir='ltr'>hoc</span> <span class='ocrx_word' id='word_1_26' title='bbox 1323 311 1426 351; x_wconf 87' lang='lat' dir='ltr'>satis</span> <span class='ocrx_word' id='word_1_27' title='bbox 1451 310 1561 351; x_wconf 87' lang='lat' dir='ltr'>vide-</span> 
     </span>
     <span class='ocr_line' id='line_1_5' title="bbox 220 367 1561 423; baseline 0.001 -15"><span class='ocrx_word' id='word_1_28' title='bbox 220 370 302 408; x_wconf 90' lang='lat' dir='ltr'>tur.</span> <span class='ocrx_word' id='word_1_29' title='bbox 364 367 429 408; x_wconf 90' lang='lat' dir='ltr'>Tu</span> <span class='ocrx_word' id='word_1_30' title='bbox 468 367 570 421; x_wconf 86' lang='lat' dir='ltr'>quid</span> <span class='ocrx_word' id='word_1_31' title='bbox 607 367 740 408; x_wconf 87' lang='lat' dir='ltr'>dicis‘?</span> <span class='ocrx_word' id='word_1_32' title='bbox 789 367 933 409; x_wconf 90' lang='lat' dir='ltr'>Unum</span> <span class='ocrx_word' id='word_1_33' title='bbox 970 368 1083 408; x_wconf 87' lang='lat' dir='ltr'>enim</span> <span class='ocrx_word' id='word_1_34' title='bbox 1119 368 1291 423; x_wconf 88' lang='lat' dir='ltr'>pungit,</span> <span class='ocrx_word' id='word_1_35' title='bbox 1332 383 1385 410; x_wconf 83' lang='lat' dir='ltr'>ne</span> <span class='ocrx_word' id='word_1_36' title='bbox 1421 369 1561 423; x_wconf 86' lang='lat' dir='ltr'>negle—</span> 
     </span>
     <span class='ocr_line' id='line_1_6' title="bbox 221 426 1614 482; baseline 0.003 -16"><span class='ocrx_word' id='word_1_37' title='bbox 221 426 434 480; x_wconf 90' lang='lat' dir='ltr'>gentiores</span> <span class='ocrx_word' id='word_1_38' title='bbox 474 440 564 466; x_wconf 88' lang='lat' dir='ltr'>esse</span> <span class='ocrx_word' id='word_1_39' title='bbox 601 426 828 467; x_wconf 84' lang='lat' dir='ltr'>videamur.</span> <span class='ocrx_word' id='word_1_40' title='bbox 890 426 1161 480; x_wconf 88' lang='lat' dir='ltr'>Exspectabo</span> <span class='ocrx_word' id='word_1_41' title='bbox 1198 427 1332 482; x_wconf 90' lang='lat' dir='ltr'>igitur</span> <span class='ocrx_word' id='word_1_42' title='bbox 1363 430 1460 469; x_wconf 84' lang='lat' dir='ltr'>tuas</span> <span class='ocrx_word' id='word_1_43' title='bbox 1491 428 1560 469; x_wconf 91' lang='lat' dir='ltr'>lit-</span> <span class='ocrx_word' id='word_1_44' title='bbox 1598 447 1614 472; x_wconf 89' lang='lat'><strong>5</strong></span> 
     </span>
     <span class='ocr_line' id='line_1_7' title="bbox 220 488 344 526; baseline 0 -1"><span class='ocrx_word' id='word_1_45' title='bbox 220 488 344 526; x_wconf 88' lang='lat' dir='ltr'>teras.</span> 
     </span>
    </p>
   </div>
   <div class='ocr_carea' id='block_1_3' title="bbox 415 602 1366 727">
    <p class='ocr_par' dir='ltr' id='par_1_3' title="bbox 415 602 1366 727">
     <span class='ocr_line' id='line_1_8' title="bbox 815 602 965 644; baseline 0.007 -1"><span class='ocrx_word' id='word_1_46' title='bbox 815 602 965 644; x_wconf 87' lang='lat' dir='ltr'>XLVI.</span> 
     </span>
     <span class='ocr_line' id='line_1_9' title="bbox 415 682 1366 727; baseline 0.002 -11"><span class='ocrx_word' id='word_1_47' title='bbox 415 683 488 717; x_wconf 74' lang='lat' dir='ltr'>Sor.</span> <span class='ocrx_word' id='word_1_48' title='bbox 510 683 551 716; x_wconf 75' lang='lat' dir='ltr'>in</span> <span class='ocrx_word' id='word_1_49' title='bbox 580 682 787 717; x_wconf 72' lang='lat' dir='ltr'>Tusculano</span> <span class='ocrx_word' id='word_1_50' title='bbox 808 684 906 727; x_wconf 76' lang='lat' dir='ltr'>prid.</span> <span class='ocrx_word' id='word_1_51' title='bbox 926 683 984 717; x_wconf 77' lang='lat' dir='ltr'>Icl.</span> <span class='ocrx_word' id='word_1_52' title='bbox 1006 683 1100 718; x_wconf 75' lang='lat' dir='ltr'>Seoet.</span> <span class='ocrx_word' id='word_1_53' title='bbox 1122 695 1154 717; x_wconf 85' lang='lat' dir='ltr'>a.</span> <span class='ocrx_word' id='word_1_54' title='bbox 1178 686 1249 718; x_wconf 84' lang='lat'>709</span> <span class='ocrx_word' id='word_1_55' title='bbox 1278 686 1366 727; x_wconf 78' lang='lat'>(45).</span> 
     </span>
    </p>
   </div>
   <div class='ocr_carea' id='block_1_4' title="bbox 625 764 1164 800">
    <p class='ocr_par' dir='ltr' id='par_1_4' title="bbox 625 764 1164 800">
     <span class='ocr_line' id='line_1_10' title="bbox 625 764 1164 800; baseline -0.002 0"><span class='ocrx_word' id='word_1_56' title='bbox 625 764 815 800; x_wconf 83' lang='lat' dir='ltr'><strong><em>CICERO</em></strong></span> <span class='ocrx_word' id='word_1_57' title='bbox 839 765 1031 800; x_wconf 85' lang='lat' dir='ltr'><strong><em>ATTICO</em></strong></span> <span class='ocrx_word' id='word_1_58' title='bbox 1057 765 1164 800; x_wconf 82' lang='lat' dir='ltr'>SAL.</span> 
     </span>
    </p>
   </div>
   <div class='ocr_carea' id='block_1_5' title="bbox 172 835 1614 2354">
    <p class='ocr_par' dir='ltr' id='par_1_5' title="bbox 174 835 1614 952">
     <span class='ocr_line' id='line_1_11' title="bbox 174 835 1614 893; baseline 0.002 -15"><span class='ocrx_word' id='word_1_59' title='bbox 174 848 191 878; x_wconf 93' lang='lat'>1</span> <span class='ocrx_word' id='word_1_60' title='bbox 308 835 455 878; x_wconf 81' lang='lat' dir='ltr'>Pollex</span> <span class='ocrx_word' id='word_1_61' title='bbox 501 836 687 891; x_wconf 85' lang='lat' dir='ltr'>quidem,</span> <span class='ocrx_word' id='word_1_62' title='bbox 731 840 779 877; x_wconf 92' lang='lat' dir='ltr'>ut</span> <span class='ocrx_word' id='word_1_63' title='bbox 823 837 986 877; x_wconf 88' lang='lat' dir='ltr'>dixerat</span> <span class='ocrx_word' id='word_1_64' title='bbox 1028 837 1079 878; x_wconf 87' lang='lat' dir='ltr'>ad</span> <span class='ocrx_word' id='word_1_65' title='bbox 1116 837 1216 878; x_wconf 88' lang='lat' dir='ltr'>Idus</span> <span class='ocrx_word' id='word_1_66' title='bbox 1256 836 1457 893; x_wconf 80' lang='lat' dir='ltr'>Sextiles,</span> <span class='ocrx_word' id='word_1_67' title='bbox 1499 839 1614 883; x_wconf 77' lang='lat' dir='ltr'>itam</span> 
     </span>
     <span class='ocr_line' id='line_1_12' title="bbox 220 894 1561 952; baseline 0.002 -17"><span class='ocrx_word' id='word_1_68' title='bbox 220 894 326 935; x_wconf 91' lang='lat' dir='ltr'>mihi</span> <span class='ocrx_word' id='word_1_69' title='bbox 358 894 522 937; x_wconf 83' lang='lat' dir='ltr'>Lanuvi</span> <span class='ocrx_word' id='word_1_70' title='bbox 547 896 683 949; x_wconf 83' lang='lat' dir='ltr'>pridie</span> <span class='ocrx_word' id='word_1_71' title='bbox 708 895 808 936; x_wconf 88' lang='lat' dir='ltr'>Idus</span> <span class='ocrx_word' id='word_1_72' title='bbox 835 899 1004 950; x_wconf 88' lang='lat' dir='ltr'>praesto</span> <span class='ocrx_word' id='word_1_73' title='bbox 1032 896 1126 950; x_wconf 85' lang='lat' dir='ltr'>fuit,</span> <span class='ocrx_word' id='word_1_74' title='bbox 1159 897 1231 937; x_wconf 88' lang='lat' dir='ltr'>sed</span> <span class='ocrx_word' id='word_1_75' title='bbox 1257 896 1382 950; x_wconf 89' lang='lat' dir='ltr'>plane</span> <span class='ocrx_word' id='word_1_76' title='bbox 1407 897 1561 952; x_wconf 80' lang='lat' dir='ltr'>pollex,</span> 
     </span>
    </p>

    <p class='ocr_par' dir='ltr' id='par_1_6' title="bbox 173 953 1613 1418">
     <span class='ocr_line' id='line_1_13' title="bbox 173 953 1561 1010; baseline 0.002 -16"><span class='ocrx_word' id='word_1_77' title='bbox 173 964 193 994; x_wconf 79' lang='grc'>2</span> <span class='ocrx_word' id='word_1_78' title='bbox 219 968 306 994; x_wconf 93' lang='lat' dir='ltr'>non</span> <span class='ocrx_word' id='word_1_79' title='bbox 343 954 479 996; x_wconf 87' lang='lat' dir='ltr'>index.</span> <span class='ocrx_word' id='word_1_80' title='bbox 542 953 783 1009; x_wconf 80' lang='lat' dir='ltr'>Cognosces</span> <span class='ocrx_word' id='word_1_81' title='bbox 822 954 955 1010; x_wconf 88' lang='lat' dir='ltr'>igitur</span> <span class='ocrx_word' id='word_1_82' title='bbox 989 969 1037 995; x_wconf 85' lang='lat' dir='ltr'>ex</span> <span class='ocrx_word' id='word_1_83' title='bbox 1070 955 1175 1008; x_wconf 88' lang='lat' dir='ltr'>ipso.</span> <span class='ocrx_word' id='word_1_84' title='bbox 1252 954 1435 996; x_wconf 83' lang='lat' dir='ltr'>Balbum</span> <span class='ocrx_word' id='word_1_85' title='bbox 1466 970 1561 997; x_wconf 92' lang='lat' dir='ltr'>con-</span> 
     </span>
     <span class='ocr_line' id='line_1_14' title="bbox 220 1013 1560 1066; baseline 0.002 -13"><span class='ocrx_word' id='word_1_86' title='bbox 220 1013 328 1053; x_wconf 82' lang='lat' dir='ltr'>veni.</span> <span class='ocrx_word' id='word_1_87' title='bbox 379 1013 513 1066; x_wconf 92' lang='lat' dir='ltr'>Lepta</span> <span class='ocrx_word' id='word_1_88' title='bbox 546 1013 658 1053; x_wconf 90' lang='lat' dir='ltr'>enim</span> <span class='ocrx_word' id='word_1_89' title='bbox 684 1013 733 1054; x_wconf 89' lang='lat' dir='ltr'>de</span> <span class='ocrx_word' id='word_1_90' title='bbox 760 1027 835 1053; x_wconf 88' lang='lat' dir='ltr'>sua</span> <span class='ocrx_word' id='word_1_91' title='bbox 864 1013 949 1066; x_wconf 82' lang='lat' dir='ltr'>†vi</span> <span class='ocrx_word' id='word_1_92' title='bbox 979 1013 1243 1054; x_wconf 69' lang='lat' dir='ltr'>incuratione</span> <span class='ocrx_word' id='word_1_93' title='bbox 1268 1013 1468 1055; x_wconf 90' lang='lat' dir='ltr'>laborans</span> <span class='ocrx_word' id='word_1_94' title='bbox 1494 1029 1560 1056; x_wconf 86' lang='lat' dir='ltr'>me</span> 
     </span>
     <span class='ocr_line' id='line_1_15' title="bbox 221 1071 1560 1128; baseline 0.002 -17"><span class='ocrx_word' id='word_1_95' title='bbox 221 1071 273 1111; x_wconf 88' lang='lat' dir='ltr'>ad</span> <span class='ocrx_word' id='word_1_96' title='bbox 306 1085 400 1112; x_wconf 85' lang='lat' dir='ltr'>eum</span> <span class='ocrx_word' id='word_1_97' title='bbox 431 1071 696 1125; x_wconf 86' lang='lat' dir='ltr'>perduxerat.</span> <span class='ocrx_word' id='word_1_98' title='bbox 746 1071 796 1112; x_wconf 90' lang='lat' dir='ltr'>In</span> <span class='ocrx_word' id='word_1_99' title='bbox 827 1086 875 1112; x_wconf 97' lang='lat' dir='ltr'>eo</span> <span class='ocrx_word' id='word_1_100' title='bbox 909 1075 1050 1112; x_wconf 89' lang='lat' dir='ltr'>autem</span> <span class='ocrx_word' id='word_1_101' title='bbox 1081 1071 1316 1128; x_wconf 82' lang='lat' dir='ltr'>Lanuvino,</span> <span class='ocrx_word' id='word_1_102' title='bbox 1348 1073 1461 1126; x_wconf 89' lang='lat' dir='ltr'>quod</span> <span class='ocrx_word' id='word_1_103' title='bbox 1487 1073 1560 1115; x_wconf 92' lang='lat' dir='ltr'>Le-</span> 
     </span>
     <span class='ocr_line' id='line_1_16' title="bbox 220 1130 1613 1184; baseline 0.003 -14"><span class='ocrx_word' id='word_1_104' title='bbox 220 1130 318 1183; x_wconf 89' lang='lat' dir='ltr'>pido</span> <span class='ocrx_word' id='word_1_105' title='bbox 351 1131 536 1171; x_wconf 87' lang='lat' dir='ltr'>tradidit.</span> <span class='ocrx_word' id='word_1_106' title='bbox 598 1130 666 1171; x_wconf 86' lang='lat' dir='ltr'>Ex</span> <span class='ocrx_word' id='word_1_107' title='bbox 699 1145 746 1171; x_wconf 94' lang='lat' dir='ltr'>eo</span> <span class='ocrx_word' id='word_1_108' title='bbox 777 1130 859 1171; x_wconf 90' lang='lat' dir='ltr'>hoc</span> <span class='ocrx_word' id='word_1_109' title='bbox 890 1131 1092 1184; x_wconf 88' lang='lat' dir='ltr'>primum:</span> <span class='ocrx_word' id='word_1_110' title='bbox 1139 1131 1285 1172; x_wconf 68' lang='lat' dir='ltr'>‘Paulo</span> <span class='ocrx_word' id='word_1_111' title='bbox 1319 1134 1416 1172; x_wconf 91' lang='lat' dir='ltr'>ante</span> <span class='ocrx_word' id='word_1_112' title='bbox 1448 1147 1560 1173; x_wconf 89' lang='lat' dir='ltr'>acce-</span> <span class='ocrx_word' id='word_1_113' title='bbox 1580 1150 1613 1176; x_wconf 88' lang='lat'>15</span> 
     </span>
     <span class='ocr_line' id='line_1_17' title="bbox 219 1189 1559 1243; baseline 0.002 -15"><span class='ocrx_word' id='word_1_114' title='bbox 219 1203 363 1242; x_wconf 89' lang='lat' dir='ltr'>peram</span> <span class='ocrx_word' id='word_1_115' title='bbox 401 1203 470 1229; x_wconf 92' lang='lat' dir='ltr'>eas</span> <span class='ocrx_word' id='word_1_116' title='bbox 509 1189 691 1243; x_wconf 73' lang='lat' dir='ltr'>litteras,</span> <span class='ocrx_word' id='word_1_117' title='bbox 730 1189 775 1229; x_wconf 90' lang='lat' dir='ltr'>in</span> <span class='ocrx_word' id='word_1_118' title='bbox 807 1189 962 1242; x_wconf 88' lang='lat' dir='ltr'>quibus</span> <span class='ocrx_word' id='word_1_119' title='bbox 994 1203 1148 1243; x_wconf 89' lang='lat' dir='ltr'>magno</span> <span class='ocrx_word' id='word_1_120' title='bbox 1182 1204 1307 1243; x_wconf 89' lang='lat' dir='ltr'>opere</span> <span class='ocrx_word' id='word_1_121' title='bbox 1339 1190 1559 1231; x_wconf 87' lang='lat' dir='ltr'>confirmat</span> 
     </span>
     <span class='ocr_line' id='line_1_18' title="bbox 220 1246 1558 1301; baseline 0.002 -14"><span class='ocrx_word' id='word_1_122' title='bbox 220 1250 316 1287; x_wconf 90' lang='lat' dir='ltr'>ante</span> <span class='ocrx_word' id='word_1_123' title='bbox 347 1247 470 1288; x_wconf 87' lang='lat' dir='ltr'>ludos</span> <span class='ocrx_word' id='word_1_124' title='bbox 502 1246 746 1288; x_wconf 85' lang='lat' dir='ltr'>Romanos.&#39;</span> <span class='ocrx_word' id='word_1_125' title='bbox 791 1246 894 1301; x_wconf 82' lang='lat' dir='ltr'>Legi</span> <span class='ocrx_word' id='word_1_126' title='bbox 927 1248 1164 1301; x_wconf 89' lang='lat' dir='ltr'>epistulam.</span> <span class='ocrx_word' id='word_1_127' title='bbox 1215 1248 1352 1288; x_wconf 85' lang='lat' dir='ltr'>Multa</span> <span class='ocrx_word' id='word_1_128' title='bbox 1384 1249 1434 1289; x_wconf 85' lang='lat' dir='ltr'>de</span> <span class='ocrx_word' id='word_1_129' title='bbox 1465 1264 1558 1291; x_wconf 87' lang='lat' dir='ltr'>meo</span> 
     </span>
     <span class='ocr_line' id='line_1_19' title="bbox 221 1304 1559 1360; baseline 0.002 -14"><span class='ocrx_word' id='word_1_130' title='bbox 221 1304 399 1358; x_wconf 83' lang='lat' dir='ltr'>Catone,</span> <span class='ocrx_word' id='word_1_131' title='bbox 441 1320 523 1359; x_wconf 88' lang='lat' dir='ltr'>quo</span> <span class='ocrx_word' id='word_1_132' title='bbox 564 1306 805 1359; x_wconf 81' lang='lat' dir='ltr'>saepissime</span> <span class='ocrx_word' id='word_1_133' title='bbox 842 1306 1018 1360; x_wconf 87' lang='lat' dir='ltr'>legendo</span> <span class='ocrx_word' id='word_1_134' title='bbox 1058 1321 1101 1346; x_wconf 91' lang='lat' dir='ltr'>se</span> <span class='ocrx_word' id='word_1_135' title='bbox 1139 1306 1241 1347; x_wconf 85' lang='lat' dir='ltr'>dicit</span> <span class='ocrx_word' id='word_1_136' title='bbox 1279 1307 1559 1360; x_wconf 87' lang='lat' dir='ltr'>copiosiorem</span> 
     </span>
     <span class='ocr_line' id='line_1_20' title="bbox 219 1363 1558 1418; baseline 0.003 -14"><span class='ocrx_word' id='word_1_137' title='bbox 219 1364 390 1418; x_wconf 86' lang='lat' dir='ltr'>factum,</span> <span class='ocrx_word' id='word_1_138' title='bbox 430 1364 554 1404; x_wconf 87' lang='lat' dir='ltr'>Bruti</span> <span class='ocrx_word' id='word_1_139' title='bbox 597 1363 755 1405; x_wconf 90' lang='lat' dir='ltr'>Catone</span> <span class='ocrx_word' id='word_1_140' title='bbox 797 1364 905 1405; x_wconf 89' lang='lat' dir='ltr'>lecto</span> <span class='ocrx_word' id='word_1_141' title='bbox 951 1379 994 1405; x_wconf 88' lang='lat' dir='ltr'>se</span> <span class='ocrx_word' id='word_1_142' title='bbox 1037 1364 1119 1407; x_wconf 87' lang='lat' dir='ltr'>sibi</span> <span class='ocrx_word' id='word_1_143' title='bbox 1163 1365 1301 1405; x_wconf 88' lang='lat' dir='ltr'>visum</span> <span class='ocrx_word' id='word_1_144' title='bbox 1343 1365 1558 1408; x_wconf 88' lang='lat' dir='ltr'>disertum.</span> 
     </span>
    </p>

    <p class='ocr_par' dir='ltr' id='par_1_7' title="bbox 174 1422 1612 2064">
     <span class='ocr_line' id='line_1_21' title="bbox 174 1422 1612 1479; baseline 0.003 -16"><span class='ocrx_word' id='word_1_145' title='bbox 174 1434 192 1463; x_wconf 85' lang='lat'><strong>3</strong></span> <span class='ocrx_word' id='word_1_146' title='bbox 222 1423 262 1463; x_wconf 84' lang='grc' dir='ltr'><em>Τ</em></span> <span class='ocrx_word' id='word_1_147' title='bbox 258 1437 329 1463; x_wconf 78' lang='lat' dir='ltr'>um</span> <span class='ocrx_word' id='word_1_148' title='bbox 375 1437 425 1463; x_wconf 92' lang='lat' dir='ltr'>ex</span> <span class='ocrx_word' id='word_1_149' title='bbox 472 1437 520 1464; x_wconf 90' lang='lat' dir='ltr'>eo</span> <span class='ocrx_word' id='word_1_150' title='bbox 565 1423 745 1477; x_wconf 81' lang='lat' dir='ltr'>cognovi</span> <span class='ocrx_word' id='word_1_151' title='bbox 788 1423 1016 1464; x_wconf 86' lang='lat' dir='ltr'>cretionem</span> <span class='ocrx_word' id='word_1_152' title='bbox 1061 1422 1184 1464; x_wconf 85' lang='lat' dir='ltr'>Cluvi</span> <span class='ocrx_word' id='word_1_153' title='bbox 1226 1422 1270 1479; x_wconf 81' lang='lat' dir='ltr'>(o</span> <span class='ocrx_word' id='word_1_154' title='bbox 1313 1423 1559 1466; x_wconf 88' lang='lat' dir='ltr'>Vestorium</span> <span class='ocrx_word' id='word_1_155' title='bbox 1580 1444 1612 1468; x_wconf 76' lang='lat'>20</span> 
     </span>
     <span class='ocr_line' id='line_1_22' title="bbox 219 1480 1558 1536; baseline 0.003 -15"><span class='ocrx_word' id='word_1_156' title='bbox 219 1480 550 1536; x_wconf 67' lang='lat' dir='ltr'>neglegenteml)</span> <span class='ocrx_word' id='word_1_157' title='bbox 582 1482 756 1522; x_wconf 81' lang='lat' dir='ltr'>liberam</span> <span class='ocrx_word' id='word_1_158' title='bbox 792 1482 1022 1522; x_wconf 83' lang='lat' dir='ltr'>cretionem</span> <span class='ocrx_word' id='word_1_159' title='bbox 1054 1482 1237 1522; x_wconf 87' lang='lat' dir='ltr'>testibus</span> <span class='ocrx_word' id='word_1_160' title='bbox 1264 1484 1558 1536; x_wconf 89' lang='lat' dir='ltr'>praesentibus</span> 
     </span>
     <span class='ocr_line' id='line_1_23' title="bbox 221 1540 1557 1595; baseline 0.002 -15"><span class='ocrx_word' id='word_1_161' title='bbox 221 1541 442 1594; x_wconf 80' lang='lat' dir='ltr'>sexaginta</span> <span class='ocrx_word' id='word_1_162' title='bbox 467 1540 624 1580; x_wconf 88' lang='lat' dir='ltr'>diebus.</span> <span class='ocrx_word' id='word_1_163' title='bbox 675 1540 930 1595; x_wconf 87' lang='lat' dir='ltr'>Metuebam,</span> <span class='ocrx_word' id='word_1_164' title='bbox 960 1555 1013 1581; x_wconf 88' lang='lat' dir='ltr'>ne</span> <span class='ocrx_word' id='word_1_165' title='bbox 1038 1540 1111 1581; x_wconf 81' lang='lat' dir='ltr'>ille</span> <span class='ocrx_word' id='word_1_166' title='bbox 1137 1541 1410 1582; x_wconf 86' lang='lat' dir='ltr'>arcessendus</span> <span class='ocrx_word' id='word_1_167' title='bbox 1438 1546 1557 1584; x_wconf 91' lang='lat' dir='ltr'>esset.</span> 
     </span>
     <span class='ocr_line' id='line_1_24' title="bbox 219 1597 1559 1656; baseline 0.002 -18"><span class='ocrx_word' id='word_1_168' title='bbox 219 1597 343 1639; x_wconf 83' lang='lat' dir='ltr'>Nunc</span> <span class='ocrx_word' id='word_1_169' title='bbox 375 1599 628 1639; x_wconf 84' lang='lat' dir='ltr'>mittendum</span> <span class='ocrx_word' id='word_1_170' title='bbox 661 1602 735 1652; x_wconf 87' lang='lat' dir='ltr'>est,</span> <span class='ocrx_word' id='word_1_171' title='bbox 766 1601 815 1639; x_wconf 93' lang='lat' dir='ltr'>ut</span> <span class='ocrx_word' id='word_1_172' title='bbox 846 1613 939 1639; x_wconf 90' lang='lat' dir='ltr'>meo</span> <span class='ocrx_word' id='word_1_173' title='bbox 972 1599 1091 1640; x_wconf 89' lang='lat' dir='ltr'>iussu</span> <span class='ocrx_word' id='word_1_174' title='bbox 1123 1602 1276 1641; x_wconf 88' lang='lat' dir='ltr'>cernat.</span> <span class='ocrx_word' id='word_1_175' title='bbox 1335 1599 1451 1641; x_wconf 90' lang='lat' dir='ltr'>Idem</span> <span class='ocrx_word' id='word_1_176' title='bbox 1482 1601 1559 1656; x_wconf 89' lang='lat' dir='ltr'>igi-</span> 
     </span>
     <span class='ocr_line' id='line_1_25' title="bbox 219 1656 1557 1712; baseline 0.002 -15"><span class='ocrx_word' id='word_1_177' title='bbox 219 1660 289 1697; x_wconf 79' lang='lat' dir='ltr'>tur</span> <span class='ocrx_word' id='word_1_178' title='bbox 320 1657 478 1698; x_wconf 86' lang='lat' dir='ltr'>Pollex.</span> <span class='ocrx_word' id='word_1_179' title='bbox 529 1657 674 1698; x_wconf 86' lang='lat' dir='ltr'>Etiam</span> <span class='ocrx_word' id='word_1_180' title='bbox 706 1658 755 1698; x_wconf 86' lang='lat' dir='ltr'>de</span> <span class='ocrx_word' id='word_1_181' title='bbox 785 1657 922 1698; x_wconf 89' lang='lat' dir='ltr'>hortis</span> <span class='ocrx_word' id='word_1_182' title='bbox 950 1656 1167 1698; x_wconf 82' lang='lat' dir='ltr'>Cluvianis</span> <span class='ocrx_word' id='word_1_183' title='bbox 1196 1658 1263 1712; x_wconf 88' lang='lat' dir='ltr'>egi</span> <span class='ocrx_word' id='word_1_184' title='bbox 1289 1672 1384 1699; x_wconf 91' lang='lat' dir='ltr'>cum</span> <span class='ocrx_word' id='word_1_185' title='bbox 1411 1659 1557 1700; x_wconf 83' lang='lat' dir='ltr'>Balbo.</span> 
     </span>
     <span class='ocr_line' id='line_1_26' title="bbox 219 1715 1612 1772; baseline 0.003 -16"><span class='ocrx_word' id='word_1_186' title='bbox 219 1715 295 1756; x_wconf 87' lang='lat' dir='ltr'>Nil</span> <span class='ocrx_word' id='word_1_187' title='bbox 331 1716 562 1756; x_wconf 87' lang='lat' dir='ltr'>liberalius.</span> <span class='ocrx_word' id='word_1_188' title='bbox 627 1715 679 1756; x_wconf 78' lang='lat' dir='ltr'>Se</span> <span class='ocrx_word' id='word_1_189' title='bbox 712 1716 824 1757; x_wconf 88' lang='lat' dir='ltr'>enim</span> <span class='ocrx_word' id='word_1_190' title='bbox 863 1717 1010 1757; x_wconf 86' lang='lat' dir='ltr'>statim</span> <span class='ocrx_word' id='word_1_191' title='bbox 1042 1716 1094 1757; x_wconf 87' lang='lat' dir='ltr'>ad</span> <span class='ocrx_word' id='word_1_192' title='bbox 1127 1715 1349 1757; x_wconf 83' lang='lat' dir='ltr'>Caesarem</span> <span class='ocrx_word' id='word_1_193' title='bbox 1382 1718 1558 1772; x_wconf 84' lang='lat' dir='ltr'>scriptu·</span> <span class='ocrx_word' id='word_1_194' title='bbox 1579 1735 1612 1761; x_wconf 78' lang='lat'>25</span> 
     </span>
     <span class='ocr_line' id='line_1_27' title="bbox 218 1773 1559 1829; baseline 0.002 -15"><span class='ocrx_word' id='word_1_195' title='bbox 218 1789 325 1828; x_wconf 87' lang='lat' dir='ltr'>rum,</span> <span class='ocrx_word' id='word_1_196' title='bbox 358 1773 556 1815; x_wconf 76' lang='lat' dir='ltr'>Cluvium</span> <span class='ocrx_word' id='word_1_197' title='bbox 589 1778 730 1815; x_wconf 89' lang='lat' dir='ltr'>autem</span> <span class='ocrx_word' id='word_1_198' title='bbox 763 1790 787 1815; x_wconf 88' lang='lat' dir='ltr'>a</span> <span class='ocrx_word' id='word_1_199' title='bbox 819 1774 864 1815; x_wconf 85' lang='lat' dir='ltr'>T.</span> <span class='ocrx_word' id='word_1_200' title='bbox 891 1774 1136 1815; x_wconf 86' lang='lat' dir='ltr'>Hordeonio</span> <span class='ocrx_word' id='word_1_201' title='bbox 1168 1775 1308 1829; x_wconf 88' lang='lat' dir='ltr'>legare</span> <span class='ocrx_word' id='word_1_202' title='bbox 1341 1778 1382 1815; x_wconf 91' lang='lat' dir='ltr'>et</span> <span class='ocrx_word' id='word_1_203' title='bbox 1408 1776 1559 1817; x_wconf 86' lang='lat' dir='ltr'>Teren-</span> 
     </span>
     <span class='ocr_line' id='line_1_28' title="bbox 218 1832 1557 1887; baseline 0.003 -14"><span class='ocrx_word' id='word_1_204' title='bbox 218 1833 302 1873; x_wconf 89' lang='lat' dir='ltr'>tiae</span> <span class='ocrx_word' id='word_1_205' title='bbox 322 1832 395 1874; x_wconf 83' lang='lat' dir='ltr'>HS</span> <span class='ocrx_word' id='word_1_206' title='bbox 416 1846 516 1876; x_wconf 73' lang='lat'>1000</span> <span class='ocrx_word' id='word_1_207' title='bbox 545 1836 586 1873; x_wconf 87' lang='lat' dir='ltr'>et</span> <span class='ocrx_word' id='word_1_208' title='bbox 613 1833 804 1887; x_wconf 90' lang='lat' dir='ltr'>sepulcro</span> <span class='ocrx_word' id='word_1_209' title='bbox 831 1834 1063 1887; x_wconf 89' lang='lat' dir='ltr'>multisque</span> <span class='ocrx_word' id='word_1_210' title='bbox 1086 1833 1224 1887; x_wconf 86' lang='lat' dir='ltr'>rebus,</span> <span class='ocrx_word' id='word_1_211' title='bbox 1243 1833 1352 1874; x_wconf 87' lang='lat' dir='ltr'>nihil</span> <span class='ocrx_word' id='word_1_212' title='bbox 1376 1849 1399 1874; x_wconf 87' lang='lat' dir='ltr'>a</span> <span class='ocrx_word' id='word_1_213' title='bbox 1421 1835 1557 1877; x_wconf 88' lang='lat' dir='ltr'>nobis.</span> 
     </span>
     <span class='ocr_line' id='line_1_29' title="bbox 220 1891 1559 1947; baseline 0.001 -15"><span class='ocrx_word' id='word_1_214' title='bbox 220 1891 478 1947; x_wconf 82' lang='lat' dir='ltr'>Subaccusa,</span> <span class='ocrx_word' id='word_1_215' title='bbox 516 1906 692 1946; x_wconf 82' lang='lat' dir='ltr'>quaeso,</span> <span class='ocrx_word' id='word_1_216' title='bbox 730 1891 987 1932; x_wconf 86' lang='lat' dir='ltr'>Vestorium.</span> <span class='ocrx_word' id='word_1_217' title='bbox 1058 1891 1168 1941; x_wconf 84' lang='lat' dir='ltr'>Quid</span> <span class='ocrx_word' id='word_1_218' title='bbox 1203 1892 1343 1932; x_wconf 90' lang='lat' dir='ltr'>minus</span> <span class='ocrx_word' id='word_1_219' title='bbox 1380 1894 1559 1946; x_wconf 89' lang='lat' dir='ltr'>proban-</span> 
     </span>
     <span class='ocr_line' id='line_1_30' title="bbox 219 1949 1557 2005; baseline 0.002 -15"><span class='ocrx_word' id='word_1_220' title='bbox 219 1950 317 1990; x_wconf 90' lang='lat' dir='ltr'>dum</span> <span class='ocrx_word' id='word_1_221' title='bbox 368 1965 494 2004; x_wconf 88' lang='lat' dir='ltr'>quam</span> <span class='ocrx_word' id='word_1_222' title='bbox 538 1949 726 1991; x_wconf 87' lang='lat' dir='ltr'>Plotium</span> <span class='ocrx_word' id='word_1_223' title='bbox 770 1951 1100 2004; x_wconf 87' lang='lat' dir='ltr'>unguentarium</span> <span class='ocrx_word' id='word_1_224' title='bbox 1143 1965 1217 2004; x_wconf 85' lang='lat' dir='ltr'>per</span> <span class='ocrx_word' id='word_1_225' title='bbox 1262 1965 1360 1991; x_wconf 85' lang='lat' dir='ltr'>suos</span> <span class='ocrx_word' id='word_1_226' title='bbox 1404 1967 1557 2005; x_wconf 89' lang='lat' dir='ltr'>pueros</span> 
     </span>
     <span class='ocr_line' id='line_1_31' title="bbox 220 2009 1612 2064; baseline 0.003 -15"><span class='ocrx_word' id='word_1_227' title='bbox 220 2009 359 2049; x_wconf 90' lang='lat' dir='ltr'>omnia</span> <span class='ocrx_word' id='word_1_228' title='bbox 398 2011 519 2049; x_wconf 89' lang='lat' dir='ltr'>tanto</span> <span class='ocrx_word' id='word_1_229' title='bbox 561 2012 658 2049; x_wconf 87' lang='lat' dir='ltr'>ante</span> <span class='ocrx_word' id='word_1_230' title='bbox 689 2009 844 2062; x_wconf 88' lang='lat' dir='ltr'>Balbo,</span> <span class='ocrx_word' id='word_1_231' title='bbox 882 2009 1003 2049; x_wconf 91' lang='lat' dir='ltr'>illum</span> <span class='ocrx_word' id='word_1_232' title='bbox 1040 2009 1099 2049; x_wconf 89' lang='lat' dir='ltr'>mi</span> <span class='ocrx_word' id='word_1_233' title='bbox 1129 2024 1181 2049; x_wconf 89' lang='lat' dir='ltr'>ne</span> <span class='ocrx_word' id='word_1_234' title='bbox 1213 2023 1286 2062; x_wconf 90' lang='lat' dir='ltr'>per</span> <span class='ocrx_word' id='word_1_235' title='bbox 1318 2024 1434 2051; x_wconf 87' lang='lat' dir='ltr'>meos</span> <span class='ocrx_word' id='word_1_236' title='bbox 1468 2011 1558 2064; x_wconf 87' lang='lat' dir='ltr'>qui·</span> <span class='ocrx_word' id='word_1_237' title='bbox 1577 2029 1612 2054; x_wconf 84' lang='lat'>30</span> 
     </span>
    </p>

    <p class='ocr_par' dir='ltr' id='par_1_8' title="bbox 172 2066 1268 2121">
     <span class='ocr_line' id='line_1_32' title="bbox 172 2066 1268 2121; baseline 0.002 -15"><span class='ocrx_word' id='word_1_238' title='bbox 172 2078 193 2107; x_wconf 82' lang='lat'><strong>4</strong></span> <span class='ocrx_word' id='word_1_239' title='bbox 220 2067 341 2108; x_wconf 85' lang='lat' dir='ltr'>dem‘?</span> <span class='ocrx_word' id='word_1_240' title='bbox 392 2066 455 2108; x_wconf 88' lang='lat' dir='ltr'>De</span> <span class='ocrx_word' id='word_1_241' title='bbox 488 2066 682 2108; x_wconf 87' lang='lat' dir='ltr'>Cossinio</span> <span class='ocrx_word' id='word_1_242' title='bbox 716 2067 854 2121; x_wconf 77' lang='lat' dir='ltr'>dole03</span> <span class='ocrx_word' id='word_1_243' title='bbox 886 2067 1014 2108; x_wconf 90' lang='lat' dir='ltr'>dilexi</span> <span class='ocrx_word' id='word_1_244' title='bbox 1044 2067 1268 2108; x_wconf 86' lang='lat' dir='ltr'>hominem.</span> 
     </span>
    </p>

    <p class='ocr_par' dir='ltr' id='par_1_9' title="bbox 219 2125 1558 2296">
     <span class='ocr_line' id='line_1_33' title="bbox 310 2125 1558 2180; baseline 0.002 -14"><span class='ocrx_word' id='word_1_245' title='bbox 310 2125 467 2174; x_wconf 84' lang='lat' dir='ltr'>Quinto</span> <span class='ocrx_word' id='word_1_246' title='bbox 501 2125 715 2180; x_wconf 83' lang='lat' dir='ltr'>delegabo,</span> <span class='ocrx_word' id='word_1_247' title='bbox 749 2126 784 2166; x_wconf 90' lang='lat' dir='ltr'>si</span> <span class='ocrx_word' id='word_1_248' title='bbox 817 2125 918 2178; x_wconf 84' lang='lat' dir='ltr'>quid</span> <span class='ocrx_word' id='word_1_249' title='bbox 944 2126 1031 2166; x_wconf 90' lang='lat' dir='ltr'>aeri</span> <span class='ocrx_word' id='word_1_250' title='bbox 1055 2140 1148 2166; x_wconf 93' lang='lat' dir='ltr'>meo</span> <span class='ocrx_word' id='word_1_251' title='bbox 1176 2126 1312 2167; x_wconf 85' lang='lat' dir='ltr'>alieno</span> <span class='ocrx_word' id='word_1_252' title='bbox 1341 2128 1558 2180; x_wconf 89' lang='lat' dir='ltr'>superabit</span> 
     </span>
     <span class='ocr_line' id='line_1_34' title="bbox 219 2184 1558 2238; baseline 0.003 -15"><span class='ocrx_word' id='word_1_253' title='bbox 219 2186 261 2223; x_wconf 90' lang='lat' dir='ltr'>et</span> <span class='ocrx_word' id='word_1_254' title='bbox 303 2184 608 2238; x_wconf 73' lang='lat' dir='ltr'>emptionibus,</span> <span class='ocrx_word' id='word_1_255' title='bbox 647 2199 696 2224; x_wconf 82' lang='lat' dir='ltr'>ex</span> <span class='ocrx_word' id='word_1_256' title='bbox 735 2184 889 2237; x_wconf 88' lang='lat' dir='ltr'>quibus</span> <span class='ocrx_word' id='word_1_257' title='bbox 927 2184 985 2224; x_wconf 89' lang='lat' dir='ltr'>mi</span> <span class='ocrx_word' id='word_1_258' title='bbox 1024 2185 1151 2225; x_wconf 88' lang='lat' dir='ltr'>etiam</span> <span class='ocrx_word' id='word_1_259' title='bbox 1184 2199 1253 2225; x_wconf 91' lang='lat' dir='ltr'>aes</span> <span class='ocrx_word' id='word_1_260' title='bbox 1286 2185 1468 2226; x_wconf 89' lang='lat' dir='ltr'>alienum</span> <span class='ocrx_word' id='word_1_261' title='bbox 1500 2186 1558 2227; x_wconf 86' lang='lat' dir='ltr'>fa-</span> 
     </span>
     <span class='ocr_line' id='line_1_35' title="bbox 219 2241 1248 2296; baseline 0.003 -15"><span class='ocrx_word' id='word_1_262' title='bbox 219 2241 412 2282; x_wconf 87' lang='lat' dir='ltr'>ciendum</span> <span class='ocrx_word' id='word_1_263' title='bbox 443 2245 559 2295; x_wconf 92' lang='lat' dir='ltr'>puto.</span> <span class='ocrx_word' id='word_1_264' title='bbox 622 2242 684 2283; x_wconf 90' lang='lat' dir='ltr'>De</span> <span class='ocrx_word' id='word_1_265' title='bbox 717 2242 839 2283; x_wconf 91' lang='lat' dir='ltr'>domo</span> <span class='ocrx_word' id='word_1_266' title='bbox 872 2241 1026 2296; x_wconf 89' lang='lat' dir='ltr'>Arpini</span> <span class='ocrx_word' id='word_1_267' title='bbox 1055 2243 1119 2283; x_wconf 92' lang='lat' dir='ltr'>nil</span> <span class='ocrx_word' id='word_1_268' title='bbox 1150 2243 1248 2284; x_wconf 89' lang='lat' dir='ltr'>scio.</span> 
     </span>
    </p>

    <p class='ocr_par' dir='ltr' id='par_1_10' title="bbox 172 2299 1607 2354">
     <span class='ocr_line' id='line_1_36' title="bbox 172 2299 1607 2354; baseline 0.003 -15"><span class='ocrx_word' id='word_1_269' title='bbox 172 2310 192 2339; x_wconf 82' lang='lat'>5</span> <span class='ocrx_word' id='word_1_270' title='bbox 306 2299 554 2340; x_wconf 83' lang='lat' dir='ltr'>Vestorium</span> <span class='ocrx_word' id='word_1_271' title='bbox 597 2301 659 2341; x_wconf 83' lang='lat' dir='ltr'>nil</span> <span class='ocrx_word' id='word_1_272' title='bbox 703 2303 766 2341; x_wconf 86' lang='lat' dir='ltr'>est</span> <span class='ocrx_word' id='word_1_273' title='bbox 812 2301 924 2354; x_wconf 91' lang='lat' dir='ltr'>quod</span> <span class='ocrx_word' id='word_1_274' title='bbox 963 2315 1140 2342; x_wconf 84' lang='lat' dir='ltr'>accuses.</span> <span class='ocrx_word' id='word_1_275' title='bbox 1207 2301 1298 2342; x_wconf 87' lang='lat' dir='ltr'>Iam</span> <span class='ocrx_word' id='word_1_276' title='bbox 1336 2302 1446 2343; x_wconf 88' lang='lat' dir='ltr'>enim</span> <span class='ocrx_word' id='word_1_277' title='bbox 1487 2302 1556 2343; x_wconf 90' lang='lat' dir='ltr'>ob-</span> <span class='ocrx_word' id='word_1_278' title='bbox 1575 2319 1607 2345; x_wconf 80' lang='lat'>3⁵</span> 
     </span>
    </p>
   </div>
  </div>
 </body>
</html>
