1665 2553
251 64 335 104 478
674 64 721 98 M.
749 63 889 97 TULLI
914 63 1162 98 CICERONIS

252 158 493 199 cissimam‘?
536 158 621 199 Res
647 158 950 212 Hispanienses
976 158 1096 199 valde
1121 159 1269 214 bonae,
1293 160 1418 201 modo
1445 159 1586 201 Balbi-

251 218 357 258 lium
387 217 639 258 incolumem
665 217 839 271 videam,
872 217 1110 257 subsidium
1139 220 1311 258 nostrae
1344 219 1583 260 senectutis.

252 276 358 329 †De
389 275 585 316 Anniano
618 275 721 316 item
759 275 871 329 quod
907 290 973 316 me
1010 276 1130 316 valde
1168 276 1363 317 observat
1395 277 1582 318 Visellia.

253 333 334 375 Sed
374 334 477 375 haec
521 334 689 388 quidem
726 334 920 374 humana.
982 333 1045 374 De
1083 334 1217 375 Bruto
1256 337 1297 375 te
1333 335 1442 375 nihil
1480 336 1584 376 scire

254 393 368 446 dicis,
401 393 472 433 sed
499 391 676 433 Servilia
708 392 871 433 venisse
903 392 957 432 M.
986 390 1216 447 Scaptium,
1245 394 1468 447 †eumque
1497 409 1583 435 non
1621 410 1638 436 5

252 466 335 505 qua
366 466 537 505 pompa,
576 451 627 491 ad
658 465 701 491 se
732 453 874 491 tamen
905 451 1011 491 clam
1041 454 1267 492 venturum
1299 452 1585 506 scitur-umque

252 525 317 550 me
362 510 519 564 omnia3
565 524 670 563 quae
716 523 792 564 ego
832 509 988 550 statim.
1055 509 1221 551 Interea
1260 514 1405 551 narrat
1442 511 1584 552 eadem

252 568 375 609 Bassi
414 583 580 608 servum
618 567 800 622 venisse,
838 568 910 621 qui
940 569 1156 609 nuntiaret
1187 568 1374 623 legiones
1405 568 1585 610 Alexan-

253 627 393 668 drinas
426 627 471 667 in
503 627 630 667 armis
663 641 764 679 esse,
796 626 975 667 Bassum
1007 627 1172 681 arcessi,
1199 625 1393 668 Cassium
1419 642 1584 681 exspec-

252 686 344 726 tari.
415 684 524 734 Quid
568 685 764 739 quaeris?
825 685 990 725 videtur
1032 700 1098 727 res
1142 686 1311 739 publica
1349 686 1415 726 ius
1461 701 1583 727 suum
1604 703 1638 727 ιο

251 747 558 797 recuperatura.
622 742 702 784 Sed
738 758 789 784 ne
829 744 928 797 quid
960 746 1066 784 ante.
1127 743 1257 785 Nosti
1286 744 1440 785 horum
1473 759 1584 785 exer—

251 803 497 843 citationem
527 803 572 842 in
602 802 826 843 latrocinio
859 805 899 842 et
931 802 1168 843 amentiam.

205 874 224 902 5
338 861 579 915 Dolabella,
622 861 685 901 vir
723 861 927 915 optimus,
978 861 1075 914 etsi,
1117 876 1211 901 cum
1251 861 1487 902 scribebam
1526 875 1585 902 se-

251 920 385 960 cunda
410 934 555 960 mensa
581 919 785 974 adposita,
814 919 977 960 venisse
1003 934 1098 960 eum
1125 920 1176 960 ad
1200 919 1326 960 Baias
1353 919 1584 975 audiebam,

250 982 393 1019 tamen
424 978 475 1019 ad
506 992 572 1018 me
605 992 653 1017 ex
680 977 905 1018 Formiano
939 978 1120 1031 scripsit,
1153 992 1256 1031 quas
1282 978 1458 1032 litteras,
1490 993 1584 1019 cum
1604 994 1637 1020 15

251 1052 271 1077 e
303 1037 469 1078 balineo
503 1037 698 1090 exissem,
737 1037 894 1090 accepi,
931 1051 1020 1076 sese
1052 1037 1100 1077 de
1133 1037 1411 1077 attributione
1443 1037 1584 1077 omnia

251 1110 414 1136 summa
445 1095 604 1136 fecisse.
648 1094 892 1135 Vettienum
926 1098 1093 1135 accusat
1124 1093 1322 1150 (tricatur
1353 1095 1511 1136 scilicet
1536 1098 1584 1136 ut

249 1153 513 1209 monetalis),
554 1154 626 1193 sed
658 1153 717 1193 ait
749 1156 888 1194 totum
919 1154 1138 1207 negotium
1172 1152 1357 1194 Sestium
1389 1156 1583 1194 nostrum

250 1212 504 1265 suscepisse,
554 1212 761 1264 optimum
812 1211 979 1264 quidem
1021 1212 1142 1252 illum
1184 1212 1322 1252 virum
1365 1212 1583 1265 nostrique

250 1271 596 1311 amantissimum.
665 1269 828 1318 Quaero
870 1272 1028 1324 autem,
1073 1270 1173 1323 quid
1211 1270 1380 1310 tandem
1419 1269 1582 1311 Sestius
1603 1287 1636 1311 ρο

248 1329 291 1369 111
334 1329 412 1369 hac
455 1343 499 1369 re
541 1329 675 1369 facere
713 1328 868 1381 possit,
913 1329 1025 1381 quod
1066 1343 1154 1368 non
1197 1328 1334 1382 quivis
1376 1331 1581 1369 nostrum.

249 1386 347 1442 Sed,
386 1388 421 1428 si
454 1387 555 1440 quid
585 1389 751 1440 praeter
784 1401 900 1440 spem
932 1387 1032 1440 erit,
1069 1387 1208 1440 facies,
1246 1389 1294 1427 ut
1326 1387 1473 1441 sciam,
1517 1387 1583 1428 sin

249 1449 325 1500 est,
355 1449 402 1486 ut
434 1445 631 1499 arbitror,
661 1445 879 1499 negotium
904 1445 1127 1498 perditum,
1154 1445 1309 1486 scribes
1335 1448 1489 1499 tamen,
1513 1460 1582 1486 110-

249 1519 328 1558 que
360 1505 442 1545 ista
474 1518 541 1544 res
573 1504 866 1544 commovebit.

202 1576 220 1605 e
336 1562 427 1604 Nos
464 1562 532 1603 1110
572 1566 905 1616 φιλοσοφοῦμεν
947 1560 1068 1616 (quid
1106 1562 1217 1602 enim
1254 1561 1415 1617 aliud?)
1454 1564 1495 1602 et
1531 1563 1583 1604 τὰ
1602 1579 1635 1604 25

247 1620 345 1676 περὶ
372 1627 451 1663 τοῦ
476 1623 749 1674 καθήκοντος
774 1620 996 1675 magnifice
1024 1620 1280 1674 explicamus
1301 1626 1584 1675 προσφωνοῦ-
1636 1671 1645 1681 ·

246 1695 408 1733 110νο110
441 1678 650 1733 Ciceroni,
696 1694 778 1733 qua
816 1679 864 1719 de
902 1693 946 1719 re
985 1679 1095 1718 enim
1133 1679 1277 1732 potius
1314 1681 1434 1732 pater
1465 1678 1583 1719 filio?

246 1738 407 1778 Deinde
439 1738 530 1779 alia.
593 1737 702 1785 Quid
734 1737 929 1791 quaeris?
975 1737 1158 1778 exstabit
1191 1752 1317 1791 opera
1346 1737 1584 1792 peregrina-

246 1797 375 1837 tionis
401 1796 538 1837 huius.
589 1795 826 1837 Varronem
850 1795 976 1836 hodie
1003 1798 1075 1836 aut
1101 1810 1191 1836 cras
1217 1798 1440 1836 venturum
1464 1797 1584 1849 puta-

250 1856 369 1909 bant,
418 1868 495 1909 ego
540 1858 680 1895 autem
724 1855 767 1895 in
810 1853 1117 1908 Pompeianum
1160 1854 1455 1908 properabam,
1496 1867 1582 1894 non
1601 1870 1635 1895 πο

247 1928 329 1967 quo
370 1914 450 1954 hoo
480 1914 573 1954 loco
607 1913 832 1966 quicquam
863 1912 1103 1967 pulchrius,
1141 1913 1213 1953 sed
1244 1912 1582 1965 interpellatores

245 1972 332 2012 11110
363 1972 503 2012 minus
534 1971 714 2012 molesti.
766 1970 846 2012 Sed
872 1971 1098 2024 perscribe,
1130 1985 1298 2025 quaeso,
1329 1985 1434 2024 quae
1459 1985 1584 2011 causa

246 2031 301 2071 sit
334 2030 509 2083 Myrtilo
552 2029 725 2083 (poenas
766 2029 933 2083 quidem
978 2029 1100 2069 illum
1132 2029 1379 2082 pependisse
1410 2026 1583 2083 audivi),

246 2092 288 2129 01
320 2089 478 2129 satisne
510 2090 665 2143 pateat,
695 2088 805 2128 unde
836 2090 1071 2141 corruptus.

200 2158 217 2187 7
333 2147 448 2187 Haec
480 2161 574 2187 cum
606 2147 842 2200 scriberem,
872 2149 1039 2187 tantum
1066 2145 1178 2199 quod
1205 2145 1505 2186 existimabam
1531 2143 1582 2184 ad
1599 2160 1633 2186 35

244 2208 286 2245 te
333 2206 566 2246 orationem
598 2220 687 2246 esse
718 2205 935 2258 perlatam.
996 2203 1095 2258 Hui,
1129 2219 1256 2257 quam
1289 2204 1438 2257 timeo,
1479 2202 1579 2256 quid

245 2263 478 2305 existimes!
519 2264 616 2305 Etsi
650 2264 749 2317 quid
781 2263 829 2304 ad
856 2263 952 2304 me‘?
995 2277 1100 2316 quae
1126 2277 1213 2303 non
1243 2262 1298 2302 sit
1322 2262 1435 2302 foras
1460 2260 1580 2314 prod-
