1665 2553
196 87 281 128 356
680 88 728 122 M.
757 88 898 122 TULLI
924 87 1173 124 CICERONIS

808 241 920 283 XIX.
1540 239 1550 256 '

439 321 513 358 Scr.
534 322 692 357 Asturae
712 323 811 366 prid.
831 323 888 357 Id.
911 323 1024 358 DIart.
1047 335 1079 358 α.
1102 326 1174 359 709
1200 326 1290 369 (45).

598 403 789 438 CICERO
813 404 1006 445 ATTICO
1031 405 1139 440 SAL.

284 476 366 518 Est
407 476 477 517 hic
521 476 689 530 quidem
728 476 846 518 locus
885 492 1086 518 amoenus
1125 480 1167 519 et
1204 478 1250 519 in
1286 478 1395 519 mari
1431 478 1536 533 ipso,

197 535 270 589 qui
314 538 355 576 et
397 535 529 576 Antio
574 538 616 576 et
653 534 826 576 Circeiis
871 536 1002 589 aspici
1044 537 1198 591 possit,
1243 537 1317 578 sed
1354 537 1536 578 ineunda
1574 554 1589 580 5

195 594 321 634 nobis
359 594 468 634 ratio
507 597 588 648 est,
625 608 749 648 quem
791 594 843 634 ad
873 594 1046 635 modum
1076 595 1122 636 111
1154 595 1271 636 0111111
1300 596 1536 637 mutatione

196 652 482 706 dominorum,
521 667 627 706 quae
664 652 994 694 innumerabiles
1034 653 1128 694 fieri
1159 657 1341 708 possunt
1371 655 1417 695 111
1447 654 1537 695 infi-

195 711 286 751 nita
330 711 599 765 posteritate,
644 711 680 751 si
722 711 848 752 modo
892 711 994 753 haec
1033 712 1228 767 stabunt,
1270 713 1376 754 illud
1417 714 1538 767 quasi

197 772 486 810 consecratum
516 783 731 810 remanere
755 770 902 824 possit.
953 770 1165 824 Equidem
1189 771 1275 812 iam
1299 771 1409 813 nihil
1435 785 1536 827 egeo

196 828 479 882 vectigalibus
518 830 560 869 et
591 842 721 882 parvo
755 831 979 870 contentus
1013 843 1103 871 esse
1134 845 1320 884 possum.
1383 829 1536 885 Cogito
1557 849 1590 873 10

196 887 409 928 interdum
447 889 564 928 trans
597 887 785 928 Tiberim
816 887 964 928 hortos
997 888 1162 942 aliquos
1193 903 1341 942 parare
1374 891 1416 930 et
1449 889 1538 943 qui-

198 945 292 986 dem
324 945 378 986 ob
409 945 518 986 hanc
549 960 718 986 causam
747 946 947 987 maxime:
978 946 1089 988 nihil
1119 947 1232 988 enim
1264 948 1399 1002 video,
1425 947 1538 1002 quod

197 1007 286 1045 tam
318 1003 478 1045 celebre
510 1019 601 1045 esse
632 1005 780 1058 possit.
844 1005 924 1046 Sed
956 1019 1075 1059 quos,
1117 1020 1258 1047 coram
1289 1006 1538 1062 videbimus,

198 1063 258 1103 ita
296 1065 456 1116 tamen,
494 1065 542 1103 ut
579 1063 657 1104 hac
698 1066 858 1104 aestate
889 1064 1036 1105 fanum
1068 1064 1312 1106 absolutum
1344 1065 1410 1106 sit.
1473 1065 1537 1106 Tu

198 1124 342 1162 tamen
373 1136 468 1161 cum
499 1121 651 1175 Apella
683 1120 790 1162 Chio
823 1122 980 1163 confice
1014 1123 1063 1164 de
1095 1124 1313 1164 columnis.
1557 1141 1590 1167 15

286 1179 350 1220 De
382 1178 555 1220 Cocceio
594 1182 635 1220 et
665 1179 828 1221 Libone
861 1195 967 1234 quae
1000 1181 1170 1236 scribis,
1208 1182 1416 1236 approbo,
1452 1197 1537 1223 ma-

198 1238 311 1279 xime
350 1238 462 1291 quod
494 1237 543 1278 de
575 1238 761 1279 iudicatu
792 1253 897 1279 meo.
960 1238 1023 1280 De
1056 1254 1215 1293 sponsu
1248 1241 1283 1281 si
1316 1241 1416 1294 quid
1447 1255 1537 1294 per·

199 1296 398 1350 spexeris,
436 1299 477 1337 et
512 1298 655 1337 tamen
693 1297 794 1350 quid
825 1300 1120 1351 procuratores
1154 1297 1353 1339 Cornifici
1385 1299 1537 1354 dicant,

198 1355 326 1396 velim
364 1354 486 1409 scire,
523 1355 583 1395 ita
621 1358 667 1395 ut
706 1356 751 1396 111
789 1369 836 1396 ea
873 1370 917 1396 re
955 1359 1015 1411 te,
1053 1371 1147 1397 cum
1189 1360 1277 1397 tam
1310 1361 1536 1411 occupatus

199 1414 268 1468 sis,
310 1427 397 1454 11611
439 1413 623 1454 mult-um
662 1428 811 1467 operae
848 1415 975 1455 Velim
1011 1430 1176 1469 ponere.
1244 1416 1308 1456 De
1345 1415 1535 1457 Antonio
1555 1435 1589 1460 20

198 1472 358 1513 Balbus
398 1486 564 1526 quoque
603 1472 655 1513 ad
691 1487 758 1513 1116
795 1487 888 1513 cum
923 1472 1060 1527 Oppio
1100 1475 1371 1530 conscripsit,
1410 1475 1536 1529 idque

198 1531 281 1571 tibi
317 1531 543 1585 placuisse,
579 1544 632 1572 116
669 1532 950 1584 perturbarer.
1013 1531 1104 1573 Illis
1144 1534 1212 1588 egi
1244 1534 1414 1588 gratias.
1478 1533 1536 1574 Te

198 1591 354 1643 tamen,
386 1592 434 1629 ut
465 1589 549 1630 iam
581 1592 678 1630 ante
711 1590 762 1630 ad
792 1593 835 1631 te
862 1591 1022 1645 scripsi,
1056 1592 1161 1632 scire
1187 1592 1283 1633 volo
1309 1607 1375 1632 me
1400 1607 1536 1646 neque

199 1648 282 1688 isto
323 1648 474 1688 nuntio
512 1662 600 1689 esse
634 1649 933 1702 perturbatum
966 1664 1042 1690 1166
1077 1650 1161 1691 iam
1196 1650 1284 1691 ullo
1319 1651 1536 1704 perturba-

199 1709 293 1747 tum
329 1707 392 1747 iri.
454 1706 592 1747 Pansa
632 1707 667 1747 si
707 1707 850 1761 hodie,
894 1711 941 1748 ut
972 1709 1172 1764 putabas,
1214 1709 1428 1763 profectus
1460 1712 1537 1764 est,
1556 1726 1588 1752 25

199 1765 376 1818 posthac
408 1765 492 1805 iam
523 1766 701 1819 incipito
729 1767 912 1807 scribere
937 1767 988 1807 ad
1013 1781 1091 1822 me,
1123 1768 1172 1808 de
1203 1767 1328 1808 Bruti
1354 1767 1536 1808 adventu

201 1824 303 1877 quid
336 1827 567 1878 exspectes,
600 1824 643 1864 id
676 1827 739 1864 est
773 1839 878 1878 quos
912 1825 964 1865 ad
995 1825 1091 1866 dies.
1154 1825 1214 1882 Id,
1246 1826 1282 1866 si
1314 1826 1430 1880 scies,
1461 1826 1535 1867 ubi

199 1882 285 1922 iam
317 1883 383 1936 sit,
414 1883 536 1923 facile
567 1883 807 1924 coniectura
840 1883 1077 1937 adsequere.

290 1940 411 1989 Quod
448 1941 499 1981 ad
531 1941 731 1982 Tironem
761 1941 811 1982 de
843 1942 1039 1982 Terentia
1071 1943 1238 1997 scribis,
1276 1943 1449 1984 obsecro
1481 1946 1535 1997 te,

200 1999 259 2038 mi
291 1999 445 2054 Attice,
477 2000 641 2053 suscipe
673 2002 813 2040 totum
842 2001 1071 2055 negotium.
1122 2001 1251 2042 Vides
1278 2004 1320 2042 et
1347 2002 1534 2042 officium
1555 2019 1588 2044 30

202 2057 270 2111 agi
308 2072 448 2098 meum
486 2059 714 2113 quoddam,
752 2059 818 2099 cui
856 2061 904 2099 tu
942 2073 985 2099 es
1023 2059 1234 2114 conscius,
1273 2062 1331 2113 et,
1371 2063 1418 2100 ut
1449 2075 1536 2101 non

200 2115 308 2155 nulli
352 2119 522 2171 putant,
566 2115 780 2158 Ciceronis
825 2131 924 2158 rem.
993 2117 1062 2158 Me
1106 2118 1275 2172 quidem
1319 2118 1363 2158 id
1399 2119 1534 2159 multo

200 2174 335 2227 magis
373 2178 533 2228 movet,
566 2175 678 2228 quod
708 2175 814 2215 mihi
846 2178 909 2216 est
942 2178 983 2216 et
1015 2176 1201 2217 sanctius
1234 2179 1275 2216 et
1307 2177 1535 2231 antiquius,

200 2232 449 2283 praesertim
492 2247 586 2273 cum
629 2233 710 2275 hoc
754 2234 932 2274 alterum
975 2248 1111 2288 neque
1154 2235 1362 2276 sincerum
1398 2249 1535 2288 neque

200 2288 371 2329 firmum
402 2293 547 2343 putem
579 2292 678 2332 fore.
1554 2310 1588 2336 35
