1665 2553
286 109 623 144 EPISTULARUM
649 109 712 142 AD
739 108 953 143 ATTICUM
977 108 1062 141 XIII
1089 111 1235 142 10—12.
1343 107 1424 147 401

96 205 347 257 faciendum,
384 207 432 245 ut
470 208 511 245 et
543 205 843 246 constituerem
874 204 1131 244 mercedulas
1162 203 1429 256 praediorum

98 267 138 305 et
179 279 231 305 ne
262 277 462 318 magnum
494 278 599 304 onus
633 263 923 304 observantiae
954 262 1088 303 Bruto
1119 264 1265 302 nostro
1298 261 1429 314 impo-

97 337 248 364 nerem.
318 322 501 363 Posthac
550 323 661 362 enim
709 322 941 375 poterimus
992 320 1252 361 commodius
1296 320 1429 360 colere

97 382 207 422 inter
248 395 327 422 nos
370 381 415 421 in
452 381 700 421 Tusculano.
769 379 861 420 Hoc
905 382 1045 420 autem
1088 382 1295 433 tempore,
1337 393 1429 418 cum

63 458 78 482 5
98 441 169 481 ille
209 454 276 480 me
316 439 469 480 cotidie
509 439 648 479 videre
692 438 836 492 vellet,
880 452 956 492 ego
1002 438 1053 478 ad
1089 438 1210 478 illum
1247 437 1307 477 ire
1344 451 1431 476 non

98 513 283 553 possem,
320 498 566 551 privabatur
605 497 719 538 omni
760 497 1037 538 delectatione
1068 496 1305 537 Tusculani.
1367 495 1430 535 Tu

98 558 241 611 igitur,
276 557 311 597 si
342 556 518 597 Servilia
548 556 723 610 venerit,
755 556 790 596 si
816 556 974 596 Brutus
1002 555 1103 609 quid
1135 555 1278 609 egerit,
1305 554 1431 594 etiam

99 616 135 657 si
168 615 448 670 constituerit,
486 615 653 668 quando
687 614 867 668 obviam,
899 614 1098 667 quicquid
1131 613 1308 666 denique
1341 612 1433 666 erit,

100 674 211 728 quod
243 674 349 714 scire
380 688 445 714 me
482 676 688 726 oporteat,
727 673 892 713 scribes.
953 672 1162 727 Pisonem,
1194 672 1229 712 si
1260 671 1432 725 poteris,

45 751 79 774 10
99 733 331 774 convenies.
398 731 546 786 Vides,
597 747 724 785 quam
766 734 979 772 maturum
1026 731 1092 772 sit.
1161 729 1240 772 Sed
1281 733 1434 783 tamen,

99 791 211 845 quod
243 790 461 831 commodo
495 794 570 830 tuo
603 791 688 830 fiat.

718 905 811 947 ΧΠ.

287 988 360 1022 Sor.
381 988 421 1021 in
447 987 624 1031 Arpinate?
654 987 760 1020 VIII
780 987 827 1020 K.
853 986 973 1031 Quint.
997 998 1028 1020 a.
1053 989 1123 1020 709
1151 988 1239 1029 (45).

501 1068 689 1103 CICERO
714 1068 905 1102 ATTICO
930 1068 1038 1102 SAL.

47 1160 79 1184 15
187 1142 319 1183 Valde
360 1156 426 1181 me
462 1140 779 1181 momorderunt
820 1140 1024 1193 epistulae
1064 1142 1160 1180 tuae
1198 1139 1247 1179 de
1286 1137 1432 1179 Attica

99 1204 265 1255 nostra,
297 1200 462 1241 eaedem
492 1202 635 1239 tamen
667 1201 930 1239 sanaverunt.
981 1197 1103 1246 Quod
1135 1198 1245 1238 enim
1276 1200 1318 1237 te
1344 1198 1433 1250 ipse

101 1259 370 1300 consolabare
403 1257 558 1298 eisdem
590 1257 760 1309 litteris,
799 1257 841 1297 id
873 1256 978 1297 mihi
1011 1259 1100 1297 erat
1131 1256 1234 1297 satis
1264 1256 1433 1296 firmum

100 1318 151 1358 ad
181 1317 417 1358 leniendam
449 1316 765 1370 aegritudinem.

187 1375 456 1430 Ligarianam
486 1375 695 1428 praeclare
721 1373 957 1414 vendidisti.
1007 1373 1201 1428 Posthac,
1233 1373 1433 1427 quicquid

0 1474 1 1492 ἦ
48 1452 82 1476 ‘20
103 1435 326 1489 scripsero,
364 1433 445 1474 tibi
482 1433 752 1486 praeconium
791 1432 985 1472 deferam.
1048 1431 1168 1480 Quod
1206 1432 1257 1472 ad
1287 1446 1353 1472 me
1385 1431 1434 1471 de

101 1493 292 1533 Varrone
331 1492 498 1546 scribis,
537 1491 616 1531 scis
655 1505 720 1531 me
758 1494 880 1531 antea
915 1490 1125 1531 orationes
1164 1493 1236 1530 aut
1274 1489 1435 1543 aliquid

101 1551 144 1592 id
175 1565 306 1605 genus
339 1550 513 1591 solitum
544 1550 736 1603 scribere,
768 1552 815 1589 ut
846 1548 1082 1589 Varronem
1106 1563 1317 1601 nusquam
1340 1562 1435 1601 pos-

104 1625 190 1650 sem
222 1609 417 1649 intexere.
473 1607 626 1648 Postea
651 1610 791 1647 autem
823 1621 948 1660 quam
979 1606 1080 1646 haec
1112 1607 1229 1659 coepi
1261 1610 1435 1659 φιλολο-

102 1669 287 1722 γώτερα,
324 1667 409 1707 iam
433 1665 570 1706 Varro
608 1665 713 1706 mihi
751 1665 1069 1705 denuntiaverat
1103 1678 1299 1718 magnam
1338 1678 1435 1704 sane

50 1744 83 1768 25
104 1729 145 1767 et
189 1740 354 1779 gravem
400 1725 719 1778 προςφώυησιν.
791 1723 1014 1763 Biennium
1058 1723 1293 1776 praeteriit,
1342 1737 1434 1763 cum

102 1785 174 1825 ille
204 1784 508 1836 Καλλιππίδης
547 1782 718 1822 adsiduo
757 1796 882 1822 cursu
919 1781 1111 1821 cubitum
1146 1781 1311 1820 nullum
1343 1795 1436 1834 pro-

104 1846 301 1895 cesserat,
350 1855 427 1896 ego
475 1844 615 1881 autem
661 1855 727 1880 me
767 1839 968 1893 parabam
1011 1839 1063 1879 ad
1106 1839 1166 1891 id,
1214 1838 1325 1892 quod
1366 1839 1436 1879 ille

104 1901 209 1941 mihi
239 1901 438 1953 misisset,
457 1902 504 1939 ut
537 1899 668 1954 (αὐτῷ
700 1903 759 1954 τῷ
790 1897 931 1953 μέτρῳ
965 1896 1035 1938 καὶ
1068 1897 1230 1949 λώῖου’,
1253 1897 1287 1937 si
1313 1897 1436 1937 modo

105 1959 347 2012 potuissem.
410 1957 521 1998 Nam
558 1957 638 1998 hoc
670 1957 797 1997 etiam
828 1955 1038 1996 Hesiodus
1072 1955 1258 2008 ascribit,
1301 1955 1365 1996 ‘al'
1390 1970 1438 1996 κε

53 2034 86 2059 30
106 2017 290 2069 δύνηαιῖ

192 2074 316 2115 Nunc
352 2075 469 2115 illam
504 2072 603 2127 περὶ
642 2076 778 2114 τελῶν
816 2070 1023 2121 σύνταξιν
1060 2085 1158 2111 sane
1196 2071 1301 2111 mihi
1343 2085 1438 2124 pro-

105 2133 249 2174 batam
290 2133 444 2186 Bruto,
497 2134 544 2171 ut
588 2131 669 2171 tibi
713 2131 891 2185 placuit,
947 2129 1264 2183 despondimus,
1313 2129 1438 2182 idque

106 2206 201 2232 eum
237 2205 322 2231 non
356 2191 468 2231 nolle
499 2189 603 2229 mihi
638 2189 858 2242 scripsisti.
921 2188 1037 2242 Ergo
1070 2187 1188 2227 illam
1214 2186 1439 2240 Ἀκαδημι-

105 2252 204 2303 κήυ,
246 2249 290 2289 in
332 2263 413 2302 qua
449 2248 639 2288 homines
678 2247 842 2287 nobiles
882 2246 947 2286 illi
987 2245 1172 2299 quidem,
1213 2246 1284 2286 sed
1320 2245 1437 2286 nullo

53 2324 86 2350 35
105 2308 229 2348 modo
266 2306 474 2361 philologi
509 2306 637 2347 nimis
676 2308 794 2346 acute
831 2305 1084 2359 loquuntur,
1122 2303 1173 2344 ad
1204 2303 1439 2345 Varronem

179 2382 237 2407 Cic.
258 2382 342 2412 epist.
363 2382 403 2406 Π.
1183 2374 1228 2405 26

1460 1385 1478 1413 ΚΟ
