1665 2553
654 104 692 139 P.
714 107 911 140 258—266.
1320 103 1452 137 LXXV

105 199 159 235 Et
194 203 313 233 tamen
348 197 522 233 Wesenb.
560 218 606 223 —
644 201 688 231 24
719 209 790 233 esse
820 198 1008 232 videamur
1033 197 1072 232 O.
1093 197 1134 232 E.
1156 196 1325 231 Schmidt
1355 209 1448 230 mus.

105 246 222 280 Rhen.
240 249 328 279 1897
355 257 390 289 p.
409 248 487 287 148,
513 255 664 279 sinimus
688 244 744 278 Ml
763 255 829 289 pro
848 246 961 279 simus
981 245 1043 289 (ad
1062 256 1097 288 p.
1115 248 1192 278 ⁶268.
1208 248 1264 285 21,
1286 247 1363 278 267.
1377 246 1447 286 35).

107 314 151 319 —-
178 297 220 326 27
237 304 289 335 sq.
310 293 368 327 hic
392 303 566 326 numerus
602 312 646 316 —
684 292 837 336 triyinta
862 291 900 325 in
926 291 1095 336 parenth.
1117 291 1310 334 Wesenb.,
1342 291 1447 325 Boot.

106 340 214 384 Adp
219 343 301 374 ..16
325 342 378 374 14
416 359 461 364 —-
499 342 542 372 29
575 339 648 373 dno
683 343 715 373 et
748 339 870 381 codd.,
904 337 943 374 O
964 338 1004 373 E.
1027 338 1195 372 Schmidt
1219 338 1294 379 1.,1,
1321 342 1352 372 et
1376 338 1449 371 duo

108 352 214 421 edd.p
235 388 246 430 [1
289 386 335 421 P.
357 385 446 420 262.
469 389 488 419 9
513 397 584 420 uso
609 385 770 428 Manui..
802 367 946 429 Baiter,
979 385 1139 429 T,yrrell
1172 396 1261 420 usus
1286 385 1335 427 M
1361 395 1449 419 usus

108 438 158 469 est
182 432 368 475 Wesenb.,
395 433 499 467 Boot.
522 454 566 457 —
589 436 630 466 19
657 437 688 467 te
712 433 867 477 yaudere
892 432 941 475 M
971 433 1050 466 ‘sed
1078 432 1209 466 addita
1235 433 1321 466 sunt
1341 431 1449 476 signa

106 479 434 522 transpositionis’,
462 479 538 521 alii,
564 479 668 514 Boot
696 500 740 504 —
767 483 809 513 29
826 491 878 522 sq.
905 484 946 514 ut
970 480 1111 523 quidem
1130 500 1175 504 ——
1194 490 1385 523 sequamur
1410 478 1448 512 in

107 527 278 572 parenth.
312 527 358 560 W
363 526 486 561 esenb.
514 537 587 560 non
625 526 774 568 melius,
813 537 926 569 quam
962 526 1090 560 Baiter
1128 526 1181 560 sic
1217 526 1447 570 interpung:

109 575 297 616 Furnius,
331 578 371 608 ut
408 594 452 598 —
489 585 702 617 sequamur:
741 573 780 617 Q.
804 574 953 616 Titinii,
983 575 1083 607 recte
1108 574 1203 607 Boot
1231 575 1268 607 et
1293 572 1447 617 Tyrrell.

108 622 168 656 Ad
191 633 227 666 p.
250 625 303 655 16.
327 624 380 656 14.
422 641 466 645 —-
504 624 546 654 31
589 620 672 654 ‘Sed
705 620 855 654 defendi
887 631 960 654 non
993 621 1151 665 potest’,
1189 620 1312 663 inquit
1343 620 1447 654 Boot.

112 668 232 702 ‘Nihil
255 667 388 701 melius
415 667 539 701 inveni
565 678 678 710 quam
702 668 778 702 vicli
802 668 917 710 illum,
949 667 972 702 i.
989 678 1018 703 e.
1039 667 1219 709 intellexi,
1250 666 1404 711 cognovi
1431 677 1449 700 e

109 715 245 749 Furnio
273 714 468 748 Caesarem
503 714 661 748 maiores
693 714 785 747 mjhi
820 714 961 758 gratias
995 725 1121 759 agere,
1161 724 1273 757 quam
1297 713 1445 747 vellem'

108 765 188 796 tam
212 761 295 796 fals.
318 772 430 804 quam
454 773 488 805 p.
512 765 566 796 36.
590 764 643 796 18.
681 762 692 805 Η
738 761 783 796 P.
805 760 894 796 263.
914 765 936 794 4
962 762 1122 796 liberare
1148 761 1240 796 coni.
1261 760 1448 800 Wesenb..

110 821 178 844 scr.
199 809 294 842 Boot
321 809 355 841 ‘e
382 808 594 841 coniectura
620 808 717 841 mea'
746 808 879 851 inquit.
906 829 952 832 —
985 812 1028 841 15
1054 813 1086 842 et
1112 810 1197 842 ante
1220 819 1451 852 properarem

109 856 219 890 inser.
252 855 296 889 H.
324 856 366 889 A.
395 855 497 888 Koch
537 854 765 889 ‘Zeitschizf
783 855 815 890 d.
833 854 984 889 G.-W.’
1015 858 1105 889 1860
1130 867 1165 899 p.
1181 858 1260 890 883.
1310 875 1354 880 -—
1406 858 1449 888 33

114 903 228 947 Quasi
246 903 430 936 animulae
448 902 688 936 instillarunt
708 900 816 943 Crat,
838 901 914 943 alii,
928 901 1040 944 Wes,
1060 902 1165 944 Boot,
1187 900 1302 935 Cobet
1314 901 1448 935 Mnem.

113 953 203 983 1880
228 961 263 993 p.
281 952 358 991 197,
385 948 429 983 cf.
444 948 573 982 Funck
595 948 757 981 ‘Archiv'
785 948 835 981 IV
860 961 895 992 p.
913 952 966 990 72,
989 952 1042 991 75,
1070 960 1142 992 qua
1167 953 1265 983 stant
1283 953 1383 983 muta
1403 953 1452 983 est

110 997 169 1030 illi
194 1000 305 1030 arunt
323 995 372 1038 M,
399 996 504 1039 quasi
530 995 728 1029 ‘animulae
746 996 946 1029 stillarunt'
968 995 1106 1038 Baiter,
1133 995 1277 1039 Tyr-rell
1298 1006 1352 1039 ep.
1369 999 1448 1029 362.

111 1043 171 1077 Ad
195 1055 230 1086 p.
253 1045 306 1077 17.
328 1046 383 1077 27.
421 1045 432 1086 ll
469 1042 515 1076 P.
537 1041 626 1076 264.
651 1046 668 1075 7
695 1042 781 1084 iam,
805 1053 850 1076 ne
873 1043 1033 1084 fecissem
1053 1041 1093 1077 O.
1114 1042 1154 1076 E.
1171 1042 1339 1076 Schmidt
1357 1053 1449 1076 mus.
1488 1074 1497 1077 -

110 1090 228 1124 Rhen.
251 1093 340 1123 1897
365 1101 400 1133 p.
424 1092 490 1122 148
524 1088 575 1122 sic
601 1088 754 1132 interp,
792 1089 866 1122 iam
891 1090 1077 1131 effecissem
1103 1089 1158 1132 M,
1195 1088 1312 1132 vulg,
1344 1089 1449 1130 Boot,

111 1138 188 1171 iam
217 1137 374 1179 fecissem
399 1135 563 1178 Ernesti,
595 1135 739 1178 Baiter,
771 1135 931 1179 Tyrrell,
966 1136 1031 1169 sed
1049 1147 1080 1170 V.
1097 1139 1140 1169 23
1161 1135 1199 1168 M
1227 1135 1342 1169 habet
1366 1147 1452 1170 sane

111 1188 224 1218 mente
255 1184 341 1217 iam
371 1194 430 1217 me
461 1183 557 1227 (‘sed
588 1182 663 1216 iam
692 1193 745 1217 me
781 1182 905 1216 deleta
931 1183 1058 1227 sunt').
1109 1183 1167 1216 Ad
1190 1194 1226 1226 p.
1248 1186 1302 1217 24.
1325 1186 1355 1217 8.
1406 1203 1451 1206 -

115 1234 156 1264 13
194 1231 330 1272 fecisti,
367 1230 461 1274 quod
497 1241 550 1264 me
587 1230 629 1263 de
661 1230 737 1264 eius
766 1230 903 1264 iudicio
936 1230 1116 1264 certiorem
1149 1230 1233 1264 add.
1260 1229 1451 1263 Lehmann

113 1276 280 1318 Quaestt.
300 1289 335 1321 p.
356 1280 400 1310 48
417 1287 507 1319 sqq,
534 1288 602 1310 om.
623 1276 770 1319 reliqui,
803 1287 886 1310 cum
910 1276 1068 1310 lacunae
1094 1276 1199 1320 signo
1226 1276 1379 1319 Tyrrell.
1406 1297 1451 1300 —

114 1328 158 1357 23
195 1335 286 1358 sane
323 1323 394 1365 Ml,
433 1323 533 1366 quod
571 1323 739 1357 defendit
777 1322 816 1358 O.
837 1323 877 1358 E.
900 1323 1067 1357 Schmidt
1103 1335 1194 1358 mus.
1216 1323 1331 1358 Rhen.
1361 1327 1450 1357 1897

112 1383 148 1451 ξ’
164 1374 258 1450 ὲῖἶε
270 1391 314 1461 ἶ
337 1374 384 1450 ῗέ
406 1371 453 1450 ἒξ
456 1369 728 1460 01ἒὲῑέΙὲᾶὲἒί
745 1370 805 1450 2¹¹·
825 1382 860 1414 P·
873 1370 1245 1462 3⁷55’ss35835t'21333t’.
1260 1371 1452 1450 Satist?

114 1465 178 1509 [ut
209 1465 251 1497 in
282 1464 423 1498 Milone
459 1484 503 1488 —-
540 1464 732 1508 hactenus]
758 1463 951 1497 Schuetzio
988 1465 1137 1498 auctore
1162 1464 1306 1507 Baiter,
1345 1464 1449 1506 Boot,

115 1510 267 1554 Tyrrell.
311 1509 354 1545 V.
376 1509 415 1545 O.
438 1510 478 1544 E.
502 1509 669 1543 Schmidt
709 1510 795 1543 ‘Der
831 1511 1107 1544 Briefwechsel’
1143 1523 1178 1555 p.
1201 1515 1278 1545 149.
1317 1532 1361 1535 ——
1399 1511 1450 1545 lb.

116 1559 220 1591 haec
249 1557 420 1591 hactenus
451 1556 646 1597 Graevius,
685 1557 822 1591 Baiter.
867 1558 926 1591 Ad
956 1570 991 1601 p.
1017 1562 1093 1592 142.
1116 1561 1147 1592 8.
1191 1559 1202 1602 Η
1252 1558 1297 1592 Ρ.
1319 1557 1408 1592 265.
1431 1561 1451 1591 3

116 1604 344 1647 locupletum
377 1604 425 1636 ad
454 1615 489 1647 p.
517 1607 594 1638 200.
617 1607 670 1638 33.
709 1624 754 1628 —
792 1607 812 1637 8
845 1605 1032 1648 explicita
1068 1604 1122 1647 M,
1162 1603 1201 1639 O.
1222 1604 1262 1638 E.
1285 1604 1453 1638 Schmidt

114 1662 206 1685 mus.
227 1650 342 1685 Rhen.
372 1653 460 1684 1897
486 1662 521 1694 p.
545 1654 621 1685 149.
642 1671 687 1675 —-
709 1655 749 1684 11
771 1662 964 1695 vayamur
982 1662 1048 1695 pro
1070 1663 1220 1696 ayamus
1239 1651 1452 1694 Malaspina

116 1699 267 1731 auctore
287 1697 368 1731 edd.
407 1696 450 1731 V.
467 1696 634 1730 Schmidt
652 1697 711 1732 1.1,
733 1718 777 1722 —
798 1701 841 1731 25
862 1698 936 1732 iam
957 1698 1041 1733 add.
1058 1700 1143 1742 post
1157 1699 1251 1732 enim
1267 1697 1450 1739 Wesenb.,

114 1744 219 1779 Boot.
240 1764 285 1776 .—
305 1747 348 1777 33
359 1755 437 1797 sqq.
451 1755 515 1778 nec
533 1745 684 1778 enim—
699 1743 839 1787 potest?
870 1744 909 1777 in
927 1745 1097 1788 parenth
1113 1745 1194 1778 edd.
1200 1744 1322 1788 ,Tyr-r.
1339 1745 1453 1777 etiam

116 1803 147 1826 V.
169 1794 212 1824 35
227 1802 305 1833 sqq.
326 1791 496 1835 quoniam
522 1811 567 1815 —
592 1791 776 1826 incitatur
821 1791 879 1823 Ad
902 1803 937 1835 p.
961 1796 1014 1826 16
1038 1795 1091 1826 14.
1139 1792 1149 1835 {i
1194 1773 1239 1825 P.
1261 1790 1352 1825 266.
1374 1795 1393 1824 6
1419 1802 1450 1825 v

119 1837 159 1872 Ο
180 1837 220 1872 E.
243 1837 411 1871 Schmidt
438 1837 525 1871 Der
549 1837 711 1872 Br’iefw.
738 1849 774 1881 p.
798 1842 875 1879 154,
909 1837 989 1872 sine
1013 1838 1094 1872 loco
1121 1830 1158 1871 et
1183 1840 1347 1881 tempore
1372 1837 1451 1871 rell.

117 1884 212 1926 edd,
238 1885 359 1919 4bout
379 1885 512 1918 March
537 1887 559 1918 3
580 1884 722 1927 Tyrrell
748 1895 803 1928 ep.
825 1888 903 1919 351
924 1905 969 1909 —
995 1888 1015 1918 8
1041 1885 1223 1929 †Nednm
1242 1884 1347 1925 Boot,
1374 1884 1453 1918 sine

118 1941 223 1964 cruce
248 1930 393 1973 reliqui,
413 1931 451 1964 M
470 1942 500 1965 V.
521 1934 601 1973 7sq.
618 1931 672 1964 M.
687 1931 807 1965 Cicero
826 1942 940 1965 meum
962 1932 966 1976 1
989 1942 1113 1973 meum,
1136 1931 1323 1965 Nimirum
1342 1930 1453 1964 Hand

117 1977 220 2011 Turs.
240 1977 291 2010 IV
314 1989 349 2021 p.
374 1981 450 2019 154,
477 1978 620 2011 Balbus
645 1982 676 2012 et
705 1977 843 2021 Oppius
867 1989 894 2012 s.
909 1979 942 2012 d.
959 1978 1013 2012 M.
1032 1978 1196 2012 Ciceroni
1220 1978 1303 2021 imp.
1327 1977 1453 2023 (Etsi,

119 2024 174 2057 M.
197 2023 328 2066 Cicero,
354 2024 540 2068 videmus>
560 2035 633 2058 non
660 2025 761 2059 modo
785 2025 969 2059 hominnm
988 2045 1032 2050 —
1053 2036 1075 2058 a
1097 2024 1275 2068 plerisque
1290 2025 1453 2067 probari,

118 2074 236 2105 tamen
267 2071 393 2114 (solent
423 2082 492 2106 0111.
514 2071 583 2115 Ml)
616 2070 768 2115 Madvig
799 2071 889 2106 Adv.
909 2071 960 2105 111
989 2083 1025 2115 p.
1048 2074 1112 2104 181
1130 2082 1182 2113 sq.
1197 2082 1231 2105 n.
1279 2069 1330 2105 Cf.
1350 2071 1452 2104 Hell-

117 2116 223 2150 muth
247 2127 367 2161 progr.
388 2116 558 2152 Wurceb.
582 2121 670 2151 1888
695 2130 731 2162 p.
751 2121 901 2160 43—45,
927 2117 1117 2151 Lehmann
1145 2117 1366 2153 ‘Jahresben
1389 2118 1452 2151 des

115 2162 246 2207 philol.
266 2163 434 2197 Vereins’
473 2168 562 2198 1888
593 2177 628 2208 p.
651 2168 728 2199 285.
768 2186 812 2189 —
853 2168 894 2198 18
931 2165 1132 2198 deberemus
1157 2164 1241 2199 add.
1262 2164 1453 2198 Lehmann

119 2209 284 2251 Quaestt.
304 2222 339 2254 p.
363 2214 429 2244 110
445 2222 496 2253 sq.
525 2211 569 2246 cf.
596 2223 631 2255 p.
654 2215 732 2247 268.
754 2215 798 2245 34
814 2211 893 2253 all,
931 2211 1070 2245 hortari
1105 2222 1180 2245 non
1215 2211 1454 2246 desineremus

116 2256 281 2300 Madvig,
306 2256 425 2299 Klotz,
450 2257 554 2300 Boot,
574 2269 648 2292 non
673 2259 911 2293 desineremus
930 2262 961 2292 te
980 2258 1119 2292 hortari
1137 2257 1281 2302 Tyrrell
1301 2269 1356 2302 ep.
1373 2262 1452 2301 351,

117 2303 343 2338 hortaremur
367 2303 412 2338 H.
432 2304 474 2338 A.
495 2304 598 2337 Koch
623 2316 715 2339 mus.
735 2304 852 2338 Rhen.
876 2307 964 2338 1857
991 2316 1026 2349 p.
1048 2308 1132 2347 275,
1167 2304 1304 2340 Baiter.
1332 2325 1376 2329 —
1411 2310 1452 2339 19
