1665 2553
381 51 721 86 EPISTULARUM
746 52 810 86 AD
837 51 1052 86 ATTICUM
1079 52 1129 86 IX
1157 56 1210 87 19.
1380 53 1461 94 291

215 145 318 201 Nos,
356 146 557 201 quoniam
589 161 788 200 superum
819 161 934 188 mare
967 147 1195 201 obsidetur,
1228 147 1361 189 infero
1394 163 1464 190 na-
1490 159 1510 190 3

127 205 366 261 vigabimus
400 208 454 260 et,
485 205 521 246 si
552 204 744 246 Puteolis
777 206 857 246 erit
884 205 1065 260 difficile,
1098 204 1327 247 Crotonem
1353 209 1464 260 pete-

127 279 220 305 mus
258 266 330 305 aut
362 263 545 304 Thurios
584 266 626 304 et
657 264 759 306 boni
791 264 901 305 cives
934 267 1123 306 amantes
1155 265 1319 319 patriae
1349 280 1463 306 mare

128 323 330 364 infestum
366 321 628 364 habebimus.
690 321 833 363 Aliam
863 323 1072 364 rationem
1103 323 1231 364 huius
1263 323 1365 365 belli
1398 338 1464 379 ge-

94 399 108 424 5
128 381 244 422 rendi
270 380 432 422 nullam
457 381 588 421 video.
633 380 685 422 In
703 380 946 436 Aegyptum
971 396 1050 423 nos
1077 382 1289 423 abdemus.
1335 382 1464 423 Exer-

128 440 214 481 citu
251 454 372 494 pares
411 454 501 480 esse
538 454 625 480 non
662 454 905 494 possumus,
949 440 1065 494 pacis
1105 440 1208 482 fides
1237 441 1356 482 nulla
1388 444 1462 482 est.

129 497 210 540 Sed
240 499 341 539 haec
372 498 476 539 satis
509 498 726 552 deplorata
759 501 867 539 sunt.
1488 511 1510 540 4

216 557 280 598 Tu
311 557 437 598 velim
466 557 632 598 litteras
660 555 909 611 Cephalioni
941 557 1011 598 des
1038 557 1087 598 de
1115 558 1311 599 omnibus
1338 558 1463 599 rebus

128 616 249 671 actis,
299 615 477 670 dem'que
523 615 651 657 etiam
692 616 740 657 de
784 616 1048 657 sermonibus
1091 616 1331 671 hominum,
1379 617 1463 657 nisi

75 695 108 719 10
126 675 250 729 plane
283 674 597 716 obmutuerunt.
641 674 736 729 Ego
762 675 848 716 tuis
874 675 1062 716 consiliis
1087 689 1189 716 usus
1216 690 1309 716 sum
1334 676 1462 716 maxi-

126 748 288 788 meque,
322 733 433 787 quod
465 736 507 774 et
538 733 792 788 gravitatem
823 733 867 774 in
899 747 1128 788 congressu
1157 736 1305 775 nostro
1332 734 1462 789 tenui,

129 807 255 847 quam
287 792 423 846 debui,
455 794 507 845 et,
539 792 591 832 ad
622 792 768 833 urbem
800 795 848 833 ut
878 807 965 833 non
996 793 1242 847 accederem,
1274 806 1463 846 perseve-

128 851 227 892 ravi.
290 849 409 900 Quod
441 853 649 905 superest,
688 851 840 905 scribe,
880 866 1048 906 quaeso,
1080 866 1206 905 quam
1238 851 1461 892 accuratis-

129 910 232 950 sime
265 907 369 966 (iam
401 910 512 950 enim
538 912 723 950 extrema
750 908 880 965 sunt),
913 910 1014 964 quid
1038 910 1212 964 placeat,
1245 910 1345 964 quid
1371 924 1461 951 cen·

76 988 108 1014 15
130 983 238 1023 seas3
282 968 361 1010 etsi
402 968 487 1009 iam
523 968 641 1009 nulla
679 968 889 1009 dubitatio
930 971 1004 1009 est.
1067 968 1243 1023 Tamen,
1287 968 1323 1009 si
1360 968 1461 1022 quid
1504 998 1512 1001 -

128 1027 194 1068 vel
225 1027 367 1081 potius
400 1026 601 1081 quicquid
631 1027 770 1067 veniet
802 1026 847 1067 in
877 1029 1072 1081 mentem,
1104 1027 1262 1068 scribas
1294 1027 1430 1068 velim.

32 367 34 388 k

1182 2328 1250 2361 19*
