<?xml version="1.0" encoding="UTF-8"?>
<!DOCTYPE html PUBLIC "-//W3C//DTD XHTML 1.0 Transitional//EN"
    "http://www.w3.org/TR/xhtml1/DTD/xhtml1-transitional.dtd">
<html xmlns="http://www.w3.org/1999/xhtml" xml:lang="en" lang="en">
 <head>
  <title>
</title>
<meta http-equiv="Content-Type" content="text/html;charset=utf-8" />
  <meta name='ocr-system' content='tesseract 3.04.00' />
  <meta name='ocr-capabilities' content='ocr_page ocr_carea ocr_par ocr_line ocrx_word'/>
</head>
<body>
  <div class='ocr_page' id='page_1' title='image "./p2scriptaquaemanse03ciceuoft_0232.png"; bbox 0 0 1665 2553; ppageno 0'>
   <div class='ocr_carea' id='block_1_1' title="bbox 181 115 1094 156">
    <p class='ocr_par' dir='ltr' id='par_1_1' title="bbox 181 115 1094 156">
     <span class='ocr_line' id='line_1_1' title="bbox 181 115 1094 156; baseline 0.002 -8"><span class='ocrx_word' id='word_1_1' title='bbox 181 115 237 156; x_wconf 76' lang='lat'>56</span> <span class='ocrx_word' id='word_1_2' title='bbox 605 115 653 150; x_wconf 91' lang='lat' dir='ltr'>M.</span> <span class='ocrx_word' id='word_1_3' title='bbox 680 115 820 150; x_wconf 91' lang='lat' dir='ltr'><strong><em>TULLI</em></strong></span> <span class='ocrx_word' id='word_1_4' title='bbox 846 115 1094 150; x_wconf 83' lang='lat' dir='ltr'>CICERONIS</span> 
     </span>
    </p>
   </div>
   <div class='ocr_carea' id='block_1_2' title="bbox 181 268 1512 394">
    <p class='ocr_par' dir='ltr' id='par_1_2' title="bbox 181 268 1512 394">
     <span class='ocr_line' id='line_1_2' title="bbox 790 268 904 310; baseline -0.009 0"><span class='ocrx_word' id='word_1_5' title='bbox 790 268 904 310; x_wconf 84' lang='lat' dir='ltr'>XIII.</span> 
     </span>
     <span class='ocr_line' id='line_1_3' title="bbox 181 350 1512 394; baseline 0 -9"><span class='ocrx_word' id='word_1_6' title='bbox 181 350 254 385; x_wconf 84' lang='lat' dir='ltr'>Scr.</span> <span class='ocrx_word' id='word_1_7' title='bbox 282 351 323 384; x_wconf 74' lang='lat' dir='ltr'>in</span> <span class='ocrx_word' id='word_1_8' title='bbox 348 350 549 386; x_wconf 76' lang='lat' dir='ltr'>Formiano</span> <span class='ocrx_word' id='word_1_9' title='bbox 574 362 617 385; x_wconf 85' lang='lat' dir='ltr'>m.</span> <span class='ocrx_word' id='word_1_10' title='bbox 639 351 729 394; x_wconf 74' lang='lat' dir='ltr'>Apr.</span> <span class='ocrx_word' id='word_1_11' title='bbox 757 351 837 384; x_wconf 77' lang='lat' dir='ltr'>circ.</span> <span class='ocrx_word' id='word_1_12' title='bbox 863 362 895 383; x_wconf 83' lang='grc' dir='ltr'>α.</span> <span class='ocrx_word' id='word_1_13' title='bbox 917 350 948 383; x_wconf 76' lang='grc' dir='ltr'>(Ζ.</span> <span class='ocrx_word' id='word_1_14' title='bbox 971 350 1075 383; x_wconf 86' lang='lat' dir='ltr'><strong><em>VIII</em></strong></span> <span class='ocrx_word' id='word_1_15' title='bbox 1090 350 1137 384; x_wconf 88' lang='lat' dir='ltr'>K.</span> <span class='ocrx_word' id='word_1_16' title='bbox 1159 350 1255 385; x_wconf 72' lang='lat' dir='ltr'>Mai.</span> <span class='ocrx_word' id='word_1_17' title='bbox 1275 362 1307 385; x_wconf 88' lang='grc' dir='ltr'>α.</span> <span class='ocrx_word' id='word_1_18' title='bbox 1331 352 1402 385; x_wconf 84' lang='grc'>695</span> <span class='ocrx_word' id='word_1_19' title='bbox 1423 352 1512 394; x_wconf 88' lang='grc'><em>(59).</em></span> 
     </span>
    </p>
   </div>
   <div class='ocr_carea' id='block_1_3' title="bbox 603 430 1093 466">
    <p class='ocr_par' dir='ltr' id='par_1_3' title="bbox 603 430 1093 466">
     <span class='ocr_line' id='line_1_4' title="bbox 603 430 1093 466; baseline -0.002 0"><span class='ocrx_word' id='word_1_20' title='bbox 603 431 770 466; x_wconf 84' lang='lat' dir='ltr'><strong><em>CICERO</em></strong></span> <span class='ocrx_word' id='word_1_21' title='bbox 798 430 970 466; x_wconf 88' lang='lat' dir='ltr'><strong><em>ATTICO</em></strong></span> <span class='ocrx_word' id='word_1_22' title='bbox 998 431 1093 465; x_wconf 71' lang='lat' dir='ltr'><strong>SAL.</strong></span> 
     </span>
    </p>
   </div>
   <div class='ocr_carea' id='block_1_4' title="bbox 179 502 1515 1613">
    <p class='ocr_par' dir='ltr' id='par_1_4' title="bbox 179 502 1515 1613">
     <span class='ocr_line' id='line_1_5' title="bbox 267 502 1513 559; baseline 0 -14"><span class='ocrx_word' id='word_1_23' title='bbox 267 503 448 545; x_wconf 78' lang='lat' dir='ltr'>Facinus</span> <span class='ocrx_word' id='word_1_24' title='bbox 474 504 711 559; x_wconf 78' lang='lat' dir='ltr'>indignum!</span> <span class='ocrx_word' id='word_1_25' title='bbox 739 503 965 557; x_wconf 70' lang='lat' dir='ltr'>epistulam</span> <span class='ocrx_word' id='word_1_26' title='bbox 992 502 1185 559; x_wconf 74' lang='grc' dir='ltr'><em>αὐθωρεὶ</em></span> <span class='ocrx_word' id='word_1_27' title='bbox 1211 504 1291 544; x_wconf 90' lang='lat' dir='ltr'>tibi</span> <span class='ocrx_word' id='word_1_28' title='bbox 1312 519 1335 544; x_wconf 87' lang='lat' dir='ltr'>a</span> <span class='ocrx_word' id='word_1_29' title='bbox 1360 504 1513 545; x_wconf 88' lang='lat' dir='ltr'><strong>Tribus</strong></span> 
     </span>
     <span class='ocr_line' id='line_1_6' title="bbox 180 562 1513 617; baseline 0 -14"><span class='ocrx_word' id='word_1_30' title='bbox 180 562 384 603; x_wconf 82' lang='lat' dir='ltr'>Tabernis</span> <span class='ocrx_word' id='word_1_31' title='bbox 415 563 664 616; x_wconf 72' lang='lat' dir='ltr'>rescriptam</span> <span class='ocrx_word' id='word_1_32' title='bbox 697 562 747 603; x_wconf 88' lang='lat' dir='ltr'>ad</span> <span class='ocrx_word' id='word_1_33' title='bbox 779 566 874 603; x_wconf 87' lang='lat' dir='ltr'>tuas</span> <span class='ocrx_word' id='word_1_34' title='bbox 908 562 1179 603; x_wconf 86' lang='lat' dir='ltr'>suavissimas</span> <span class='ocrx_word' id='word_1_35' title='bbox 1211 563 1414 617; x_wconf 77' lang='lat' dir='ltr'>epistulas</span> <span class='ocrx_word' id='word_1_36' title='bbox 1444 577 1513 603; x_wconf 90' lang='lat' dir='ltr'>ne-</span> 
     </span>
     <span class='ocr_line' id='line_1_7' title="bbox 180 620 1512 675; baseline 0 -14"><span class='ocrx_word' id='word_1_37' title='bbox 180 621 336 662; x_wconf 91' lang='lat' dir='ltr'>minem</span> <span class='ocrx_word' id='word_1_38' title='bbox 361 621 606 662; x_wconf 82' lang='lat' dir='ltr'>reddidisse!</span> <span class='ocrx_word' id='word_1_39' title='bbox 651 621 710 662; x_wconf 86' lang='lat' dir='ltr'>At</span> <span class='ocrx_word' id='word_1_40' title='bbox 737 621 842 661; x_wconf 88' lang='lat' dir='ltr'>scito</span> <span class='ocrx_word' id='word_1_41' title='bbox 869 635 963 661; x_wconf 90' lang='lat' dir='ltr'>eum</span> <span class='ocrx_word' id='word_1_42' title='bbox 991 620 1249 675; x_wconf 83' lang='lat' dir='ltr'>fasciculum,</span> <span class='ocrx_word' id='word_1_43' title='bbox 1280 635 1363 675; x_wconf 85' lang='lat' dir='ltr'>quo</span> <span class='ocrx_word' id='word_1_44' title='bbox 1395 621 1512 662; x_wconf 89' lang='lat' dir='ltr'>illam</span> 
     </span>
     <span class='ocr_line' id='line_1_8' title="bbox 180 679 1512 735; baseline 0.001 -15"><span class='ocrx_word' id='word_1_45' title='bbox 180 680 455 734; x_wconf 77' lang='lat' dir='ltr'>conjeceram,</span> <span class='ocrx_word' id='word_1_46' title='bbox 493 680 664 721; x_wconf 89' lang='lat' dir='ltr'>domum</span> <span class='ocrx_word' id='word_1_47' title='bbox 703 694 750 721; x_wconf 93' lang='lat' dir='ltr'>eo</span> <span class='ocrx_word' id='word_1_48' title='bbox 782 680 875 733; x_wconf 90' lang='lat' dir='ltr'>ipso</span> <span class='ocrx_word' id='word_1_49' title='bbox 908 679 974 720; x_wconf 88' lang='lat' dir='ltr'>die</span> <span class='ocrx_word' id='word_1_50' title='bbox 1004 679 1139 720; x_wconf 90' lang='lat' dir='ltr'>latum</span> <span class='ocrx_word' id='word_1_51' title='bbox 1171 693 1279 735; x_wconf 89' lang='lat' dir='ltr'>esse,</span> <span class='ocrx_word' id='word_1_52' title='bbox 1319 694 1401 734; x_wconf 90' lang='lat' dir='ltr'>quo</span> <span class='ocrx_word' id='word_1_53' title='bbox 1434 694 1512 734; x_wconf 88' lang='lat' dir='ltr'>ego</span> 
     </span>
     <span class='ocr_line' id='line_1_9' title="bbox 180 737 1514 793; baseline 0 -14"><span class='ocrx_word' id='word_1_54' title='bbox 180 738 390 793; x_wconf 79' lang='lat' dir='ltr'>dederam,</span> <span class='ocrx_word' id='word_1_55' title='bbox 427 742 469 779; x_wconf 89' lang='lat' dir='ltr'>et</span> <span class='ocrx_word' id='word_1_56' title='bbox 501 739 552 779; x_wconf 92' lang='lat' dir='ltr'>ad</span> <span class='ocrx_word' id='word_1_57' title='bbox 583 753 649 779; x_wconf 87' lang='lat' dir='ltr'>me</span> <span class='ocrx_word' id='word_1_58' title='bbox 681 738 726 779; x_wconf 91' lang='lat' dir='ltr'>in</span> <span class='ocrx_word' id='word_1_59' title='bbox 756 737 1029 779; x_wconf 83' lang='lat' dir='ltr'>Formianum</span> <span class='ocrx_word' id='word_1_60' title='bbox 1060 738 1240 779; x_wconf 86' lang='lat' dir='ltr'>relatum</span> <span class='ocrx_word' id='word_1_61' title='bbox 1272 752 1370 779; x_wconf 87' lang='lat' dir='ltr'>esse.</span> <span class='ocrx_word' id='word_1_62' title='bbox 1431 737 1514 779; x_wconf 89' lang='lat' dir='ltr'>Ita-</span> 
     </span>
     <span class='ocr_line' id='line_1_10' title="bbox 181 797 1514 851; baseline -0.001 -13"><span class='ocrx_word' id='word_1_63' title='bbox 181 811 261 850; x_wconf 90' lang='lat' dir='ltr'>que</span> <span class='ocrx_word' id='word_1_64' title='bbox 297 798 378 838; x_wconf 88' lang='lat' dir='ltr'>tibi</span> <span class='ocrx_word' id='word_1_65' title='bbox 416 800 534 838; x_wconf 90' lang='lat' dir='ltr'>tuam</span> <span class='ocrx_word' id='word_1_66' title='bbox 567 797 792 851; x_wconf 81' lang='lat' dir='ltr'>epistulam</span> <span class='ocrx_word' id='word_1_67' title='bbox 823 797 927 837; x_wconf 88' lang='lat' dir='ltr'>iussi</span> <span class='ocrx_word' id='word_1_68' title='bbox 959 797 1121 851; x_wconf 86' lang='lat' dir='ltr'>referri,</span> <span class='ocrx_word' id='word_1_69' title='bbox 1160 811 1210 837; x_wconf 84' lang='lat' dir='ltr'>ex</span> <span class='ocrx_word' id='word_1_70' title='bbox 1241 811 1324 851; x_wconf 87' lang='lat' dir='ltr'>qua</span> <span class='ocrx_word' id='word_1_71' title='bbox 1354 797 1514 838; x_wconf 90' lang='lat' dir='ltr'>intelle-</span> 
     </span>
     <span class='ocr_line' id='line_1_11' title="bbox 180 855 1514 910; baseline 0.001 -14"><span class='ocrx_word' id='word_1_72' title='bbox 180 869 316 910; x_wconf 90' lang='lat' dir='ltr'>geres,</span> <span class='ocrx_word' id='word_1_73' title='bbox 357 871 483 909; x_wconf 88' lang='lat' dir='ltr'>quam</span> <span class='ocrx_word' id='word_1_74' title='bbox 524 855 630 896; x_wconf 90' lang='lat' dir='ltr'>mihi</span> <span class='ocrx_word' id='word_1_75' title='bbox 670 859 763 896; x_wconf 89' lang='lat' dir='ltr'>tum</span> <span class='ocrx_word' id='word_1_76' title='bbox 799 855 896 896; x_wconf 91' lang='lat' dir='ltr'>illae</span> <span class='ocrx_word' id='word_1_77' title='bbox 929 858 1074 909; x_wconf 82' lang='lat' dir='ltr'>gratae</span> <span class='ocrx_word' id='word_1_78' title='bbox 1103 855 1293 896; x_wconf 85' lang='lat' dir='ltr'>fuissent.</span> <span class='ocrx_word' id='word_1_79' title='bbox 1355 855 1514 897; x_wconf 85' lang='lat' dir='ltr'>Romae</span> 
     </span>
     <span class='ocr_line' id='line_1_12' title="bbox 182 913 1514 969; baseline 0 -14"><span class='ocrx_word' id='word_1_80' title='bbox 182 914 293 968; x_wconf 87' lang='lat' dir='ltr'>quod</span> <span class='ocrx_word' id='word_1_81' title='bbox 332 915 482 955; x_wconf 88' lang='lat' dir='ltr'>scribis</span> <span class='ocrx_word' id='word_1_82' title='bbox 520 914 653 969; x_wconf 90' lang='lat' dir='ltr'>sileri,</span> <span class='ocrx_word' id='word_1_83' title='bbox 689 915 751 955; x_wconf 90' lang='lat' dir='ltr'>ita</span> <span class='ocrx_word' id='word_1_84' title='bbox 787 914 1008 968; x_wconf 69' lang='lat' dir='ltr'>putabam,</span> <span class='ocrx_word' id='word_1_85' title='bbox 1047 916 1089 955; x_wconf 91' lang='lat' dir='ltr'>at</span> <span class='ocrx_word' id='word_1_86' title='bbox 1124 913 1292 955; x_wconf 82' lang='lat' dir='ltr'>hercule</span> <span class='ocrx_word' id='word_1_87' title='bbox 1324 914 1370 955; x_wconf 92' lang='lat' dir='ltr'>in</span> <span class='ocrx_word' id='word_1_88' title='bbox 1400 915 1514 969; x_wconf 83' lang='lat' dir='ltr'>agris</span> 
     </span>
     <span class='ocr_line' id='line_1_13' title="bbox 179 973 1514 1027; baseline 0 -14"><span class='ocrx_word' id='word_1_89' title='bbox 179 987 265 1014; x_wconf 94' lang='lat' dir='ltr'>non</span> <span class='ocrx_word' id='word_1_90' title='bbox 304 974 471 1027; x_wconf 88' lang='lat' dir='ltr'>siletur,</span> <span class='ocrx_word' id='word_1_91' title='bbox 507 987 583 1014; x_wconf 87' lang='lat' dir='ltr'>nec</span> <span class='ocrx_word' id='word_1_92' title='bbox 619 974 703 1014; x_wconf 91' lang='lat' dir='ltr'>iam</span> <span class='ocrx_word' id='word_1_93' title='bbox 740 973 823 1026; x_wconf 87' lang='lat' dir='ltr'>ipsi</span> <span class='ocrx_word' id='word_1_94' title='bbox 856 973 946 1027; x_wconf 88' lang='lat' dir='ltr'>agri</span> <span class='ocrx_word' id='word_1_95' title='bbox 977 986 1155 1027; x_wconf 88' lang='lat' dir='ltr'>regnum</span> <span class='ocrx_word' id='word_1_96' title='bbox 1185 976 1375 1014; x_wconf 85' lang='lat' dir='ltr'>vestrum</span> <span class='ocrx_word' id='word_1_97' title='bbox 1406 973 1514 1014; x_wconf 89' lang='lat' dir='ltr'>ferre</span> 
     </span>
     <span class='ocr_line' id='line_1_14' title="bbox 179 1031 1514 1087; baseline 0 -15"><span class='ocrx_word' id='word_1_98' title='bbox 179 1034 369 1084; x_wconf 86' lang='lat' dir='ltr'>possunt.</span> <span class='ocrx_word' id='word_1_99' title='bbox 423 1031 467 1073; x_wconf 82' lang='lat' dir='ltr'>Si</span> <span class='ocrx_word' id='word_1_100' title='bbox 493 1046 591 1072; x_wconf 82' lang='lat' dir='ltr'>vero</span> <span class='ocrx_word' id='word_1_101' title='bbox 618 1032 660 1072; x_wconf 91' lang='lat' dir='ltr'>in</span> <span class='ocrx_word' id='word_1_102' title='bbox 692 1031 800 1072; x_wconf 91' lang='lat' dir='ltr'>hanc</span> <span class='ocrx_word' id='word_1_103' title='bbox 831 1031 1082 1084; x_wconf 80' lang='grc' dir='ltr'><em>Τηλέπυλον</em></span> <span class='ocrx_word' id='word_1_104' title='bbox 1107 1032 1272 1073; x_wconf 85' lang='lat' dir='ltr'>veneris</span> <span class='ocrx_word' id='word_1_105' title='bbox 1298 1034 1514 1087; x_wconf 76' lang='grc' dir='ltr'><em>Λαιστρυ-</em></span> 
     </span>
     <span class='ocr_line' id='line_1_15' title="bbox 182 1090 1511 1144; baseline -0.001 -13"><span class='ocrx_word' id='word_1_106' title='bbox 182 1092 354 1144; x_wconf 77' lang='grc' dir='ltr'><em>γονίην,</em></span> <span class='ocrx_word' id='word_1_107' title='bbox 393 1090 583 1131; x_wconf 87' lang='lat' dir='ltr'>Formias</span> <span class='ocrx_word' id='word_1_108' title='bbox 623 1090 732 1144; x_wconf 90' lang='lat' dir='ltr'>dico,</span> <span class='ocrx_word' id='word_1_109' title='bbox 771 1090 843 1144; x_wconf 89' lang='lat' dir='ltr'>qui</span> <span class='ocrx_word' id='word_1_110' title='bbox 880 1090 1074 1130; x_wconf 85' lang='lat' dir='ltr'>fremitus</span> <span class='ocrx_word' id='word_1_111' title='bbox 1111 1090 1350 1131; x_wconf 88' lang='lat' dir='ltr'>hominum!</span> <span class='ocrx_word' id='word_1_112' title='bbox 1389 1105 1511 1144; x_wconf 87' lang='lat' dir='ltr'>quam</span> 
     </span>
     <span class='ocr_line' id='line_1_16' title="bbox 181 1147 1513 1203; baseline 0.002 -15"><span class='ocrx_word' id='word_1_113' title='bbox 181 1148 282 1189; x_wconf 87' lang='lat' dir='ltr'>irati</span> <span class='ocrx_word' id='word_1_114' title='bbox 325 1149 470 1190; x_wconf 89' lang='lat' dir='ltr'>animi!</span> <span class='ocrx_word' id='word_1_115' title='bbox 516 1151 674 1202; x_wconf 88' lang='lat' dir='ltr'>quanto</span> <span class='ocrx_word' id='word_1_116' title='bbox 718 1149 762 1189; x_wconf 93' lang='lat' dir='ltr'>in</span> <span class='ocrx_word' id='word_1_117' title='bbox 806 1148 901 1189; x_wconf 88' lang='lat' dir='ltr'>odio</span> <span class='ocrx_word' id='word_1_118' title='bbox 938 1151 1085 1189; x_wconf 89' lang='lat' dir='ltr'>noster</span> <span class='ocrx_word' id='word_1_119' title='bbox 1122 1149 1278 1189; x_wconf 90' lang='lat' dir='ltr'>amicus</span> <span class='ocrx_word' id='word_1_120' title='bbox 1315 1147 1513 1203; x_wconf 87' lang='lat' dir='ltr'>Magnus!</span> 
     </span>
     <span class='ocr_line' id='line_1_17' title="bbox 181 1205 1514 1261; baseline 0 -13"><span class='ocrx_word' id='word_1_121' title='bbox 181 1207 299 1248; x_wconf 86' lang='lat' dir='ltr'>cuius</span> <span class='ocrx_word' id='word_1_122' title='bbox 343 1221 577 1261; x_wconf 82' lang='lat' dir='ltr'>cognomen</span> <span class='ocrx_word' id='word_1_123' title='bbox 619 1221 703 1247; x_wconf 89' lang='lat' dir='ltr'>una</span> <span class='ocrx_word' id='word_1_124' title='bbox 746 1221 840 1247; x_wconf 88' lang='lat' dir='ltr'>cum</span> <span class='ocrx_word' id='word_1_125' title='bbox 883 1206 1028 1247; x_wconf 85' lang='lat' dir='ltr'>Crassi·</span> <span class='ocrx_word' id='word_1_126' title='bbox 1065 1205 1223 1247; x_wconf 85' lang='lat' dir='ltr'>Divitis</span> <span class='ocrx_word' id='word_1_127' title='bbox 1267 1208 1514 1261; x_wconf 76' lang='lat' dir='ltr'>cognomine</span> 
     </span>
     <span class='ocr_line' id='line_1_18' title="bbox 181 1264 1514 1319; baseline 0 -13"><span class='ocrx_word' id='word_1_128' title='bbox 181 1266 451 1307; x_wconf 86' lang='lat' dir='ltr'>consenescit.</span> <span class='ocrx_word' id='word_1_129' title='bbox 521 1264 676 1306; x_wconf 84' lang='lat' dir='ltr'>Credas</span> <span class='ocrx_word' id='word_1_130' title='bbox 715 1265 820 1305; x_wconf 87' lang='lat' dir='ltr'>mihi</span> <span class='ocrx_word' id='word_1_131' title='bbox 858 1265 1001 1319; x_wconf 88' lang='lat' dir='ltr'>velim,</span> <span class='ocrx_word' id='word_1_132' title='bbox 1038 1265 1248 1306; x_wconf 88' lang='lat' dir='ltr'>neminem</span> <span class='ocrx_word' id='word_1_133' title='bbox 1285 1265 1420 1306; x_wconf 85' lang='lat' dir='ltr'>adhuc</span> <span class='ocrx_word' id='word_1_134' title='bbox 1456 1266 1514 1307; x_wconf 84' lang='lat' dir='ltr'>of-</span> 
     </span>
     <span class='ocr_line' id='line_1_19' title="bbox 181 1324 1514 1379; baseline 0 -15"><span class='ocrx_word' id='word_1_135' title='bbox 181 1324 311 1379; x_wconf 83' lang='lat' dir='ltr'>fendi,</span> <span class='ocrx_word' id='word_1_136' title='bbox 357 1324 429 1378; x_wconf 89' lang='lat' dir='ltr'>qui</span> <span class='ocrx_word' id='word_1_137' title='bbox 471 1324 573 1365; x_wconf 84' lang='lat' dir='ltr'>haec</span> <span class='ocrx_word' id='word_1_138' title='bbox 616 1327 704 1364; x_wconf 86' lang='lat' dir='ltr'>tam</span> <span class='ocrx_word' id='word_1_139' title='bbox 747 1324 877 1377; x_wconf 89' lang='lat' dir='ltr'>lente,</span> <span class='ocrx_word' id='word_1_140' title='bbox 927 1338 1053 1377; x_wconf 82' lang='lat' dir='ltr'>quam</span> <span class='ocrx_word' id='word_1_141' title='bbox 1096 1337 1174 1378; x_wconf 91' lang='lat' dir='ltr'>ego</span> <span class='ocrx_word' id='word_1_142' title='bbox 1218 1324 1325 1378; x_wconf 86' lang='lat' dir='ltr'>fero,</span> <span class='ocrx_word' id='word_1_143' title='bbox 1374 1324 1514 1365; x_wconf 87' lang='lat' dir='ltr'>ferret.</span> 
     </span>
     <span class='ocr_line' id='line_1_20' title="bbox 182 1381 1515 1438; baseline 0 -15"><span class='ocrx_word' id='word_1_144' title='bbox 182 1382 330 1438; x_wconf 80' lang='lat' dir='ltr'>Quare,</span> <span class='ocrx_word' id='word_1_145' title='bbox 361 1382 466 1423; x_wconf 91' lang='lat' dir='ltr'>mihi</span> <span class='ocrx_word' id='word_1_146' title='bbox 493 1383 624 1437; x_wconf 88' lang='lat' dir='ltr'>crede,</span> <span class='ocrx_word' id='word_1_147' title='bbox 656 1385 979 1437; x_wconf 79' lang='grc' dir='ltr'><em>φιλοσοφῶμεν.</em></span> <span class='ocrx_word' id='word_1_148' title='bbox 1028 1381 1198 1423; x_wconf 88' lang='lat' dir='ltr'>Iuratus</span> <span class='ocrx_word' id='word_1_149' title='bbox 1230 1382 1310 1423; x_wconf 89' lang='lat' dir='ltr'>tibi</span> <span class='ocrx_word' id='word_1_150' title='bbox 1341 1397 1515 1436; x_wconf 87' lang='lat' dir='ltr'>possum</span> 
     </span>
     <span class='ocr_line' id='line_1_21' title="bbox 181 1440 1514 1494; baseline 0 -12"><span class='ocrx_word' id='word_1_151' title='bbox 181 1441 317 1482; x_wconf 84' lang='lat' dir='ltr'>dicere</span> <span class='ocrx_word' id='word_1_152' title='bbox 352 1441 460 1481; x_wconf 87' lang='lat' dir='ltr'>nihi]</span> <span class='ocrx_word' id='word_1_153' title='bbox 499 1456 589 1482; x_wconf 89' lang='lat' dir='ltr'>esse</span> <span class='ocrx_word' id='word_1_154' title='bbox 632 1441 750 1481; x_wconf 83' lang='lat' dir='ltr'>tanti.</span> <span class='ocrx_word' id='word_1_155' title='bbox 819 1441 882 1481; x_wconf 89' lang='lat' dir='ltr'>Tu</span> <span class='ocrx_word' id='word_1_156' title='bbox 928 1441 963 1481; x_wconf 91' lang='lat' dir='ltr'>si</span> <span class='ocrx_word' id='word_1_157' title='bbox 1000 1440 1165 1481; x_wconf 83' lang='lat' dir='ltr'>litteras</span> <span class='ocrx_word' id='word_1_158' title='bbox 1204 1441 1255 1481; x_wconf 90' lang='lat' dir='ltr'>ad</span> <span class='ocrx_word' id='word_1_159' title='bbox 1294 1440 1514 1494; x_wconf 81' lang='lat' dir='ltr'>Sicyonios</span> 
     </span>
     <span class='ocr_line' id='line_1_22' title="bbox 180 1498 1514 1554; baseline 0.001 -15"><span class='ocrx_word' id='word_1_160' title='bbox 180 1499 327 1554; x_wconf 85' lang='lat' dir='ltr'>habes,</span> <span class='ocrx_word' id='word_1_161' title='bbox 366 1499 514 1541; x_wconf 80' lang='lat' dir='ltr'>advola</span> <span class='ocrx_word' id='word_1_162' title='bbox 550 1500 594 1540; x_wconf 89' lang='lat' dir='ltr'>in</span> <span class='ocrx_word' id='word_1_163' title='bbox 625 1499 916 1554; x_wconf 78' lang='lat' dir='ltr'>Formianum,</span> <span class='ocrx_word' id='word_1_164' title='bbox 953 1499 1062 1540; x_wconf 87' lang='lat' dir='ltr'>unde</span> <span class='ocrx_word' id='word_1_165' title='bbox 1093 1513 1171 1540; x_wconf 88' lang='lat' dir='ltr'>nos</span> <span class='ocrx_word' id='word_1_166' title='bbox 1202 1499 1338 1554; x_wconf 89' lang='lat' dir='ltr'>pridie</span> <span class='ocrx_word' id='word_1_167' title='bbox 1368 1498 1514 1541; x_wconf 90' lang='lat' dir='ltr'>Nonas</span> 
     </span>
     <span class='ocr_line' id='line_1_23' title="bbox 180 1557 596 1613; baseline 0.005 -15"><span class='ocrx_word' id='word_1_168' title='bbox 180 1557 315 1599; x_wconf 85' lang='lat' dir='ltr'>Maias</span> <span class='ocrx_word' id='word_1_169' title='bbox 348 1559 596 1613; x_wconf 89' lang='lat' dir='ltr'>cogitamus.</span> 
     </span>
    </p>
   </div>
   <div class='ocr_carea' id='block_1_5' title="bbox 251 1673 1445 1871">
    <p class='ocr_par' dir='ltr' id='par_1_5' title="bbox 251 1673 1445 1871">
     <span class='ocr_line' id='line_1_24' title="bbox 794 1673 905 1716; baseline -0.009 0"><span class='ocrx_word' id='word_1_170' title='bbox 794 1673 905 1716; x_wconf 86' lang='lat' dir='ltr'>XIV.</span> 
     </span>
     <span class='ocr_line' id='line_1_25' title="bbox 251 1755 1445 1797; baseline -0.002 -7"><span class='ocrx_word' id='word_1_171' title='bbox 251 1756 324 1790; x_wconf 74' lang='lat' dir='ltr'>Ser.</span> <span class='ocrx_word' id='word_1_172' title='bbox 353 1757 392 1789; x_wconf 44' lang='lat' dir='ltr'>&#39;in</span> <span class='ocrx_word' id='word_1_173' title='bbox 418 1755 618 1790; x_wconf 76' lang='lat' dir='ltr'>Formiano</span> <span class='ocrx_word' id='word_1_174' title='bbox 645 1756 737 1789; x_wconf 71' lang='lat' dir='ltr'>inter</span> <span class='ocrx_word' id='word_1_175' title='bbox 763 1755 829 1789; x_wconf 90' lang='lat' dir='ltr'>XI</span> <span class='ocrx_word' id='word_1_176' title='bbox 850 1759 882 1789; x_wconf 72' lang='lat' dir='ltr'>et</span> <span class='ocrx_word' id='word_1_177' title='bbox 906 1756 979 1788; x_wconf 91' lang='lat' dir='ltr'>III</span> <span class='ocrx_word' id='word_1_178' title='bbox 999 1755 1047 1789; x_wconf 87' lang='lat' dir='ltr'>K.</span> <span class='ocrx_word' id='word_1_179' title='bbox 1075 1755 1170 1789; x_wconf 63' lang='lat' dir='ltr'>Mai.</span> <span class='ocrx_word' id='word_1_180' title='bbox 1197 1767 1229 1790; x_wconf 86' lang='lat' dir='ltr'>a.</span> <span class='ocrx_word' id='word_1_181' title='bbox 1258 1757 1328 1788; x_wconf 83' lang='lat'>695</span> <span class='ocrx_word' id='word_1_182' title='bbox 1355 1756 1445 1797; x_wconf 87' lang='lat'><em>(59).</em></span> 
     </span>
     <span class='ocr_line' id='line_1_26' title="bbox 602 1836 1092 1871; baseline 0 0"><span class='ocrx_word' id='word_1_183' title='bbox 602 1836 769 1871; x_wconf 81' lang='lat' dir='ltr'><strong><em>CICERO</em></strong></span> <span class='ocrx_word' id='word_1_184' title='bbox 796 1836 968 1871; x_wconf 87' lang='lat' dir='ltr'><strong><em>ATTICO</em></strong></span> <span class='ocrx_word' id='word_1_185' title='bbox 996 1836 1092 1871; x_wconf 85' lang='lat' dir='ltr'><strong>SAL.</strong></span> 
     </span>
    </p>
   </div>
   <div class='ocr_carea' id='block_1_6' title="bbox 181 1906 1514 2137">
    <p class='ocr_par' dir='ltr' id='par_1_6' title="bbox 181 1906 1514 2137">
     <span class='ocr_line' id='line_1_27' title="bbox 271 1906 1514 1962; baseline -0.002 -12"><span class='ocrx_word' id='word_1_186' title='bbox 271 1908 480 1957; x_wconf 83' lang='lat' dir='ltr'>Quantam</span> <span class='ocrx_word' id='word_1_187' title='bbox 505 1912 553 1950; x_wconf 91' lang='lat' dir='ltr'>tu</span> <span class='ocrx_word' id='word_1_188' title='bbox 578 1909 683 1949; x_wconf 88' lang='lat' dir='ltr'>mihi</span> <span class='ocrx_word' id='word_1_189' title='bbox 709 1923 852 1949; x_wconf 88' lang='lat' dir='ltr'>moves</span> <span class='ocrx_word' id='word_1_190' title='bbox 876 1909 1233 1962; x_wconf 81' lang='lat' dir='ltr'>exspectationem</span> <span class='ocrx_word' id='word_1_191' title='bbox 1253 1906 1302 1947; x_wconf 90' lang='lat' dir='ltr'>de</span> <span class='ocrx_word' id='word_1_192' title='bbox 1323 1921 1514 1948; x_wconf 90' lang='lat' dir='ltr'>sermone</span> 
     </span>
     <span class='ocr_line' id='line_1_28' title="bbox 182 1966 1513 2023; baseline -0.002 -15"><span class='ocrx_word' id='word_1_193' title='bbox 182 1968 339 2023; x_wconf 87' lang='lat' dir='ltr'>Bibuli,</span> <span class='ocrx_word' id='word_1_194' title='bbox 366 1970 567 2021; x_wconf 90' lang='lat' dir='ltr'>quantam</span> <span class='ocrx_word' id='word_1_195' title='bbox 588 1967 636 2008; x_wconf 92' lang='lat' dir='ltr'>de</span> <span class='ocrx_word' id='word_1_196' title='bbox 662 1967 874 2021; x_wconf 87' lang='lat' dir='ltr'>colloquio</span> <span class='ocrx_word' id='word_1_197' title='bbox 900 1968 1132 2020; x_wconf 74' lang='grc' dir='ltr'><em>βοώπιδος,</em></span> <span class='ocrx_word' id='word_1_198' title='bbox 1159 1967 1360 2019; x_wconf 87' lang='lat' dir='ltr'>quantam</span> <span class='ocrx_word' id='word_1_199' title='bbox 1387 1966 1513 2006; x_wconf 88' lang='lat' dir='ltr'>etiam</span> 
     </span>
     <span class='ocr_line' id='line_1_29' title="bbox 181 2023 1514 2077; baseline -0.001 -11"><span class='ocrx_word' id='word_1_200' title='bbox 181 2026 230 2066; x_wconf 92' lang='lat' dir='ltr'>de</span> <span class='ocrx_word' id='word_1_201' title='bbox 255 2026 329 2066; x_wconf 93' lang='lat' dir='ltr'>illo</span> <span class='ocrx_word' id='word_1_202' title='bbox 357 2026 536 2067; x_wconf 87' lang='lat' dir='ltr'>delicato</span> <span class='ocrx_word' id='word_1_203' title='bbox 563 2026 774 2067; x_wconf 77' lang='lat' dir='ltr'>convivio!</span> <span class='ocrx_word' id='word_1_204' title='bbox 823 2025 1004 2066; x_wconf 88' lang='lat' dir='ltr'>Proinde</span> <span class='ocrx_word' id='word_1_205' title='bbox 1034 2025 1095 2065; x_wconf 88' lang='lat' dir='ltr'>ita</span> <span class='ocrx_word' id='word_1_206' title='bbox 1125 2024 1189 2065; x_wconf 86' lang='lat' dir='ltr'>fac</span> <span class='ocrx_word' id='word_1_207' title='bbox 1220 2023 1364 2064; x_wconf 85' lang='lat' dir='ltr'>venias</span> <span class='ocrx_word' id='word_1_208' title='bbox 1395 2025 1514 2077; x_wconf 75' lang='lat' dir='ltr'>quasi</span> 
     </span>
     <span class='ocr_line' id='line_1_30' title="bbox 183 2082 1513 2137; baseline -0.002 -13"><span class='ocrx_word' id='word_1_209' title='bbox 183 2084 233 2124; x_wconf 88' lang='lat' dir='ltr'>ad</span> <span class='ocrx_word' id='word_1_210' title='bbox 272 2085 463 2125; x_wconf 84' lang='lat' dir='ltr'>sitientes</span> <span class='ocrx_word' id='word_1_211' title='bbox 502 2099 632 2125; x_wconf 87' lang='lat' dir='ltr'>aures.</span> <span class='ocrx_word' id='word_1_212' title='bbox 701 2083 963 2136; x_wconf 82' lang='lat' dir='ltr'>Quamquam</span> <span class='ocrx_word' id='word_1_213' title='bbox 1005 2082 1113 2123; x_wconf 87' lang='lat' dir='ltr'>nihil</span> <span class='ocrx_word' id='word_1_214' title='bbox 1157 2085 1218 2123; x_wconf 89' lang='lat' dir='ltr'>est</span> <span class='ocrx_word' id='word_1_215' title='bbox 1255 2082 1358 2137; x_wconf 86' lang='lat' dir='ltr'>iam,</span> <span class='ocrx_word' id='word_1_216' title='bbox 1402 2082 1513 2136; x_wconf 87' lang='lat' dir='ltr'>quod</span> 
     </span>
    </p>
   </div>
   <div class='ocr_carea' id='block_1_7' title="bbox 181 2140 1547 2195">
    <p class='ocr_par' dir='ltr' id='par_1_7' title="bbox 181 2140 1547 2195">
     <span class='ocr_line' id='line_1_31' title="bbox 181 2140 1547 2195; baseline 0.001 -14"><span class='ocrx_word' id='word_1_217' title='bbox 181 2142 316 2195; x_wconf 84' lang='lat' dir='ltr'>magis</span> <span class='ocrx_word' id='word_1_218' title='bbox 360 2143 594 2184; x_wconf 90' lang='lat' dir='ltr'>timendum</span> <span class='ocrx_word' id='word_1_219' title='bbox 637 2142 760 2183; x_wconf 87' lang='lat' dir='ltr'>nobis</span> <span class='ocrx_word' id='word_1_220' title='bbox 805 2144 966 2195; x_wconf 88' lang='lat' dir='ltr'>putem,</span> <span class='ocrx_word' id='word_1_221' title='bbox 1008 2156 1134 2194; x_wconf 88' lang='lat' dir='ltr'>quam</span> <span class='ocrx_word' id='word_1_222' title='bbox 1169 2155 1220 2181; x_wconf 92' lang='lat' dir='ltr'>ne</span> <span class='ocrx_word' id='word_1_223' title='bbox 1261 2140 1333 2181; x_wconf 90' lang='lat' dir='ltr'>ille</span> <span class='ocrx_word' id='word_1_224' title='bbox 1368 2144 1547 2182; x_wconf 70' lang='lat' dir='ltr'>nosters</span> 
     </span>
    </p>
   </div>
   <div class='ocr_carea' id='block_1_8' title="bbox 181 2198 1513 2372">
    <p class='ocr_par' dir='ltr' id='par_1_8' title="bbox 181 2198 1513 2372">
     <span class='ocr_line' id='line_1_32' title="bbox 183 2198 1513 2255; baseline 0 -16"><span class='ocrx_word' id='word_1_225' title='bbox 183 2198 558 2255; x_wconf 77' lang='lat' dir='ltr'>Sampsiceramus,</span> <span class='ocrx_word' id='word_1_226' title='bbox 597 2215 724 2255; x_wconf 89' lang='lat' dir='ltr'>quom</span> <span class='ocrx_word' id='word_1_227' title='bbox 761 2214 805 2240; x_wconf 88' lang='lat' dir='ltr'>se</span> <span class='ocrx_word' id='word_1_228' title='bbox 843 2200 1031 2240; x_wconf 87' lang='lat' dir='ltr'>omnium</span> <span class='ocrx_word' id='word_1_229' title='bbox 1062 2199 1326 2240; x_wconf 87' lang='lat' dir='ltr'>sermonibus</span> <span class='ocrx_word' id='word_1_230' title='bbox 1360 2199 1513 2239; x_wconf 86' lang='lat' dir='ltr'>sentiet</span> 
     </span>
     <span class='ocr_line' id='line_1_33' title="bbox 181 2257 1513 2312; baseline 0 -15"><span class='ocrx_word' id='word_1_231' title='bbox 181 2257 392 2311; x_wconf 87' lang='lat' dir='ltr'>vapulare,</span> <span class='ocrx_word' id='word_1_232' title='bbox 423 2262 464 2299; x_wconf 92' lang='lat' dir='ltr'>et</span> <span class='ocrx_word' id='word_1_233' title='bbox 491 2274 619 2312; x_wconf 81' lang='lat' dir='ltr'>quom</span> <span class='ocrx_word' id='word_1_234' title='bbox 644 2259 720 2300; x_wconf 90' lang='lat' dir='ltr'>has</span> <span class='ocrx_word' id='word_1_235' title='bbox 752 2258 936 2299; x_wconf 89' lang='lat' dir='ltr'>actiones</span> <span class='ocrx_word' id='word_1_236' title='bbox 969 2257 1312 2312; x_wconf 75' lang='grc' dir='ltr'><em>εὐανατρέπτους</em></span> <span class='ocrx_word' id='word_1_237' title='bbox 1343 2257 1513 2311; x_wconf 86' lang='lat' dir='ltr'>videbit,</span> 
     </span>
     <span class='ocr_line' id='line_1_34' title="bbox 182 2316 1512 2372; baseline -0.001 -17"><span class='ocrx_word' id='word_1_238' title='bbox 182 2330 301 2356; x_wconf 89' lang='lat' dir='ltr'>ruere</span> <span class='ocrx_word' id='word_1_239' title='bbox 337 2316 521 2370; x_wconf 89' lang='lat' dir='ltr'>incipiat.</span> <span class='ocrx_word' id='word_1_240' title='bbox 584 2317 679 2372; x_wconf 88' lang='lat' dir='ltr'>Ego</span> <span class='ocrx_word' id='word_1_241' title='bbox 718 2319 856 2358; x_wconf 87' lang='lat' dir='ltr'>autem</span> <span class='ocrx_word' id='word_1_242' title='bbox 895 2330 1028 2369; x_wconf 88' lang='lat' dir='ltr'>usque</span> <span class='ocrx_word' id='word_1_243' title='bbox 1065 2330 1113 2357; x_wconf 92' lang='lat' dir='ltr'>eo</span> <span class='ocrx_word' id='word_1_244' title='bbox 1153 2331 1244 2356; x_wconf 89' lang='lat' dir='ltr'>sum</span> <span class='ocrx_word' id='word_1_245' title='bbox 1280 2317 1512 2369; x_wconf 85' lang='lat' dir='ltr'>enervatus,</span> 
     </span>
    </p>
   </div>
   <div class='ocr_carea' id='block_1_9' title="bbox 1534 875 1568 899">
    <p class='ocr_par' dir='ltr' id='par_1_9' title="bbox 1534 875 1568 899">
     <span class='ocr_line' id='line_1_35' title="bbox 1534 875 1568 899; baseline 0.029 -1"><span class='ocrx_word' id='word_1_246' title='bbox 1534 875 1568 899; x_wconf 84' lang='lat'>10</span> 
     </span>
    </p>
   </div>
   <div class='ocr_carea' id='block_1_10' title="bbox 1534 1166 1567 1192">
    <p class='ocr_par' dir='ltr' id='par_1_10' title="bbox 1534 1166 1567 1192">
     <span class='ocr_line' id='line_1_36' title="bbox 1534 1166 1567 1192; baseline 0.03 -1"><span class='ocrx_word' id='word_1_247' title='bbox 1534 1166 1567 1192; x_wconf 86' lang='lat'>15</span> 
     </span>
    </p>
   </div>
   <div class='ocr_carea' id='block_1_11' title="bbox 1534 1460 1568 1484">
    <p class='ocr_par' dir='ltr' id='par_1_11' title="bbox 1534 1460 1568 1484">
     <span class='ocr_line' id='line_1_37' title="bbox 1534 1460 1568 1484; baseline -0.029 0"><span class='ocrx_word' id='word_1_248' title='bbox 1534 1460 1568 1484; x_wconf 66' lang='grc' dir='ltr'>ΞΟ</span> 
     </span>
    </p>
   </div>
   <div class='ocr_carea' id='block_1_12' title="bbox 1534 1856 1568 1881">
    <p class='ocr_par' dir='ltr' id='par_1_12' title="bbox 1534 1856 1568 1881">
     <span class='ocr_line' id='line_1_38' title="bbox 1534 1856 1568 1881; baseline 0.029 -1"><span class='ocrx_word' id='word_1_249' title='bbox 1534 1856 1568 1881; x_wconf 86' lang='grc'>25</span> 
     </span>
    </p>
   </div>
   <div class='ocr_carea' id='block_1_13' title="bbox 1626 0 1665 2553">
    <p class='ocr_par' dir='ltr' id='par_1_13' title="bbox 1626 0 1665 2553">
     <span class='ocr_line' id='line_1_39' title="bbox 1626 0 1665 2553; baseline 0 0"><span class='ocrx_word' id='word_1_250' title='bbox 1626 0 1665 2553; x_wconf 95' lang='lat' dir='ltr'> </span> 
     </span>
    </p>
   </div>
  </div>
 </body>
</html>
