1665 2553
203 64 291 106 522
633 63 681 98 Μ.
704 63 844 98 TULLI
871 62 1119 98 CICERONIS

204 159 450 201 necessaria.
518 158 629 200 Volo
676 158 786 200 enim
830 158 1123 200 testimonium
1165 157 1246 199 hoc
1289 157 1370 198 tibi
1413 156 1546 198 videri

204 218 350 272 potius
390 233 517 272 quam
549 217 785 271 epistulam.
847 216 1009 258 Auctus
1040 216 1203 258 Antoni
1235 216 1438 257 beneficio
1470 217 1545 257 est.

205 277 314 318 Eius
355 277 490 331 ipsius
533 275 726 317 beneficii
766 290 921 330 magna
960 291 1058 330 pars
1105 291 1129 316 a
1168 278 1210 316 te
1255 277 1330 316 est.
1396 273 1546 328 Itaque

162 368 180 377 „
209 350 304 376 eum
336 336 463 376 salvis
496 335 619 376 nobis
652 334 780 375 vellet
813 335 986 375 salvum.
1036 334 1087 375 111
1119 349 1214 375 eum
1241 336 1383 374 autem
1407 333 1547 374 locum

207 409 296 435 rem
340 394 562 435 adductam
600 393 812 447 intellegit
850 394 934 448 (est
973 393 1101 447 enim,
1144 395 1192 433 ut
1231 392 1330 447 scis,
1372 392 1546 433 minime
1584 407 1600 433 5

208 451 406 508 stultus),
448 455 496 493 ut
539 452 709 505 utrique
754 452 856 492 salvi
904 466 994 493 esse
1030 466 1117 492 non
1153 451 1331 505 possint.
1398 450 1546 504 Itaque

206 526 286 552 nos
318 511 497 566 mavult3
529 511 579 551 de
610 513 652 551 te
683 525 781 551 vero
815 510 1066 552 amicissime
1100 512 1140 551 et
1174 510 1364 564 loquitur
1390 511 1431 550 et
1457 523 1547 550 sen-

207 570 273 611 tit.
336 569 490 623 Quare,
528 570 563 610 si
601 569 696 623 quis
736 583 854 610 secus
887 569 938 610 ad
970 572 1011 610 te
1042 568 1091 610 de
1124 583 1171 609 eo
1204 568 1373 622 scripsit
1405 570 1478 608 aut
1510 566 1547 608 si

209 643 350 669 coram
383 629 551 669 locutus
585 625 660 683 est,
691 630 789 681 peto
824 643 847 668 a
878 630 920 668 te
954 628 1080 668 etiam
1112 630 1238 681 atque
1271 627 1410 682 etiam,
1440 625 1546 667 mihi

208 689 257 727 ut
287 687 431 741 potius
464 687 618 741 credas,
652 687 725 740 qui
752 689 794 727 et
819 686 984 727 facilius
1010 686 1194 727 iudicare
1219 700 1393 739 possum
1420 699 1546 739 quam
1566 701 1599 726 10
1664 694 1665 697 ’

208 745 280 786 ille
317 745 457 787 nescio
497 746 590 799 quis
631 748 672 786 et
704 747 746 785 te
778 745 873 798 plus
906 745 1049 799 diligo.
1111 743 1304 785 Clodium
1335 743 1416 784 tibi
1448 743 1547 784 ami-

208 804 425 845 cissimum
468 804 663 845 existima
695 803 911 857 civemque
944 803 1090 857 talem,
1129 803 1266 857 qualis
1299 805 1341 844 et
1371 802 1547 857 pruden-

208 863 400 904 tissimus
435 865 476 903 et
509 863 681 904 fortuna
713 862 875 916 optima
909 876 998 903 esse
1030 862 1164 903 debet.

852 979 905 1021 ΙΙ.

445 1060 519 1096 Ser.
541 1060 678 1095 Romae
703 1060 784 1095 circ.
806 1060 880 1094 III
901 1059 948 1094 K.
970 1060 1054 1094 Iun.
1076 1071 1109 1093 α.
1131 1061 1199 1094 711
1228 1061 1317 1104 (4.3).
1566 1064 1600 1090 15

639 1141 807 1177 CICERO
834 1141 993 1175 BRUTO
1021 1141 1118 1176 SAL.

300 1212 467 1268 Scripta
516 1216 559 1254 et
611 1214 837 1268 obsignata
880 1213 964 1254 iam
1009 1213 1191 1267 epistula
1233 1212 1400 1253 litterae
1442 1211 1548 1252 mihi

210 1272 397 1313 redditae
439 1274 538 1312 sunt
578 1287 601 1312 a
638 1275 680 1313 te
718 1272 866 1325 plenae
903 1286 1044 1312 rerum
1080 1286 1306 1325 novarum,
1346 1270 1547 1311 maxime-

212 1345 292 1385 que
332 1330 526 1372 mirabile
557 1330 825 1371 Dolabellam
857 1330 1043 1384 quinque
1075 1329 1270 1370 cohortes
1304 1329 1470 1370 misisse
1502 1329 1547 1369 in

211 1389 532 1431 Chersonesum.
597 1388 769 1430 Adeone
807 1388 937 1442 copiis
971 1388 1175 1443 abundat,
1214 1391 1278 1443 ut,
1322 1388 1358 1428 is
1392 1388 1464 1441 qui
1496 1402 1546 1428 ex
1566 1403 1600 1429 20

210 1447 314 1489 Asia
363 1448 508 1502 fugere
559 1447 794 1501 dicebatur,
842 1447 1060 1500 Europam
1103 1449 1300 1501 appetere
1343 1446 1546 1488 conetur?

211 1506 404 1561 Quinque
436 1509 577 1547 autem
610 1506 857 1547 cohortibus
891 1506 1089 1559 quidnam
1125 1520 1168 1546 se
1199 1506 1409 1546 facturum
1438 1504 1546 1545 arbi-

210 1568 348 1606 tratus
376 1568 451 1620 est,
472 1579 567 1606 cum
593 1567 640 1605 tu
660 1566 748 1619 †eo
771 1565 956 1618 quinque
981 1564 1180 1619 legiones,
1202 1564 1411 1618 optimum
1434 1563 1546 1617 equi-

210 1626 360 1679 tatum,
392 1624 575 1664 maxima
606 1623 764 1664 auxilia
794 1623 1003 1664 haberes?
1055 1622 1166 1672 Quas
1200 1622 1369 1677 quidem
1400 1622 1545 1663 cohor-

211 1685 274 1723 tes
313 1697 435 1736 spero
476 1682 561 1722 iam
592 1684 688 1722 tuas
721 1696 829 1737 esse,
869 1681 1070 1736 quoniam
1099 1682 1210 1722 latro
1241 1681 1312 1722 ille
1344 1683 1431 1721 tam
1463 1680 1544 1721 fuit
1565 1696 1597 1722 25

213 1741 392 1782 demens.
443 1740 581 1781 Tuum
612 1741 836 1781 consilium
862 1740 1130 1781 vehementer
1154 1740 1293 1794 laudo,
1323 1739 1435 1793 quod
1458 1753 1545 1780 non

211 1800 328 1853 prius
356 1799 584 1840 exercitum
598 1798 827 1853 Apollonia
845 1798 1195 1853 Dyrrhachioque
1214 1798 1398 1851 movisti,
1420 1812 1545 1852 quam

211 1858 261 1899 de
291 1857 454 1898 Antoni
493 1858 594 1912 fuga
631 1858 804 1914 audisti,
848 1857 972 1898 Bruti
1011 1858 1247 1911 eruptione,
1285 1856 1431 1910 populi
1461 1855 1545 1897 Ro-

211 1917 325 1957 mani
356 1916 544 1957 victoria.
606 1914 773 1970 Itaque,
812 1916 925 1969 quod
956 1916 1104 1956 scribis
1136 1918 1234 1969 post
1266 1930 1313 1956 ea
1345 1914 1544 1956 statuisse

211 1978 254 2015 te
286 1975 435 2015 ducere
467 1974 696 2015 exercitum
729 1975 773 2015 in
805 1973 1115 2015 Chersonesum
1145 1988 1221 2015 nec
1252 1973 1341 2028 pati
1374 1973 1544 2014 scelera-
1563 1989 1598 2014 30

209 2033 377 2074 tissimo
415 2033 531 2074 hosti
568 2033 751 2074 ludibrio
791 2047 880 2073 esse
919 2033 1142 2086 imperium
1173 2032 1321 2086 populi
1351 2031 1545 2086 Romani,

210 2092 313 2132 facis
346 2106 395 2132 ex
427 2094 501 2132 tua
533 2091 739 2146 dignitate
772 2094 812 2132 et
846 2105 893 2132 ex
925 2106 970 2132 re
1002 2091 1180 2144 publica.
1243 2090 1364 2138 Quod
1395 2090 1543 2131 scribis
1597 2143 1599 2146 Α

204 2150 260 2206 'de
294 2150 517 2205 seditione,
555 2164 661 2203 quae
692 2150 803 2190 facta
834 2152 897 2190 est
928 2150 972 2190 in
1003 2149 1169 2204 legione
1202 2151 1352 2203 quarta
1385 2148 1544 2189 decima

209 2206 372 2249 Antoni
404 2222 529 2250 causa
560 2207 623 2263 (in
655 2208 809 2249 bonam
840 2210 1004 2262 partem
1035 2206 1245 2264 accipies),
1276 2207 1411 2261 magis
1438 2206 1544 2248 mihi

208 2266 416 2320 probatur
446 2267 632 2307 militum
664 2267 867 2308 severitas
900 2281 1025 2321 quam
1057 2268 1140 2308 tua.
1563 2280 1596 2306 35
