1689 2572
444 672 807 720 ADNOTATIO
847 672 1109 719 CRITICA.

203 843 293 879 Cum
313 846 393 879 octo
415 855 528 877 annos
548 843 587 877 in
608 843 759 877 edendis
780 843 962 877 Tullianis
983 843 1129 888 scriptis
1151 854 1352 878 cessassem
1371 856 1438 880 nec

110 904 220 926 ausus
255 902 372 926 essem
396 891 555 935 priorem
580 892 723 934 partem
749 890 992 934 epistularum
1017 891 1196 934 emittere,
1222 892 1439 935 priusquam

109 938 384 974 Mendelssohni
411 937 474 970 diu
500 938 695 981 expectata
721 937 835 971 editio
862 937 1017 979 exisset,
1043 937 1118 971 iam
1142 949 1240 972 nunc
1267 938 1305 972 in
1331 941 1438 973 tanta

110 987 310 1030 apparatus
337 984 456 1018 critici
474 983 601 1028 inopia
621 983 779 1017 alterum
798 983 967 1017 volumen
988 984 1095 1018 edere
1115 985 1278 1018 animum
1296 985 1437 1029 induxi,

109 1033 206 1076 quod
232 1042 351 1075 neque
376 1042 458 1075 spes
485 1033 565 1064 erat
582 1030 953 1064 Mendelssohnianae
974 1030 1132 1065 similem
1150 1032 1281 1065 harum
1301 1032 1437 1076 epistu-

109 1080 229 1113 larum
254 1078 456 1112 editionem
479 1088 537 1111 me
562 1077 725 1111 visurum
751 1087 845 1119 esse,
879 1079 916 1111 et
941 1078 1039 1120 quod
1065 1078 1113 1111 ad
1138 1078 1436 1123 interpretandas
1489 1072 1497 1075 ”

111 1129 147 1160 et
178 1125 427 1160 emendandas
459 1124 638 1169 epistulas
671 1124 720 1157 ad
744 1124 909 1158 Atticum
940 1126 978 1158 et
1008 1125 1056 1158 ad
1081 1125 1237 1159 Brutum
1260 1126 1436 1169 proximis

109 1172 236 1207 lustris
269 1171 472 1216 complures
504 1171 573 1204 viri
605 1171 705 1205 docti
729 1172 875 1204 tantum
900 1171 1150 1215 profecerunt,
1182 1173 1224 1206 ut
1249 1183 1344 1215 eum,
1375 1173 1438 1216 qui

111 1220 309 1264 diligenter
340 1229 465 1253 eorum
496 1218 620 1252 studia
651 1218 690 1251 in
722 1229 828 1251 suum
852 1229 959 1251 usum
985 1219 1214 1262 converterit,
1245 1230 1318 1253 non
1345 1220 1438 1253 diffi-

111 1267 179 1301 cile
219 1266 268 1300 sit
302 1265 414 1310 paulo
454 1264 721 1299 emendatiores
760 1264 826 1298 has
865 1265 1044 1309 epistulas
1084 1265 1206 1309 edere,
1245 1277 1357 1309 quam
1388 1266 1438 1300 le-

110 1315 247 1358 guntur
282 1313 322 1346 in
358 1312 404 1346 iis
444 1311 686 1354 editionibus,
722 1311 856 1354 quibus
888 1323 985 1346 nunc
1021 1311 1175 1355 utimur3
1215 1324 1439 1356 quamquam

112 1360 265 1394 dubium
290 1370 363 1393 non
388 1360 454 1401 est,
481 1358 570 1402 quin
595 1358 760 1392 futurum
786 1358 835 1392 sit
858 1360 901 1392 ut
924 1369 997 1392 non
1016 1370 1136 1403 pauca
1154 1359 1286 1393 melius
1308 1362 1345 1394 et
1364 1371 1438 1394 cer-

110 1407 184 1441 tius
210 1406 368 1440 iudicari
393 1405 548 1450 possint,
575 1417 657 1439 cum
682 1405 825 1439 codices
845 1405 989 1449 plenius
1011 1407 1048 1440 et
1067 1406 1275 1440 accuratius
1296 1408 1438 1441 excussi

112 1454 202 1495 sint
232 1453 272 1486 id
297 1453 396 1496 quod
419 1452 511 1485 mihi
535 1452 575 1485 in
599 1452 645 1486 iis
671 1452 830 1486 maxime
856 1452 1025 1496 epistulis
1051 1453 1240 1497 apparuit
1274 1454 1321 1487 ad
1347 1465 1438 1497 quas

111 1500 333 1534 Lehmann
359 1500 396 1533 et
414 1499 533 1532 Andr
541 1509 644 1533 esen
663 1499 703 1532 in
720 1499 994 1533 Hofmanniana
1014 1499 1257 1544 epistularum
1276 1500 1439 1535 editione

110 1546 314 1580 Lehmanni
345 1548 564 1599 apparatum
595 1545 764 1580 criticum
795 1546 1041 1590 divulgar.unt
1091 1546 1204 1580 Velut
1233 1559 1268 1591 p.
1297 1551 1438 1582 19416

110 1605 183 1627 11011
219 1594 307 1627 mihi
343 1594 433 1636 ipse,
472 1593 536 1626 sed
567 1593 641 1636 ipse
672 1593 759 1626 mihi
790 1593 1033 1637 scripsissem,
1065 1593 1138 1627 nisi
1172 1604 1194 1627 a
1225 1593 1438 1629 Lehmanno

114 1640 327 1674 didicissem
350 1639 447 1673 illud
472 1649 550 1673 esse
575 1639 614 1672 in
640 1639 743 1673 codd
764 1639 870 1673 NOP.

203 1686 315 1729 Nam,
349 1686 514 1729 quamvis
546 1686 664 1719 multa
696 1686 810 1719 dubia
841 1686 916 1720 sint
939 1686 997 1720 vel
1021 1686 1285 1731 improbabilia
1311 1698 1356 1721 ex
1380 1687 1438 1730 iis,

111 1744 206 1776 quae
230 1733 457 1767 Lehmann
490 1733 550 1766 ‘de
577 1731 760 1767 Ciceronis
787 1733 835 1766 ad
859 1733 1026 1767 Atticum
1052 1733 1221 1778 epistulis
1247 1744 1437 1768 recensen-

111 1780 168 1814 dis
194 1781 232 1814 et
256 1779 509 1813 emendandis’
537 1779 766 1813 Berol.1892
794 1779 1009 1824 disputarit
1035 1791 1099 1833 pio
1127 1782 1224 1814 certo
1244 1780 1336 1813 mihi
1355 1792 1437 1825 pro-

110 1826 214 1860 bavit
233 1837 352 1860 errare
372 1837 445 1868 eos
470 1826 534 1869 qui
555 1826 673 1860 codic-i
691 1826 855 1860 Mediceo
876 1830 930 1861 49
947 1831 989 1860 18
1009 1827 1073 1860 11111
1093 1829 1239 1860 tantum
1257 1826 1438 1870 tribuunt,

110 1877 153 1907 ut
190 1875 328 1907 ceteros
365 1883 453 1917 prae
485 1883 526 1906 eo
559 1875 811 1915 contemnant,
844 1873 944 1907 velut
976 1873 1015 1908 O.
1046 1873 1085 1907 E.
1115 1873 1319 1907 Schmidt
1352 1873 1439 1908 ‘Der

111 1919 371 1953 Briefwechsel
402 1919 465 1953 des
491 1919 538 1953 M.
560 1919 702 1953 Tullius
730 1919 868 1954 Cicero’
903 1922 969 1954 etc.
1008 1920 1160 1963 Leipzig
1181 1923 1269 1953 1893
1296 1932 1330 1964 p.
1351 1924 1436 1955 451:

114 1966 184 2000 ‘Da
215 1966 293 2000 sich
317 1965 467 2000 EOPRZ
501 1966 555 1999 als
581 1966 849 2010 interpolierte,
886 1978 951 2000 aus
979 1967 1098 2000 einem
1123 1966 1438 2001 kontaminierten

112 2013 341 2057 Archetypus
368 2012 593 2057 abgeleitete
617 2013 712 2047 Hdn.
741 2013 917 2047 erwiesen
942 2013 1081 2054 haben,
1114 2024 1183 2046 von
1208 2012 1256 2045 W
1281 2025 1350 2047 nur
1375 2025 1436 2059 ge-

111 2059 215 2103 ringe
228 2059 479 2093 Bruchstiicke
492 2059 602 2104 fibrig
617 2060 710 2103 sind,
723 2060 786 2094 der
801 2060 875 2094 alte
891 2060 1068 2094 deutsche
1081 2058 1202 2093 Codex
1216 2058 1436 2095 Cratanders

113 2105 275 2139 verloren
305 2106 365 2149 ist,
393 2106 523 2140 dessen
547 2106 724 2140 Lesarten
757 2106 845 2140 aber
875 2107 913 2140 in
941 2105 965 2140 C
991 2106 1060 2140 mit
1084 2106 1337 2150 Konjekturen
1361 2108 1438 2141 und

113 2152 424 2196 Interpolationen
461 2164 526 2186 aus
557 2153 741 2197 jungeren
777 2153 1037 2187 italienischen
1067 2153 1356 2188 Handschriften
1393 2166 1437 2187 zu

114 2198 214 2232 einer
232 2198 369 2233 schwer
387 2199 559 2233 losbaren
573 2199 847 2234 Gemeinschaft
862 2199 1133 2233 verschmolzen
1147 2199 1240 2243 sind,
1256 2200 1303 2234 da
1316 2200 1438 2234 ferner

114 2245 207 2279 auch
238 2245 302 2279 der
325 2245 544 2280 Veronensis
578 2247 654 2280 und
678 2247 869 2280 Petrarcas
896 2246 1087 2280 Abschrift
1113 2247 1247 2280 daraus
1272 2247 1438 2281 verloren

113 2292 211 2336 sind,
245 2302 287 2325 so
319 2291 467 2327 bleibt
498 2293 577 2326 der
607 2293 718 2327 Text
749 2304 830 2327 von
862 2293 916 2326 Ml
949 2293 1014 2327 als
1048 2293 1124 2327 der
1157 2293 1333 2338 einzige
1366 2305 1436 2327 zu-

1183 2352 1227 2385 a*
