1665 2553
290 92 632 128 EPISTULARUM
657 92 722 126 AD
749 92 964 127 ATTICUM
989 92 1072 126 XIII
1099 96 1154 136 27,
1181 96 1236 127 28.
1359 93 1444 134 415

678 221 875 263 XXVIII.

315 292 388 327 Ser.
410 292 451 326 in
479 292 685 326 Tusculano
717 292 799 325 VH
819 292 866 325 K.
888 292 972 325 Iun.
994 303 1026 325 a.
1050 293 1121 326 709
1149 294 1238 335 (45).

511 361 702 396 CICERO
725 361 917 396 ATTICO
943 361 1050 396 SAL.

198 422 359 463 Hortos
386 422 583 476 quoniam
610 422 734 462 hodie
760 436 851 463 eras
877 422 1154 476 inspecturus,
1182 421 1281 475 quid
1308 422 1445 462 visum

75 499 91 524 5
111 482 191 522 tibi
224 482 290 533 sit,
323 495 413 522 cras
446 481 615 522 scilicet.
664 479 728 521 De
759 479 936 521 Faberio
969 483 1120 532 autem,
1152 495 1246 521 cum
1272 481 1444 521 venerit.

112 540 175 581 De
207 540 389 594 epistula
421 539 471 580 ad
504 538 742 592 Caesarem,
774 539 913 580 iurato
944 538 1048 579 mihi
1081 539 1211 593 crede,
1236 554 1322 580 non
1354 553 1442 593 pos-

114 614 223 653 sum3
253 613 328 639 nee
360 613 425 639 me
456 598 676 651 turpitudo
711 598 902 650 deterret,
935 598 1015 638 etsi
1047 598 1229 638 maxime
1255 598 1444 639 debebat.

113 656 246 706 Quam
285 657 396 698 enim
432 657 571 710 turpis
613 659 676 697 est
714 656 967 709 adsentatio,
1006 671 1099 697 cum
1136 656 1282 709 vivere
1306 657 1446 710 ipsum

113 719 237 770 turpe
268 716 324 756 sit
354 715 494 756 nobis!
546 715 638 769 Sed,
669 718 716 755 ut
748 715 878 769 coepi,
907 729 995 756 non
1025 729 1091 755 me
1121 714 1201 755 hoc
1232 717 1355 769 turpe
1382 715 1447 756 de-

60 792 93 817 10
112 777 254 815 terret.
305 774 367 815 Ac
398 774 547 814 vellem
581 773 748 827 quidem
775 772 927 828 (essem
957 773 1080 826 enim,
1113 773 1185 827 qui
1211 788 1300 814 esse
1327 774 1446 815 debe-

113 832 243 887 bam),
275 833 346 873 sed
378 833 421 873 in
453 835 636 873 mentem
667 832 776 872 nihil
808 832 933 872 venit.
983 831 1106 886 Nam,
1139 846 1246 885 quae
1272 836 1370 873 suut
1397 832 1447 873 ad

112 891 399 932 Alexandrum
436 891 656 932 hominum
693 890 981 944 eloquentium
1019 893 1061 930 et
1098 890 1316 931 doctorum
1357 906 1447 931 sua-

115 950 265 1004 siones,
290 950 418 1002 vides,
445 950 599 1003 quibus
626 950 671 990 in
696 949 821 990 rebus
849 952 1078 989 versentur.
1123 949 1447 990 Adulescentem

114 1009 331 1050 incensum
368 1008 597 1062 cupiditate
634 1008 875 1049 verissimae
907 1008 1065 1062 gloriae
1096 1008 1334 1061 cupientem
1367 1007 1448 1048 sibi

61 1085 94 1110 15
116 1067 274 1121 aliquid
306 1067 470 1108 consilii
503 1067 603 1119 dari,
636 1066 748 1120 quod
780 1067 831 1106 ad
862 1066 1027 1106 laudem
1058 1066 1356 1119 sempiternam
1381 1081 1448 1107 va-

113 1126 230 1180 leret,
275 1125 551 1166 cohortantur
596 1125 647 1165 ad
685 1125 819 1166 decus.
881 1124 982 1165 Non
1018 1124 1133 1165 deest
1173 1125 1326 1178 oratio,
1370 1139 1447 1179 ego

115 1184 216 1238 quid
258 1184 462 1238 possum?
511 1183 669 1224 Tamen
711 1183 852 1224 nescio
898 1183 998 1236 quid
1037 1197 1058 1223 e
1097 1197 1252 1236 quercu
1291 1183 1448 1224 exscul-

114 1257 300 1297 pseram,
338 1243 450 1296 quod
486 1242 699 1283 videretur
733 1242 868 1282 simile
901 1241 1126 1282 simulacri.
1188 1241 1236 1282 In
1270 1256 1317 1283 eo
1351 1242 1450 1295 quia

113 1316 199 1342 non
229 1301 347 1342 nulla
378 1303 497 1341 erant
528 1300 654 1354 paulo
687 1301 863 1341 meliora
895 1315 1021 1354 quam
1052 1314 1111 1354 ea,
1143 1314 1249 1353 quae
1275 1300 1383 1340 fiunt
1409 1303 1450 1341 et

61 1378 96 1402 20
115 1360 225 1401 facta
258 1362 370 1414 sunt,
400 1359 782 1413 reprehenduntur,
814 1359 928 1412 quod
958 1373 1023 1399 me
1052 1359 1224 1399 minime
1251 1359 1449 1412 paenitet.

117 1417 162 1459 Si
202 1417 313 1458 enim
350 1419 640 1471 pervenissent
677 1418 782 1458 istae
822 1418 1008 1471 litterae,
1051 1417 1155 1457 mihi
1195 1417 1331 1470 crede,
1374 1432 1450 1458 nos

116 1476 358 1530 paeniteret.
421 1475 559 1524 Quid?
608 1479 656 1516 tu
692 1490 779 1517 non
817 1476 932 1516 vides
965 1476 1105 1529 ipsum
1136 1475 1257 1516 illum
1288 1475 1450 1516 Aristo-

116 1535 191 1575 teli
246 1534 498 1587 discipulum
554 1549 716 1575 summo
766 1534 956 1588 ingenio,
1011 1548 1173 1574 summa
1233 1534 1452 1588 modestia,

117 1595 394 1646 posteaquam
432 1607 504 1632 rex
544 1592 780 1645 appellatus
820 1593 897 1646 sit,
941 1592 1188 1645 superbum,
1231 1592 1451 1645 crudelem,

64 1669 97 1694 25
118 1651 441 1692 immoderatum
469 1651 630 1691 fuisse?
681 1650 817 1698 Quid?
867 1654 914 1690 tu
945 1650 1056 1690 hunc
1089 1651 1138 1690 de
1169 1664 1324 1703 pompa
1356 1651 1451 1698 Qui-

117 1710 201 1750 rini
232 1709 577 1750 contubernalem
609 1708 675 1748 his
706 1709 865 1749 nostris
897 1708 1125 1749 moderatis
1152 1708 1343 1761 epistulis
1372 1709 1452 1749 lae-

118 1771 307 1809 taturum
338 1768 492 1821 putas‘.>
536 1766 612 1807 Ille
643 1781 740 1807 vero
773 1767 915 1820 potius
945 1781 1028 1807 non
1064 1767 1219 1820 scripta
1248 1766 1452 1807 desideret

120 1841 246 1880 quam
287 1826 443 1879 scripta
474 1839 559 1866 non
591 1825 751 1878 probet.
813 1824 1031 1865 Postremo
1065 1827 1112 1864 ut
1144 1825 1268 1865 volet.
1331 1824 1451 1865 Abiit

120 1885 243 1938 illud,
292 1884 405 1938 quod
448 1887 540 1924 tum
586 1898 651 1924 me
699 1883 965 1937 stimulabat,
1011 1897 1138 1936 quom
1177 1883 1258 1923 tibi
1302 1883 1451 1924 dabam

66 1961 101 1985 30
120 1944 347 1997 πρόβλημα
374 1942 685 1996 Ἀρχιμήδειον.
740 1941 877 1982 Multo
910 1940 1145 1981 mehercule
1176 1942 1311 1995 magis
1343 1956 1453 1982 nunc

122 2004 221 2054 opto
272 2015 415 2041 casum
459 2001 598 2054 illum,
647 2014 771 2053 quem
815 2003 907 2040 tum
950 2000 1171 2053 timebam,
1220 2000 1286 2040 vel
1330 2015 1454 2053 quem

120 2059 282 2100 libebit.

208 2116 304 2157 Nisi
349 2116 448 2169 quid
488 2119 530 2157 te
574 2116 685 2156 aliud
730 2116 945 2169 impediet,
989 2116 1047 2156 mi
1092 2118 1237 2169 optato
1277 2116 1452 2156 veneris.

121 2175 267 2216 Nicias
300 2190 323 2215 a
353 2174 575 2215 Dolabella
606 2188 759 2228 magno
793 2189 916 2227 opere
949 2174 1173 2214 arcessitus
1207 2174 1309 2228 (legi
1342 2174 1454 2214 enim

69 2251 103 2276 35
122 2232 307 2288 litteras)
338 2233 416 2273 etsi
448 2233 582 2273 invito
615 2247 680 2273 me
712 2236 853 2273 tamen
884 2232 1028 2273 eodem
1060 2246 1125 2272 me
1158 2235 1329 2272 auctore
1355 2247 1454 2286 pro-

123 2293 256 2333 fectus
289 2294 363 2332 est.

1473 551 1491 580 w

1477 1487 1496 1515 ΕΟ
