1665 2553
190 120 216 160 2
223 119 275 160 78
618 119 665 153 Μ.
694 118 835 152 TULLI
862 116 1112 152 CICERONIS

191 216 277 256 tuit
303 215 529 269 attendere,
562 229 774 256 sermones
801 214 999 267 minaces,
1032 213 1225 253 inimicos
1253 213 1537 270 optimatium,

190 274 519 327 municipiorum
551 273 708 328 hostes,
740 287 876 313 meras
904 271 1248 326 proscriptiones,
1278 286 1416 313 meros
1443 271 1534 313 Sul-

191 333 273 387 las3
307 347 412 387 quae
444 331 671 372 Lucceium
701 332 833 386 loqui,
865 345 971 385 quae
1003 333 1139 371 totam
1165 329 1395 386 Graeciam,
1428 345 1534 385 quae

194 406 293 432 vero
338 391 655 444 Theophanem}
705 390 764 431 Et
803 393 947 431 tamen
991 389 1126 430 omnis
1165 403 1259 442 spes
1301 389 1450 431 salutis
1489 391 1535 430 in

193 451 280 490 illis
313 453 389 503 est,
421 453 462 490 et
495 464 571 504 ego
606 449 765 490 excubo
800 449 939 489 animo
965 463 1042 489 nec
1067 450 1230 502 partem
1256 448 1387 488 ullam
1415 449 1533 502 capio
1572 465 1588 491 5

194 509 347 563 quietis
386 511 447 563 et,
484 512 530 548 ut
572 508 648 549 has
682 511 821 561 pestes
855 507 1073 561 effugiam,
1112 521 1206 547 cum
1238 506 1533 548 dissimillimis

191 568 330 608 nostri
363 582 452 607 esse
485 567 626 620 cupio!
672 566 781 615 Quid
813 567 924 607 enim
956 569 1004 606 tu
1035 565 1122 606 illic
1149 565 1401 618 Scipionem,
1434 566 1534 620 quid

191 625 414 681 Faustum,
455 626 555 679 quid
581 625 793 666 'Libonem
830 625 1228 679 praetermissurum
1261 624 1429 665 sceleris
1461 640 1535 678 pu-

191 688 275 740 tas,
314 699 495 738 quorum
534 685 761 725 creditores
803 683 1026 724 convenire
1059 683 1284 724 dicuntur?
1330 683 1430 737 quid
1463 697 1533 724 eos

193 747 352 797 autem,
391 758 485 784 cum
523 744 718 797 vicerint,
754 744 800 783 in
831 743 941 783 cives
974 742 1225 783 effecturos‘.>
1276 756 1401 796 quam
1433 756 1532 783 vero
1553 760 1587 784 10

191 805 487 856 μικροψυχίαν
519 801 652 842 Gnaei
691 802 830 843 nostri
867 801 986 842 esse‘?
1035 799 1249 841 Nuntiant
1288 800 1535 856 Aegyptum

191 863 232 901 et
264 861 467 901 Arabiam
500 861 738 915 εὐδαίμονα
771 863 812 901 et
844 862 1188 914 Μεσοποταμίαν
1220 860 1419 914 cogitare,
1451 860 1534 914 ἨΠ

189 918 442 973 Hispaniam
471 920 682 961 abiecisse.
734 919 927 960 Monstra
952 921 1145 973 narrant3
1179 932 1285 972 quae
1309 918 1416 959 falsa
1442 932 1533 959 esse

190 981 385 1034 possunt,
419 978 490 1019 sed
522 982 633 1019 certe
665 981 707 1019 et
739 978 840 1019 haec
872 978 1037 1031 perdita
1069 979 1168 1018 sunt
1195 980 1236 1017 et
1262 977 1336 1017 illa
1360 991 1448 1018 non
1473 992 1533 1018 sa-

189 1037 357 1078 lutaria.
421 1037 531 1077 Tuas
573 1037 738 1078 litteras
771 1037 854 1077 iam
887 1036 1088 1077 desidero.
1150 1035 1253 1076 Post
1285 1036 1430 1090 fugam
1461 1050 1534 1077 no·
1554 1055 1587 1080 15

190 1098 323 1136 stram
362 1110 594 1149 numquam
632 1099 718 1136 tam
751 1096 926 1150 longum
959 1110 1102 1135 earum
1134 1094 1405 1135 intervallum
1440 1095 1532 1135 fuit.

188 1153 289 1195 Misi
323 1154 373 1194 ad
405 1157 447 1194 te
479 1155 718 1207 exemplum
742 1154 983 1195 litterarum
1009 1168 1196 1194 mearum
1223 1152 1274 1193 ad
1301 1151 1534 1208 Caesarem,

191 1213 345 1266 quibus
379 1227 444 1253 me
477 1213 639 1266 aliquid
670 1213 960 1266 profecturum
992 1215 1106 1265 puto.

835 1329 884 1370 A.

524 1410 598 1445 Scr.
621 1411 659 1444 in
686 1410 885 1444 Formiano
912 1409 1016 1443 XIV
1038 1409 1086 1443 K.
1107 1409 1200 1453 Apr.
1553 1418 1588 1442 20

478 1491 646 1526 CICERO
673 1492 769 1526 IMP.
792 1491 826 1526 S.
847 1491 888 1525 D.
912 1490 1121 1525 CAESARI
1146 1491 1241 1525 IMP.

278 1564 337 1605 Ut
375 1564 460 1618 legi
498 1567 593 1604 tuas
631 1563 814 1616 litteras,
854 1577 957 1616 quas
998 1578 1021 1604 a
1052 1562 1211 1603 Furnio
1244 1565 1390 1603 nostro
1424 1577 1533 1604 acce-

188 1638 344 1678 peram,
378 1623 531 1677 quibus
564 1636 727 1662 mecum
760 1622 926 1677 agebas,
957 1624 1004 1662 ut
1038 1622 1089 1662 ad
1120 1621 1268 1662 urbem
1301 1635 1451 1674 essem,
1489 1624 1531 1663 te

188 1682 296 1723 velle
339 1682 403 1722 uti
449 1681 682 1722 ‘consilio
722 1684 767 1721 et
808 1681 1064 1734 dignitate
1102 1680 1229 1720 mea'·
1259 1679 1400 1720 minus
1439 1694 1532 1720 sum

189 1741 439 1794 admiratus3
479 1740 527 1780 de
567 1739 763 1794 ‘gratia’
805 1742 845 1779 et
885 1740 933 1779 de
972 1739 1093 1793 ‘ope’
1133 1738 1233 1792 quid
1272 1738 1531 1792 significares
1553 1756 1585 1781 25

189 1814 353 1840 mecum
385 1799 475 1852 ipse
509 1798 781 1852 quaerebam,
820 1812 892 1851 spe
924 1801 1065 1838 tamen
1097 1796 1328 1837 deducebar
1360 1796 1412 1837 ad
1441 1811 1532 1838 eam

190 1858 504 1912 cogitationem,
536 1860 583 1898 ut
616 1860 657 1897 te
688 1871 764 1910 pro
797 1859 870 1897 tua
902 1856 1139 1896 admirabili
1166 1870 1212 1901 ac
1237 1855 1444 1910 singulari
1471 1870 1531 1896 sa-

189 1917 349 1970 pientia
381 1917 430 1956 de
463 1916 563 1969 otio,
596 1915 645 1956 de
677 1929 788 1969 pace,
821 1915 870 1955 de
903 1915 1124 1955 concordia
1150 1914 1305 1955 civium
1331 1914 1400 1968 agi
1426 1914 1532 1955 velle

190 1975 439 2029 arbitrarer,
478 1977 519 2015 et
552 1974 603 2014 ad
636 1988 726 2014 eam
757 1974 967 2014 rationem
1000 1972 1295 2013 existimabam
1327 1973 1430 2013 satis
1463 1987 1532 2026 ap-
1644 2014 1647 2023 Δ

189 2036 277 2074 tam
311 2048 399 2074 esse
432 2036 473 2073 et
504 2036 701 2073 naturam
733 2034 774 2072 et
807 2046 1030 2085 personam
1060 2046 1206 2072 meam.
1257 2030 1378 2079 Quod
1410 2031 1446 2071 si
1471 2031 1531 2071 ita
1551 2048 1585 2073 30
1644 2028 1647 2079 }

191 2094 267 2145 est,
300 2095 340 2132 et
375 2092 410 2132 si
444 2106 526 2145 qua-
559 2091 607 2131 de
633 2090 834 2144 Pompeio
867 2093 1013 2131 nostro
1043 2089 1199 2130 tuendo
1228 2092 1269 2130 et
1294 2089 1375 2130 tibi
1401 2103 1447 2130 ac
1472 2090 1533 2130 rei
1643 2096 1647 2108 ⁴

189 2150 384 2203 publicae
415 2149 723 2190 reconciliando
750 2163 850 2189 cura
875 2152 917 2189 te
944 2149 1130 2202 attingit,
1161 2148 1297 2202 magis
1324 2148 1532 2201 idoneum,

191 2222 316 2260 quam
356 2222 432 2262 ego
473 2223 584 2262 sum,
622 2207 673 2248 ad
706 2221 796 2248 eam
829 2221 997 2247 causam
1028 2207 1219 2260 profecto
1251 2206 1433 2260 reperies
1465 2220 1533 2246 ne-

189 2266 359 2319 minem,
392 2266 465 2319 qui
497 2269 538 2306 et
571 2266 634 2306 illi
667 2280 831 2319 semper
858 2268 898 2306 et
926 2265 1103 2319 senatui,
1134 2279 1228 2306 cum
1253 2265 1437 2318 primum
1461 2279 1533 2318 po-

189 2324 271 2377 tui,
316 2325 430 2377 pacis
476 2328 622 2365 auctor
664 2325 726 2365 sui
762 2338 838 2365 nec
877 2323 1058 2377 sumptis
1098 2324 1224 2364 armis
1263 2322 1363 2364 belli
1402 2323 1532 2363 ullam
1552 2338 1586 2365 35
