1665 2553
174 1221 191 1249 1

467 576 542 629 M.
575 576 827 629 TULLI
863 575 1312 629 CICERONIS

389 681 900 729 EPISTULARUM
944 682 1034 728 AD
1079 682 1400 728 ATTICUM

502 784 676 826 LIBER
709 784 977 834 QUARTUS
1010 784 1278 827 DECIMUS.

879 971 908 1014 Ι.

362 1054 434 1088 Ser.
456 1054 497 1088 in
520 1054 728 1087 suburbano
754 1053 856 1087 Mati
888 1053 968 1087 VII
986 1053 1043 1086 Id.
1064 1053 1154 1096 Apr.
1177 1065 1209 1087 a.
1233 1056 1303 1088 710
1331 1055 1419 1097 (44).
1600 1062 1615 1086 5

647 1133 815 1169 CICERO
844 1133 1015 1168 ATTICO
1044 1133 1141 1169 SAL.

308 1206 482 1247 Deverti
515 1206 566 1246 ad
592 1206 725 1258 illum,
757 1205 807 1246 de
840 1220 922 1259 quo
955 1208 1094 1246 tecum
1123 1220 1257 1247 mane.
1320 1205 1441 1247 Nihil
1472 1221 1562 1261 per-

222 1265 369 1319 ditius3
402 1264 602 1319 explicari
639 1279 727 1304 rem
764 1278 851 1304 11011
883 1278 1018 1317 posse.
1077 1264 1282 1319 ς1116111111,
1321 1265 1356 1305 si
1388 1265 1459 1306 ille
1485 1266 1562 1306 tali

219 1324 389 1377 ingenio
425 1323 585 1363 exitum
628 1337 715 1363 non
751 1322 1005 1376 reperiebat,
1050 1323 1143 1375 quis
1187 1337 1299 1363 1111116
1336 1324 1561 1377 reperiet‘?'

220 1381 329 1430 Quid
370 1382 566 1435 quaeris?
599 1381 760 1434 perisse
799 1381 938 1421 omnia
976 1381 1116 1421 aiebat
1155 1380 1288 1437 (quod
1324 1382 1437 1423 haud
1475 1383 1560 1424 scio
1582 1401 1615 1425 10

220 1455 273 1481 an
310 1440 370 1481 ita
401 1440 473 1494 sit3
511 1454 657 1480 verum
694 1439 765 1480 ille
802 1438 1010 1495 gaudens)
1050 1440 1384 1494 adfirmabatque
1418 1441 1562 1496 minus

220 1499 367 1539 diebus
399 1510 463 1539 XX
493 1498 725 1539 tumultum
758 1497 977 1538 Gallicum.
1039 1497 1091 1539 In
1123 1513 1358 1540 sermonem
1389 1514 1433 1540 se
1463 1502 1563 1554 post

218 1556 318 1598 Idus
344 1557 522 1598 Martias
554 1559 850 1611 praeterquam
874 1556 1033 1610 Lepido
1066 1557 1231 1598 venisse
1261 1558 1434 1599 nemini.
1495 1557 1562 1599 Ad

219 1630 428 1657 summam
466 1630 553 1656 non
596 1630 719 1669 posse
759 1615 889 1656 istaec
921 1616 990 1656 -sic
1034 1615 1161 1657 abire.
1231 1615 1265 1657 O
1310 1616 1561 1670 prudentem

219 1673 419 1728 Oppium!
453 1674 527 1728 qui
550 1674 684 1714 nihilo
711 1674 850 1714 minus
877 1674 998 1714 illum
1024 1674 1246 1730 desiderat,
1273 1675 1345 1715 sed
1370 1675 1562 1729 loquitur
1580 1692 1614 1718 15

217 1733 344 1787 nihil,
391 1733 503 1787 quod
550 1747 800 1787 quemquam
853 1733 1013 1773 bonum
1060 1732 1254 1774 offendat.
1331 1731 1412 1774 Sed
1459 1733 1562 1775 haec

217 1791 433 1832 hactenus.

307 1849 383 1905 Tu,
415 1864 582 1905 quaeso,
613 1849 811 1903 quicquid
841 1849 942 1890 novi
975 1847 1129 1904 (multa
1155 1852 1296 1890 autem
1328 1849 1562 1905 exspecto),

219 1908 399 1949 scribere
429 1923 481 1949 ne
512 1908 696 1962 pigrere,
733 1908 779 1948 in
808 1907 894 1962 his,
931 1907 980 1947 de
1021 1906 1149 1948 Sexto
1188 1907 1347 1948 satisne
1386 1911 1561 1964 certum,

218 1967 400 2007 maxime
431 1969 572 2008 autem
605 1967 653 2007 de
680 1966 813 2007 Bruto
844 1968 1005 2006 nostro.
1066 1965 1130 2006 De
1163 1980 1246 2019 quo
1276 1966 1454 2020 quidem,
1476 1967 1560 2022 ille,
1578 1985 1614 2008 20

219 2026 271 2065 ad
316 2040 439 2078 quem
482 2025 659 2080 deverti,
704 2023 926 2065 Caesarem
970 2023 1145 2065 solitum
1188 2024 1343 2065 dicere:
1401 2025 1561 2080 ‘Magni

217 2084 364 2137 refert,
403 2083 472 2124 hic
505 2083 605 2138 quid
635 2083 756 2137 velit,
788 2083 877 2137 sed,
915 2082 1115 2136 quiequid
1146 2083 1257 2137 volt,
1288 2083 1407 2124 valde
1438 2084 1562 2138 volb’,

216 2141 342 2195 idque
380 2157 475 2182 eum
507 2141 870 2194 animadvertisse,
908 2155 1002 2181 cum
1033 2155 1109 2194 pro
1141 2140 1345 2182 Deiotaro
1378 2140 1559 2183 Nicaeae

218 2200 387 2253 dixerit3
424 2200 543 2241 valde
574 2199 841 2241 vehementer
873 2214 969 2240 eum
999 2199 1137 2240 visum
1169 2202 1210 2240 et
1242 2199 1374 2241 libere
1407 2200 1559 2255 dicere,

216 2260 343 2311 atque
375 2259 501 2299 etiam
534 2257 600 2315 (ut
626 2259 737 2299 6111111
763 2258 941 2312 quicque
968 2257 1188 2313 succurrit,
1219 2258 1325 2299 libet
1355 2257 1556 2314 scribere)
1578 2275 1611 2301 25
