1665 2553
172 69 286 103 LXVI
435 93 438 94 ν
602 67 882 102 ADNOTATIO
910 66 1094 101 CRITICA

172 161 206 196 S.
222 162 365 196 Brandt
388 174 480 196 mus.
495 162 611 196 Rhen.
630 165 717 195 1881
738 173 773 205 p.
791 164 857 195 630
868 172 933 203 sq„
953 161 1073 195 dextre
1093 160 1148 194 Fr.
1165 159 1333 194 Schmidt
1355 159 1514 194 ‘Blatter

173 209 198 244 f.
221 209 253 243 d.
275 209 399 253 bayer.
422 208 556 243 G.-W.⁷
584 208 635 242 XI
659 221 693 252 p.
718 211 793 241 115.
815 228 861 232 ——
888 212 929 240 15
957 208 1123 242 eaeistimo
1148 207 1261 250 nullo,
1287 209 1330 240 ut
1355 206 1511 248 videtur,

176 258 325 290 auctore
356 255 459 290 tacit.
499 255 690 297 Wesenb,
723 255 825 288 Boot.
871 254 930 287 Ad
959 266 994 298 p.
1023 257 1099 288 106.
1127 257 1156 288 9.
1196 275 1242 279 —
1289 257 1333 288 30
1364 254 1397 288 si
1426 264 1514 288 non

174 307 259 337 sunt
285 302 338 345 M,
370 303 480 345 Boot,
513 302 577 345 qui
605 301 756 346 ‘partim
781 301 806 334 1.
828 301 865 334 F.
889 300 1112 334 Gronovium
1137 302 1284 334 secutus
1312 300 1365 334 sic
1390 310 1511 334 emen-

176 350 257 384 dat:
295 349 353 383 Ita
385 349 495 382 multi
527 349 719 383 nobiscum
752 350 853 390 sunt,
885 352 926 381 ut
956 347 1117 382 nuncin
1143 347 1382 387 suburbanis,
1415 358 1516 381 mmo

176 396 214 429 in
239 396 368 438 hortis,
394 407 492 430 mmo
517 396 555 429 in
581 395 664 440 ipsa
690 395 776 429 urbe
800 395 883 436 sint,
912 396 948 427 et.
973 395 1035 438 qui
1059 406 1156 428 mmo
1176 396 1262 428 sunt
1282 394 1511 438 (nobiscum),

175 454 248 476 non
281 444 413 477 erunt'.
447 463 493 467 —
524 446 568 476 34
597 441 805 476 ‘Praeclare
840 441 1058 475 Gronovius:
1106 441 1262 475 ‘Scribez
1296 441 1371 475 Hie
1395 445 1435 475 tu
1460 451 1513 474 me

176 491 278 523 illum
315 489 525 524 desideras”
564 489 667 522 Boot.
708 509 753 513 —
791 491 834 521 35
872 488 992 522 Domi
1021 487 1093 529 ΜΞ,
1131 488 1247 532 vulg,
1285 488 1408 521 domui
1445 487 1512 528 M1,

175 536 311 570 Baiter.
363 537 421 570 Ad
441 534 537 570 Cael.
559 548 593 580 p.
619 539 694 569 103.
717 538 771 569 37.
810 556 855 559 —
894 538 936 568 36
963 539 1037 568 tum
1064 535 1118 567 ed.
1139 534 1260 577 Rom,
1291 534 1419 568 Baiter
1450 534 1514 578 (ad

175 595 209 627 p.
231 587 285 617 54.
309 584 376 627 15),
404 587 489 617 tune
513 582 698 623 Wesenb.,
724 582 828 622 Boot,
856 580 1008 625 Tyrrell.
1053 582 1064 625 ss
1106 581 1151 616 P.
1167 581 1256 616 225.
1272 585 1352 624 6sq.
1373 585 1415 616 ut
1433 582 1515 624 <aut

176 631 229 664 ita
260 631 313 674 ut)
347 634 387 664 tu
418 640 491 663 ‘emo
517 630 597 673 (aut
621 640 756 663 omnem
784 629 849 661 aut
873 639 1009 662 omnem
1033 629 1119 671 uno)
1144 629 1185 662 in
1210 639 1247 662 eo
1272 629 1392 662 iudico
1417 639 1512 672 spem

177 688 243 711 scr.
268 688 360 710 mus.
382 677 497 710 Rhen.
521 673 610 709 1898
645 688 678 719 p.
706 680 768 709 126
807 674 850 708 cf.
873 674 962 708 Milo
998 678 1051 708 25.
1075 678 1117 708 67
1133 685 1206 717 ex,
1241 675 1295 709 ita
1328 685 1402 708 non
1438 685 1514 708 meo

177 724 313 757 iudicio
338 724 350 766 ζ
353 724 401 756 ad
424 735 458 766 p.
484 726 558 756 143.
584 724 640 765 19)
665 733 758 765 spem
781 722 828 763 M,
855 722 961 755 sitam
986 722 1027 755 in
1046 732 1083 755 eo
1103 722 1224 755 iudico
1243 732 1338 765 spem
1357 721 1512 763 Manut,

176 770 313 811 Baiter,
336 769 450 803 Cobet
469 769 602 802 Mnem.
620 772 709 802 1880
729 781 762 812 p.
775 772 840 802 196
850 780 915 811 sq„
936 767 1090 812 Tyrrell,
1110 769 1164 802 ita
1182 779 1255 802 uno
1275 768 1315 802 in
1334 779 1371 802 eo
1391 768 1513 802 iudico

176 828 271 861 spem
296 816 468 850 WVesenb.
493 815 584 850 coni.
605 827 679 849 ozon
710 820 749 850 ut
781 816 860 858 (aut
890 816 943 849 ita
974 816 1026 859 ut)
1058 819 1098 849 tu
1135 835 1182 840 -—-
1216 826 1285 849 esse
1318 816 1383 848 aut
1407 815 1514 849 sitam

176 875 281 907 spem,
313 864 431 905 sitam,
456 867 495 897 ut
516 867 565 903 ta,
591 863 630 895 in
651 873 688 896 eo
709 862 829 896 iudico
847 873 942 905 spem
961 861 1064 903 Boot,
1089 861 1274 895 ‘Fortasse
1293 863 1419 895 tamen
1438 872 1511 895 me-

176 910 246 943 lior
267 912 323 944 est
342 909 502 953 suspicio
518 909 800 953 VVesenbei-gii'.
818 930 863 933 —
885 912 925 941 11
947 909 1088 942 videtm·
1109 920 1173 942 scr.
1189 920 1280 942 mus.
1293 908 1408 942 Rhen.
1423 911 1512 942 1898

177 969 210 1001 p.
229 961 294 990 126
307 968 371 1000 sq„
392 957 460 991 Sed
481 968 544 990 eur
566 956 669 990 codd.
687 957 723 989 et
744 956 838 997 edd,
859 966 940 988 cum
961 966 1066 988 cruce
1080 954 1252 988 Wesenb.
1271 955 1361 989 coni.
1376 956 1440 989 hoe
1452 959 1513 989 est.

179 1003 298 1038 Uter?
319 1004 498 1048 poterisne
520 1004 584 1036 aut
597 1003 669 1036 hoe.
700 1002 783 1036 ‘Sed
796 1013 859 1036 eur
874 1003 911 1035 et
924 1002 1018 1035 Boot
1032 1001 1123 1035 coni.
1157 1002 1226 1036 Sed
1240 1003 1400 1045 quaeris:
1426 1002 1510 1036 Pot-

177 1051 301 1092 erisne,
340 1051 408 1085 Sed
428 1061 492 1084 eur
507 1049 706 1084 ‘Poterisne
725 1048 877 1092 Tyrrell.
898 1069 942 1073 -
970 1052 1011 1081 19
1038 1052 1186 1092 ayetur
1203 1047 1341 1082 Victor.
1374 1048 1513 1089 Baiter,

177 1097 330 1141 Tyrrell.
369 1097 427 1130 Ad
451 1109 485 1140 p.
509 1099 585 1129 106.
607 1099 638 1129 9.
659 1116 704 1120 ——
723 1095 773 1129 ΙΙ).
790 1095 1080 1138 promptissimus
1106 1106 1172 1128 scr.
1193 1094 1371 1128 Fleckeis.
1388 1094 1511 1128 annal.

179 1148 266 1178 1897
305 1156 339 1187 p.
368 1147 447 1185 849,
478 1143 648 1187 profectis
673 1142 729 1175 Ml
766 1143 847 1186 (om.
869 1143 980 1176 simus
1019 1143 1105 1175 ante
1136 1143 1196 1186 si),
1230 1142 1413 1185 profectus
1443 1141 1511 1183 M2,

171 1191 401 1235 profecturus
430 1189 541 1234 vulg,
568 1190 772 1232 praefectus
799 1188 878 1230 ‘vc.,
904 1199 1012 1222 nonn.
1034 1188 1150 1230 Mal),
1177 1187 1349 1222 Wesenb.
1383 1209 1429 1213 —
1467 1192 1510 1221 22

177 1250 206 1271 V.
225 1237 264 1271 O.
279 1237 319 1270 E.
336 1236 504 1270 Schmidt
530 1236 617 1269 ‘Der
636 1235 796 1268 Briefw.’
824 1247 859 1279 p.
883 1239 946 1268 141
964 1246 1029 1277 sq.,
1056 1235 1123 1268 XI
1138 1235 1185 1268 K.
1206 1235 1314 1278 Bait,
1340 1234 1439 1269 Wes.
1467 1255 1512 1259 —

179 1288 220 1318 27
247 1284 361 1318 Italia
387 1284 547 1317 eaececlat
571 1281 738 1323 EO‘2M‘2s,
766 1282 889 1316 Lehm.
913 1292 966 1326 ep.
990 1281 1052 1315 sel.
1074 1281 1123 1314 111
1143 1285 1175 1324 9,
1201 1282 1342 1316 italiam
1368 1281 1514 1316 accedat

179 1330 294 1373 01M1,
325 1331 439 1364 Itcdz'a
471 1330 572 1364 cedat
602 1329 698 1372 vulg.
720 1329 821 1362 haud
853 1328 928 1362 scio
964 1338 1010 1361 an
1042 1339 1133 1362 vere.
1172 1349 1217 1353 —
1255 1332 1300 1362 34
1330 1339 1407 1362 mea
1432 1339 1513 1363 eum

178 1379 278 1412 illius
307 1378 457 1420 fortuna
483 1376 607 1418 Klotz,
647 1375 788 1418 Baiter,
828 1375 936 1417 Boot,
975 1375 1118 1419 Tyrrell
1147 1387 1180 1419 p.
1203 1378 1287 1417 333,
1326 1386 1405 1409 cum
1436 1376 1514 1409 eius

176 1425 327 1467 fortuna
358 1423 530 1457 XVesenb.
575 1424 585 1466 ΙΙ
628 1423 673 1456 Ρ.
696 1422 783 1456 226.
807 1425 846 1455 11
880 1423 944 1464 sit,
976 1423 1038 1466 qui
1067 1423 1178 1464 fuerit
1205 1422 1287 1455 add.
1309 1421 1510 1463 Lehmann,

178 1483 304 1505 nomen
334 1471 499 1513 futurus,
532 1469 704 1504 subeund.
748 1469 818 1502 Iac.
848 1468 1020 1510 Gronov„
1054 1468 1196 1510 Baiter,
1228 1469 1338 1512 †n0n
1363 1469 1513 1511 futurus

179 1517 363 1560 Wesenb,
389 1528 462 1551 non
480 1518 629 1559 futurus
649 1545 655 1550 .
678 1544 684 1549 .
708 1543 715 1549 .
736 1516 830 1549 Boot
850 1515 941 1549 coni.
963 1526 1037 1549 non
1055 1516 1203 1557 futurus
1222 1519 1329 1557 tutus,
1356 1515 1512 1559 Tyn-eli,

177 1576 251 1599 non
282 1565 358 1599 sine
388 1564 507 1597 dolore
537 1564 583 1598 sit
613 1564 760 1605 futurus
785 1562 982 1596 Rothstein
1010 1561 1323 1596 ‘VVochensohrift
1352 1561 1375 1595 f.
1396 1561 1510 1595 klass.

178 1611 286 1645 Phss’
323 1614 422 1644 1892.
458 1613 546 1644 1166
580 1609 623 1643 cf.
650 1622 683 1653 p.
707 1613 784 1643 303.
809 1613 861 1643 10.
901 1630 946 1633 —
986 1613 1026 1642 12
1060 1609 1247 1652 aliquanto
1277 1609 1410 1642 maiore
1443 1620 1508 1642 scr.

178 1670 267 1692 mus.
290 1658 405 1691 Rhen.
429 1660 517 1690 1898
549 1669 582 1700 p.
607 1660 689 1698 127,
722 1656 846 1699 aliquo
873 1656 950 1699 fore
982 1656 1103 1697 codd,
1135 1655 1278 1697 Baiter,
1309 1655 1511 1697 Lehmann,

180 1717 261 1739 cum
288 1715 393 1738 eruce
419 1703 603 1745 Wesenb,
634 1703 738 1744 Boot,
764 1704 885 1747 aliquo
909 1703 1000 1744 forte
1026 1703 1080 1736 ed.
1101 1701 1206 1745 Iens.,
1232 1701 1385 1745 Tyrrell,
1412 1702 1512 1744 quod

181 1753 267 1786 ‘non
294 1750 442 1795 accipit⁷
471 1750 580 1793 Boot,
616 1749 806 1792 ‘quoniam
838 1749 1064 1783 dubitationi
1090 1759 1163 1782 non
1191 1750 1247 1782 est
1271 1748 1406 1789 locus',
1438 1759 1533 1782 non>

177 1799 297 1832 minus
330 1809 500 1842 pravum,
527 1797 558 1830 si
590 1798 703 1839 esset,
741 1797 863 1839 aliquo
888 1796 979 1838 forte
1003 1807 1033 1829 V.
1053 1796 1126 1837 fere
1150 1795 1193 1828 H.
1215 1794 1345 1838 Hagen
1377 1794 1510 1828 Philol.

177 1845 312 1879 XXVII
339 1849 404 1879 747
420 1855 510 1887 sqq,
536 1844 658 1887 aliquo
683 1847 770 1877 certe
796 1843 828 1876 S.
850 1843 992 1876 Brandt
1016 1854 1106 1875 mus.
1128 1841 1243 1875 Rhen.
1266 1845 1353 1875 1881
1380 1853 1414 1885 p.
1432 1845 1510 1883 631,

179 1893 224 1926 cd.
251 1903 331 1935 suo,
371 1892 448 1926 labe
479 1891 682 1934 (dedecoris)
715 1889 790 1923 alii.
829 1911 874 1914 --
912 1893 954 1922 23
987 1890 1151 1923 omnibns
1181 1889 1306 1922 rebus
1336 1887 1509 1922 Wesenb.

178 1939 330 1982 probab.
353 1940 394 1972 ut
420 1937 459 1978 Q.
481 1937 523 1971 fr.
545 1937 560 1970 Ι
580 1941 601 1970 4
616 1947 682 1979 ex,
708 1936 806 1969 infra
830 1948 864 1979 p.
881 1939 958 1969 339.
975 1940 1005 1969 9.
1033 1956 1079 1960 —-—
1105 1938 1148 1968 30
1168 1935 1512 1979 turpissimamque

178 1997 269 2019 sum
299 1987 390 2029 fuya
414 1984 487 2026 Ml,
521 1983 587 2017 sub
621 1994 692 2026 quo
717 1982 812 2016 latet
836 1982 960 2016 nescio
987 1982 1077 2024 quid
1102 1981 1202 2015 velut
1226 1982 1511 2025 foedissimaque,

179 2032 445 2075 miserrimaque
471 2033 517 2075 (p.
540 2034 616 2063 232.
640 2034 671 2072 9,
698 2033 774 2063 274.
798 2033 858 2071 363
887 2029 1015 2062 eadem
1040 2029 1222 2073 flagitiosa
1246 2032 1278 2062 et
1302 2028 1512 2063 calamitosa

180 2080 330 2111 vocatur
354 2089 387 2121 p.
411 2082 487 2111 223.
511 2080 544 2121 7)
571 2079 657 2118 eto,
689 2076 899 2119 turpissima
923 2075 1140 2118 nequissima
1165 2074 1220 2108 Fr.
1242 2073 1427 2108 Hofmann
1454 2085 1509 2119 ep.

179 2123 301 2158 sel.HI
315 2128 334 2158 9
356 2124 411 2158 ed.
422 2123 449 2165 1,
469 2123 570 2167 Tyrr.
584 2143 628 2148 —
643 2126 685 2156 37
707 2125 825 2157 castra
837 2120 961 2164 potius
976 2131 1087 2163 quam
1103 2131 1214 2155 causa
1226 2121 1331 2155 RW.
1345 2121 1515 2155 Schmidt

179 2170 357 2204 Fleckeis.
380 2170 501 2203 annal.
526 2173 615 2203 1874
640 2181 674 2213 p.
698 2172 762 2202 741
790 2178 862 2201 non
888 2168 990 2200 bene.
1029 2167 1219 2200 Lehmann
1246 2169 1288 2201 cf.
1309 2180 1343 2212 p.
1361 2172 1437 2202 193.
1454 2172 1509 2210 29,

179 2218 262 2250 add.
285 2221 338 2250 82.
362 2220 391 2259 7,
420 2220 496 2249 106.
519 2220 573 2258 25,
601 2219 677 2249 255.
700 2219 755 2257 21,
783 2218 931 2256 30713,
958 2214 1042 2246 fam.
1058 2213 1108 2246 IV
1126 2217 1155 2247 7.
1174 2218 1266 2256 2m.‚
1292 2214 1341 2248 VI
1360 2219 1426 2248 4.1
1443 2225 1510 2257 ex,

177 2263 245 2296 Vn
271 2268 301 2298 3.
324 2267 342 2296 2
358 2275 422 2304 m.,
468 2266 497 2296 3.
521 2266 539 2295 6
554 2274 642 2307 pm.
666 2263 750 2304 eto,
796 2261 875 2295 Sen.
904 2262 1015 2294 contr.
1038 2264 1081 2293 24
1095 2259 1161 2302 in.,
1206 2260 1340 2295 Lucan.
1361 2261 1411 2295 111
1431 2264 1509 2303 303,
