1665 2553
327 58 666 93 EPISTULARUM
691 58 756 92 AD
783 57 997 92 ATTICUM
1023 58 1055 91 X
1084 62 1136 101 11,
1166 63 1218 92 113.
1363 58 1448 99 313

110 155 225 196 tam?
277 154 385 203 Quid
416 154 521 195 mihi
549 154 677 195 animi
703 154 748 195 in
771 153 1010 208 navigando
1038 167 1180 194 censes
1207 153 1326 195 fore‘?
1370 153 1449 195 Re-

111 214 259 255 cordor
285 213 407 269 enim,
427 216 587 254 aestate
614 228 708 254 cum
734 213 820 254 illis
847 213 920 253 illo
947 211 1214 253 Rhodiorum
1240 212 1447 269 ἀφράκτῳ

110 273 316 327 navigans
356 287 482 326 quam
520 272 673 313 fuerim
711 272 938 327 sollicitus,
983 271 1084 325 quid
1121 271 1225 312 duro
1258 274 1449 325 tempore

112 332 210 372 anni
242 330 472 372 actuariola
504 331 594 371 fore
626 331 798 371 censes?
843 329 876 371 O
908 345 997 371 rem
1022 330 1207 384 undique
1232 330 1448 371 miseram!

76 407 91 433 5
199 390 422 431 Trebatius
462 392 551 430 erat
588 404 769 443 mecum,
806 389 871 430 vir
910 389 1034 443 plane
1072 391 1115 429 et
1153 389 1256 430 civis
1297 389 1447 430 bonus.

36 454 39 498 J
112 448 225 498 Quae
267 449 339 489 ille
382 450 585 504 monstra,
628 448 669 489 di
713 449 990 489 immortales!
1046 447 1244 489 Etiamne
1287 447 1447 488 Balbus

111 508 156 548 in
188 510 381 549 senatum
412 506 553 548 venire
585 508 773 562 cogitet?
819 505 899 548 Sed
931 507 968 547 ei
1000 507 1082 561 ipsi
1115 521 1205 548 cras
1237 506 1288 548 ad
1313 510 1355 547 te
1380 507 1449 547 lit-

111 569 221 608 teras
261 566 379 607 dabo.
441 565 689 606 Vettienum
727 565 832 606 inihi
865 566 1063 620 amicum,
1101 568 1148 606 ut
1181 565 1351 620 scribis,
1388 566 1449 607 ita

110 629 214 679 puto
247 640 348 666 esse.
411 623 516 666 Cum
549 639 610 680 eo,
642 625 754 679 quod
786 625 1011 679 ἀποτόμως
1043 624 1093 665 ad
1123 639 1190 665 me
1223 625 1450 678 scripserat

64 702 97 726 10
117 684 165 725 de
202 684 387 725 nummis
426 684 638 739 curandis,
676 684 981 738 θυμικώτερον
1019 697 1132 724 613111
1171 683 1344 724 10031116.
1401 682 1449 724 Id

111 746 171 797 tu,
192 743 228 784 si
252 743 324 783 ille
351 743 473 783 aliter
500 743 704 796 acceperit
731 757 778 783 ac
805 742 961 797 debuit,
981 742 1123 783 lenies.
1164 741 1448 784 elllOiNOETALI’

112 804 253 843 autem
295 801 516 856 adscripsi,
560 801 672 855 quod
715 801 787 841 ille
829 801 880 841 ad
920 815 986 841 me
1025 801 1130 842 ePRO
1171 801 1294 842 COS.’.
1357 800 1450 856 Sed,

112 860 312 914 quoniam
345 863 408 901 est
439 860 566 901 1101110
600 863 640 900 61
671 874 749 901 1106
782 860 935 914 diligit,
967 859 1058 914 ipse
1084 874 1251 914 quoque
1277 875 1300 901 a
1325 860 1450 900 nobis

113 920 327 974 diligatur.
389 918 506 960 Vale.

57 1054 90 1079 15
736 1034 829 1077 XII.

0 1094 1 1122 l
320 1116 394 1151 Ser.
414 1117 454 1150 in
481 1115 643 1150 Cmncmo
668 1116 741 1150 ΙΙΙ
761 1116 857 1150 Non.
880 1116 974 1151 Mai.
997 1128 1030 1150 α.
1053 1118 1123 1151 705
1151 1118 1240 1160 (49).

514 1197 703 1232 CICERO
728 1198 919 1233 ATTICO
946 1198 1054 1233 SAL.

201 1269 409 1318 Quidnam
444 1269 550 1310 mihi
587 1270 781 1310 futurum
818 1273 900 1325 est,
938 1273 1011 1311 aut
1044 1271 1139 1324 quis
1170 1285 1236 1311 me
1266 1285 1354 1311 non
1387 1285 1450 1311 so·

112 1329 201 1369 lum
232 1328 452 1383 infelicior,
485 1328 556 1369 sed
587 1329 672 1369 iam
704 1329 832 1370 etiam
863 1330 1059 1383 turpior?
1108 1328 1374 1370 Nominatim
1401 1329 1450 1370 de

60 1405 94 1430 20
113 1402 178 1428 ine
212 1387 294 1428 sibi
324 1387 578 1441 imperatum
610 1387 711 1428 dicit
742 1387 958 1429 Antonius
989 1402 1066 1429 nec
1096 1402 1163 1428 me
1195 1390 1338 1428 tamen
1361 1388 1450 1442 ipse

115 1445 249 1487 adhuc
279 1445 454 1500 viderat,
485 1445 557 1486 sed
587 1445 668 1487 hoc
699 1446 898 1487 Trebatio
930 1447 1130 1488 narravit.
1193 1445 1302 1495 Quid
1329 1460 1451 1501 agam

112 1518 237 1558 nunc,
269 1504 369 1557 quoi
400 1503 510 1544 nihil
540 1504 739 1559 procedit,
779 1505 1016 1558 caduntque
1048 1519 1108 1560 ea,
1140 1519 1245 1559 quae
1277 1505 1452 1560 diligen-

113 1562 276 1603 tissime
302 1565 400 1603 sunt
427 1562 624 1616 cogitata,
654 1563 923 1604 taeterrime?
965 1563 1058 1617 Ego
1086 1564 1198 1604 enim
1224 1562 1452 1604 Curionem

113 1624 261 1662 nactus
305 1621 446 1661 omnia
488 1635 554 1661 me
599 1624 869 1662 consecutum
906 1622 1063 1675 putavi.
1126 1622 1168 1662 Is
1207 1621 1256 1662 de
1292 1637 1359 1662 me
1401 1622 1453 1662 ad

63 1697 95 1723 25
114 1679 394 1721 Hortensium
445 1679 680 1732 scripserat.
748 1679 936 1734 Reginus
989 1682 1077 1720 erat
1127 1682 1246 1720 totus
1294 1682 1450 1721 noster.

114 1738 226 1779 Huic
261 1738 370 1779 nihil
410 1738 728 1791 suspicabamur
766 1752 860 1779 cum
896 1738 976 1779 hoc
1013 1738 1120 1778 mari
1156 1738 1319 1792 negotii
1351 1739 1450 1779 fore.

116 1796 206 1845 Quo
238 1811 306 1837 me
336 1811 449 1837 nunc
479 1797 669 1837 vertam?
719 1795 916 1850 Undique
948 1797 1175 1838 custodior.
1233 1795 1314 1837 Sed
1347 1797 1450 1837 satis

115 1855 309 1896 lacrimis.
373 1854 713 1909 Παρακλεπτεόν
750 1855 883 1909 igitur
924 1858 965 1895 et
999 1855 1159 1896 occulte
1191 1855 1237 1895 in
1268 1855 1453 1908 aliquam

117 1914 350 1955 onerariam
384 1914 701 1968 coi-rependum,
733 1928 820 1954 non
851 1914 1212 1967 committendum,
1244 1916 1292 1954 ut
1325 1914 1452 1954 etiam

64 1989 99 2014 30
119 1975 335 2025 compacto
367 1972 574 2026 prohibiti
606 1972 833 2013 videamur.
897 1971 1041 2013 Sicilia
1071 1971 1263 2025 petenda.
1319 1971 1454 2020 Quam

118 2030 154 2070 si
198 2030 353 2071 erimus
390 2031 522 2085 nacti,
565 2031 726 2071 maiora
764 2030 968 2085 quaedam
1006 2045 1320 2084 consequemur.
1390 2029 1455 2072 Sit

117 2088 241 2129 modo
278 2091 390 2129 recte
427 2089 472 2129 in
510 2089 746 2143 Hispaniis!
803 2089 1066 2143 Quamquam
1105 2089 1154 2129 de
1185 2089 1279 2142 ipsa
1311 2088 1455 2130 Sicilia

118 2146 281 2187 utinam
325 2147 379 2187 sit
423 2149 585 2188 verum!
644 2147 725 2188 Sed
769 2148 905 2188 adhuc
944 2148 1053 2188 nihil
1098 2147 1278 2188 secundi.
1350 2146 1455 2188 Con-

119 2219 264 2246 cursus
310 2203 548 2246 Siculorum
589 2206 640 2246 ad
679 2204 884 2247 Catonem
915 2206 1068 2246 dicitur
1099 2206 1254 2260 factus,
1301 2221 1455 2261 orasse,

66 2280 99 2306 35
117 2266 166 2304 ut
197 2263 424 2319 resisteret,
455 2264 595 2304 omnia
625 2264 856 2319 pollicitos3
892 2267 1149 2305 commotum
1180 2264 1301 2305 illum
1334 2265 1454 2306 dilec-
