1665 2553
204 117 288 158 142
627 115 675 150 Μ.
703 115 846 149 TULLI
871 114 1121 149 CICERONIS

201 212 357 254 tinet?'
406 211 568 253 Verum
605 214 749 252 tamen
786 210 1024 266 decumani,
1059 211 1181 264 Quasi
1210 211 1419 252 venissem
1450 225 1547 253 cum

201 271 399 325 imperio,
438 269 587 312 Graeci
620 270 741 324 quasi
772 269 960 323 Ephesio
992 269 1180 323 praetori
1212 284 1255 310 se
1286 269 1442 311 alacres
1475 271 1547 312 ob-

202 330 406 371 tulerunt.
468 329 536 370 Ex
574 343 657 383 quo
695 331 738 369 te
769 328 1015 383 intellegere
1047 330 1162 369 certo
1195 328 1281 369 scio
1312 329 1547 371 multorum

205 403 412 429 annorum
453 387 762 429 ostentationes
799 401 915 428 meas
952 400 1066 428 nunc
1105 387 1151 428 in
1189 386 1416 429 discrimen
1454 402 1546 429 esse

205 447 415 488 adductas.
479 445 578 501 Sed,
614 448 663 486 ut
695 459 838 500 spero,
877 447 1047 486 utemur
1078 459 1126 486 ea
1155 445 1379 501 palaestra,
1418 461 1545 500 quam
1583 463 1600 489 5

205 521 229 547 a
259 508 302 547 te
333 505 573 559 didicimus,
612 505 893 558 omnibusque
925 504 1029 545 satis
1060 503 1262 545 faciemus
1293 507 1334 545 et
1367 519 1415 546 eo
1446 505 1546 546 faci-

203 564 302 619 lius,
328 564 440 618 quod
465 564 511 604 in
534 566 684 604 nostra
709 562 928 617 provincia
953 562 1166 604 confectae
1193 565 1292 604 sunt
1317 563 1547 617 pactiones.

207 622 288 664 Sed
322 622 545 676 hactenus,
582 622 831 676 praesertim
868 636 963 663 cum
1001 621 1170 663 cenanti
1199 621 1306 662 mihi
1335 622 1548 663 nuntiarit

206 680 375 723 Cestius
408 696 451 722 se
483 681 532 721 de
562 683 687 722 nocte
718 680 939 734 proficisci.

293 740 385 781 Tua
414 740 631 794 negotiola
655 739 818 793 Ephesi
849 753 972 780 curae
997 739 1103 780 mihi
1129 739 1312 792 fuerunt,
1344 739 1545 780 Thermo—
1565 757 1600 782 10

208 813 305 853 que,
342 799 515 839 tametsi
552 801 649 839 ante
688 798 914 839 adventum
950 812 1090 839 meum
1127 798 1423 839 liberalissime
1455 801 1546 839 erat

206 858 424 912 pollicitus
462 857 549 898 tuis
588 857 804 912 omnibus,
841 860 986 898 tamen
1019 855 1297 911 Philogenem
1328 859 1370 898 et
1402 856 1546 898 Seium

206 917 377 971 tradidi,
414 915 792 970 Apollonidensem
826 915 1046 957 Xenonem
1083 915 1382 957 commendavi.
1451 913 1545 956 Om-

205 975 307 1016 nino
351 976 493 1016 omnia
537 989 581 1016 se
617 975 830 1016 facturum
867 975 1036 1028 recepit.
1097 974 1192 1029 Ego
1230 977 1447 1028 praeterea
1483 989 1546 1015 ra-

206 1035 367 1075 tionem
391 1033 618 1088 Philogeni
642 1033 970 1088 permutationis
1003 1033 1104 1089 eius,
1136 1047 1263 1087 quam
1288 1035 1429 1074 tecum
1453 1033 1547 1087 feci,
1566 1049 1600 1076 15

207 1093 327 1134 edidi.
391 1092 508 1147 Ergo
541 1092 645 1133 haec
678 1106 846 1146 quoque
875 1092 1090 1132 hactenus.

294 1150 436 1191 Redeo
470 1151 521 1191 ad
552 1151 725 1192 urbana.
787 1150 866 1191 Per
896 1151 1108 1191 fortunas!
1155 1150 1355 1204 quoniam
1385 1149 1547 1192 Romae

206 1224 362 1263 manes,
392 1209 579 1263 primum
604 1209 710 1250 illud
734 1209 939 1263 praefulci
963 1211 1090 1262 atque
1115 1209 1347 1263 praemuni,
1379 1223 1548 1264 quaeso,

207 1271 255 1308 ut
297 1269 429 1308 simus
468 1267 615 1322 annui,
650 1282 704 1308 ne
740 1267 1013 1308 intercaletur
1045 1267 1224 1321 quidem.
1286 1266 1447 1307 Deinde
1479 1282 1546 1308 ex-

206 1326 331 1367 hauri
361 1341 454 1367 mea
484 1326 684 1367 mandata
715 1326 992 1380 maximeque,
1025 1325 1060 1366 si
1093 1325 1193 1379 quid
1224 1328 1367 1379 potest
1395 1325 1444 1366 de
1468 1326 1544 1366 illo
1565 1343 1599 1368 20

208 1385 439 1427 domestico
467 1385 679 1439 scrupulo,
705 1399 829 1439 quem
852 1399 940 1425 non
959 1385 1143 1439 ignoras,
1169 1384 1266 1425 dein
1285 1384 1334 1424 de
1355 1382 1545 1438 Caesare,

209 1444 328 1485 cuius
358 1444 405 1484 in
435 1443 710 1497 cupiditatem
741 1445 783 1484 te
816 1445 986 1484 auctore
1010 1443 1196 1496 incubui,
1225 1457 1302 1483 nec
1325 1457 1392 1483 me
1416 1442 1546 1498 piget.

208 1503 278 1557 Et,
311 1502 347 1543 si
377 1502 604 1557 intellegiS,
638 1517 765 1556 quam
795 1517 937 1543 meum
970 1502 1026 1542 sit
1057 1502 1165 1543 scire
1190 1504 1231 1542 et
1257 1516 1413 1556 curare,
1446 1500 1548 1555 quid

207 1562 253 1602 in
290 1575 335 1602 re
372 1561 542 1615 publica
578 1561 654 1601 fiat
691 1585 746 1590 ——
788 1561 863 1601 fiat
900 1561 1070 1601 autem?
1119 1561 1249 1601 immo
1287 1575 1386 1601 vero
1418 1560 1547 1600 etiam

210 1620 311 1674 quid
340 1620 533 1661 futurum
566 1619 634 1673 sit,
665 1620 877 1673 perscribe
910 1619 961 1660 ad
991 1634 1058 1660 me
1092 1619 1244 1673 omnia,
1276 1619 1348 1659 sed
1372 1618 1546 1673 diligen·
1564 1634 1598 1661 25
1648 1644 1649 1647 =

208 1679 372 1720 tissime
404 1678 707 1732 imprimisque,
740 1678 888 1732 ecquid
918 1678 1168 1719 iudiciorum
1203 1680 1339 1718 status
1366 1679 1440 1717 aut
1464 1677 1546 1717 fac-

208 1741 351 1779 torum
377 1740 449 1778 aut
473 1738 717 1778 futurorum
743 1737 871 1777 etiam
895 1736 1072 1777 laboret.
1121 1736 1185 1777 De
1211 1751 1330 1791 aqua,
1362 1735 1398 1776 si
1423 1749 1546 1776 curae

209 1798 286 1851 est,
318 1796 354 1837 si
387 1796 488 1850 quid
518 1795 742 1849 Philippus
776 1798 885 1850 aget,
916 1795 1235 1836 animadvertes.

819 1911 933 1954 XIV.
1644 1948 1645 1954 ,

468 1993 541 2028 Ser.
568 1994 752 2028 Trallibus
785 1993 842 2027 VJ
862 1993 910 2027 K.
933 1992 1026 2027 Sext.
1048 2004 1080 2026 a.
1104 1995 1175 2027 703
1201 1993 1291 2035 (51).
1565 1998 1600 2024 30
1644 1970 1646 2028 l

633 2074 801 2109 ciCERo
828 2073 1000 2109 Amico
1027 2074 1124 2108 SAL.
1642 2067 1645 2071 ·

298 2147 541 2201 Antequam
579 2147 721 2201 aliquo
759 2146 851 2187 loco
892 2145 1135 2199 consedero,
1174 2159 1311 2199 neque
1342 2145 1490 2200 longas
1522 2160 1546 2186 a

209 2220 275 2245 me
306 2220 442 2259 neque
475 2221 638 2259 semper
669 2219 761 2246 mea
792 2219 919 2245 manu
943 2204 1109 2244 litteras
1137 2204 1420 2258 exspectabis3
1451 2218 1546 2244 cum
1640 2246 1642 2257 ,

211 2266 352 2304 autem
391 2264 471 2304 erit
512 2264 715 2317 spatium,
752 2266 980 2316 utrumque
1011 2263 1248 2315 praestabo.
1309 2261 1434 2303 Nunc
1463 2262 1546 2302 iter
1640 2268 1641 2325 l

210 2322 533 2362 conficiebamus
573 2326 768 2363 aestuosa
800 2325 841 2362 et
871 2321 1167 2374 pulverulenta
1196 2321 1276 2362 via.
1338 2320 1546 2361 Dederam
1565 2335 1599 2361 35
1639 2331 1641 2368 j
