1665 2553
115 1047 133 1077 [Ο

160 62 247 103 374
584 61 632 95 M.
660 61 801 95 TULLI
827 59 1075 95 CICERONIS

730 212 928 255 XXVIII.

437 296 510 331 Ser.
532 296 690 330 Asturae
716 295 781 328 IX
805 295 852 328 K.
874 296 965 338 Apr.
987 306 1019 329 a.
1043 297 1114 329 709
1142 296 1230 337 (45).

565 376 755 411 CICERO
780 375 971 410 ATTICO
996 375 1104 409 SAL.

249 450 313 492 De
359 448 462 490 Silio
507 448 596 489 nilo
640 448 762 502 plura
806 448 986 503 cognovi
1030 462 1077 488 ex
1122 451 1343 501 praesente
1385 446 1502 489 Sicca

162 525 289 564 quam
322 523 371 549 ex
403 508 559 548 litteris
593 508 694 548 eius.
757 505 992 560 Scripserat
1025 507 1135 547 enim
1169 507 1404 561 diligenter.
1456 505 1500 548 Si

162 568 295 623 igitur
320 570 368 608 tu
394 567 516 607 illum
542 566 799 621 conveneris,
832 566 989 606 scribes
1016 565 1068 606 ad
1093 580 1171 620 me,
1203 566 1239 606 si
1266 566 1367 619 quid
1392 565 1502 607 vide-

161 627 289 667 bitur.
340 625 403 666 De
438 640 520 679 quo
554 626 679 679 putas
713 625 765 665 ad
796 639 863 665 me
894 624 1073 665 missum
1106 638 1206 678 esse,
1240 625 1296 665 sit
1322 624 1501 665 missum

161 699 307 738 necne,
350 684 511 738 neseio,
557 683 718 724 dictum
764 683 932 737 quidem
975 682 1081 723 mihi
1125 686 1236 723 certe
1278 683 1388 723 nihil
1426 686 1500 724 est.

162 744 226 784 Tu
257 743 407 798 igitur,
446 745 494 783 ut
527 743 721 796 coepisti,
759 745 811 796 et,
854 742 890 782 si
922 742 1024 796 quid
1056 742 1116 782 ita
1149 742 1355 796 conficies,
1389 742 1502 795 quod

161 803 356 856 equidem
387 816 473 842 non
506 801 691 842 arbitror
722 801 815 841 fieri
846 815 982 854 posse,
1014 803 1061 841 ut
1093 800 1158 841 illi
1188 801 1405 856 probetur,
1436 799 1500 841 Ci-

162 875 373 914 ceronem,
426 860 461 900 si
510 860 591 900 tibi
640 860 841 914 placebit,
892 859 1122 900 adhibebis.
1190 859 1296 900 Eius
1342 859 1501 914 aliquid

161 920 339 960 interest
371 919 505 960 videri
538 919 653 959 illius
686 932 810 959 causa
842 918 1040 972 voluisse,
1072 933 1164 959 mea
1198 918 1366 972 quidem
1393 918 1502 958 nihil

161 979 246 1019 nisi
278 978 333 1032 id,
365 978 477 1031 quod
509 980 556 1018 tu
589 978 682 1031 scis,
715 977 828 1031 quod
861 991 937 1032 ego
971 977 1114 1031 magni
1146 977 1335 1018 aestimo.

251 1036 372 1085 Quod
417 1050 477 1077 me
520 1037 577 1077 acl
617 1050 753 1077 meam
797 1036 1143 1077 consuetudinem
1187 1050 1375 1091 revocaS,
1419 1036 1502 1076 fuit

162 1110 303 1136 meum
337 1095 506 1148 quidem
538 1095 622 1135 iam
654 1095 817 1148 pridem
844 1110 933 1135 rem
960 1095 1172 1148 publicam
1198 1094 1355 1149 lugere,
1389 1095 1501 1148 quod

162 1154 386 1205 faciebam,
432 1153 503 1194 sed
546 1153 711 1207 mitius,
762 1156 851 1193 erat
896 1153 1025 1208 enim,
1068 1153 1141 1194 ubi
1184 1153 1500 1206 acquiescerem.

162 1211 288 1253 Nunc
331 1212 454 1265 plane
498 1226 575 1252 nec
615 1225 693 1265 ego
732 1212 891 1252 victum
928 1226 1002 1252 nec
1038 1212 1171 1252 vitain
1209 1211 1328 1252 illam
1366 1211 1500 1252 colere

162 1285 338 1325 possum
372 1284 448 1311 nec
490 1269 534 1310 in
575 1284 622 1310 ea
654 1285 716 1323 re,
758 1270 859 1323 quid
892 1270 986 1310 aliis
1013 1270 1225 1324 rideatur,
1264 1269 1368 1310 mihi
1395 1272 1500 1323 puto

163 1329 413 1382 curandum3
445 1343 537 1369 mea
568 1328 674 1368 mihi
706 1329 964 1369 conscientia
996 1328 1130 1382 pluris
1163 1331 1227 1369 est
1260 1342 1385 1382 quam
1413 1343 1501 1369 om—

162 1388 282 1428 nium
327 1401 477 1427 sermo.
546 1386 667 1435 Quod
709 1402 775 1427 me
813 1387 903 1440 ipse
940 1402 1015 1441 per
1052 1387 1217 1427 litteras
1257 1387 1500 1428 consolatus

162 1461 269 1501 sum,
294 1460 379 1486 non
405 1446 592 1499 paenitet
618 1460 695 1499 me,
722 1449 928 1499 quantum
955 1446 1215 1499 profecerim.
1265 1445 1501 1486 Maerorem

161 1504 310 1559 minui,
342 1504 531 1545 dolorem
562 1519 637 1545 nec
668 1505 789 1557 potui
820 1519 907 1558 nec,
939 1505 975 1544 si
1008 1519 1188 1559 possem,
1220 1504 1382 1546 vellem.

251 1562 314 1604 De
353 1562 518 1604 Triario
563 1563 670 1603 bene
713 1563 1006 1616 interpretaris
1048 1563 1313 1604 voluntatem
1352 1577 1498 1604 meam.

162 1621 227 1662 Tu
265 1636 363 1662 vero
404 1622 531 1676 nihil,
567 1621 650 1662 nisi
691 1625 739 1662 ut
780 1622 843 1662 illi
881 1622 1034 1663 volent.
1096 1621 1206 1663 Amo
1238 1622 1360 1662 illum
1391 1636 1500 1662 mor-

162 1683 302 1735 tuum,
347 1683 465 1721 tutor
506 1695 600 1721 sum
638 1680 803 1734 liberis,
846 1683 983 1721 totam
1021 1680 1193 1721 domum
1232 1680 1374 1734 diligo,
1436 1679 1499 1721 De

162 1738 426 1780 Castriciano
458 1739 644 1793 negotio,
687 1739 723 1779 si
756 1738 986 1780 Castricius
1016 1754 1094 1793 pro
1127 1738 1348 1792 mancipiis
1379 1753 1500 1793 pecu-

161 1798 275 1838 niam
309 1798 495 1851 accipere
526 1798 640 1838 volet
673 1812 848 1851 eamque
879 1798 959 1851 †ei
994 1798 1117 1852 solvi,
1155 1801 1203 1839 ut
1234 1811 1346 1838 nunc
1377 1798 1501 1838 solvi-

161 1859 243 1910 tur,
275 1859 384 1896 certe
416 1856 524 1896 nihil
556 1859 620 1897 est
652 1857 923 1897 commodius.
988 1855 1063 1897 Sin
1096 1860 1236 1897 autem
1267 1857 1327 1896 ita
1360 1859 1500 1896 actum

161 1917 239 1968 est,
270 1917 318 1954 ut
349 1915 441 1968 ipsa
472 1914 682 1968 mancipia
708 1915 942 1968 abduceret,
973 1930 1059 1956 non
1084 1915 1190 1956 mihi
1215 1915 1381 1955 videtur
1411 1929 1499 1955 esse

161 1987 342 2025 aequum
381 1971 526 2028 (rogas
565 1973 677 2014 enim
709 1988 792 2028 me,
830 1976 878 2014 ut
910 1974 990 2014 tibi
1023 1974 1223 2028 scribam,
1261 1973 1362 2027 quid
1392 1973 1498 2014 mihi

161 2030 392 2086 videatur)3
433 2032 532 2072 nolo
573 2032 685 2072 enim
722 2031 884 2086 negotii
924 2031 1129 2081 Quintum
1168 2032 1345 2073 fratrem
1384 2032 1499 2085 quic-

161 2102 288 2141 quam
318 2089 491 2143 habere3
524 2090 636 2144 quod
668 2090 812 2131 videor
844 2090 949 2131 mihi
976 2091 1234 2131 intellexisse
1261 2091 1341 2131 tibi
1367 2090 1499 2130 videri

160 2146 281 2187 idem.
337 2146 563 2203 Publilius,
595 2149 631 2189 si
664 2149 979 2202 aequinoctium
1010 2151 1236 2203 exspectat,
1269 2152 1316 2189 ut
1350 2149 1497 2189 scribis

159 2203 359 2245 Aledium
391 2206 538 2259 dicere,
578 2208 855 2262 navigaturus
887 2208 1063 2248 videtur.
1125 2207 1233 2248 Mihi
1265 2210 1405 2248 autem
1437 2207 1499 2247 di-

159 2265 279 2302 xerat
323 2278 397 2316 per
443 2264 640 2306 Siciliam.
708 2265 864 2307 Utrum
909 2269 950 2306 et
989 2266 1173 2322 quando,
1217 2266 1343 2307 velim
1381 2265 1497 2306 scire.

1521 818 1555 843 10

1521 1111 1554 1136 15

1521 1405 1554 1429 20

1520 1698 1553 1723 25

1519 1990 1552 2015 30

1518 2282 1550 2307 35
