1665 2553
340 111 678 145 EPISTULARUM
703 111 768 145 AD
795 111 1010 146 ATTICUM
1036 111 1103 145 XV
1130 116 1220 145 6-9
1372 112 1458 153 473

208 205 272 247 De
316 209 374 261 te,
419 221 593 260 quaeso,
637 207 764 248 etiam
809 210 936 261 atque
980 207 1106 247 etiam
1145 206 1249 248 vide.
1317 206 1458 248 Velim
1485 221 1504 250 2

120 265 259 318 possis
301 279 458 320 coram,
503 266 539 306 si
576 265 714 306 minus
755 265 950 320 [possis],
986 266 1142 306 litteris
1175 265 1284 306 idem
1317 280 1457 307 conse-

122 337 307 376 quemur.
371 323 594 365 Graeceius
638 324 690 364 ad
732 339 798 365 me
843 324 1013 378 scripsit
1057 323 1100 366 C.
1138 324 1333 365 Cassium
1376 325 1458 365 sibi

122 382 339 436 scripsisse
379 383 570 424 homines
602 383 857 438 comparari,
895 383 964 437 qui
1000 383 1152 424 armati
1184 383 1229 423 in
1261 382 1457 424 Tuscula-

85 459 101 483 5
120 455 222 481 num
252 441 533 482 mitterentur.
583 441 671 494 †Id
704 442 871 495 quidem
896 442 1002 482 mihi
1026 441 1265 496 videbatur3
1298 442 1370 482 sed
1396 457 1458 482 ca-

120 500 301 540 vendum
332 503 475 541 tamen
505 501 595 553 †ut
628 501 698 541 ille
731 515 811 554 que
842 501 984 554 plures
1016 500 1226 541 videndae.
1279 498 1359 541 Sed
1386 501 1457 541 ali-

121 558 223 611 quid
254 559 462 600 crastinus
495 559 582 600 dies
615 559 666 599 ad
698 559 971 614 cogitandum
1002 559 1126 600 nobis
1159 559 1308 613 †dare.

750 652 821 693 IX.

314 721 387 756 Ser.
408 722 449 755 in
478 722 684 756 Tusculano
709 721 772 755 IV
794 721 890 755 Non.
911 722 996 755 Iun.
1019 733 1051 755 a.
1075 724 1145 756 710
1172 724 1261 765 (44).

68 800 100 824 10
521 791 711 826 CICERO
735 791 927 826 ATTICO
953 791 1062 825 SAL.

208 864 276 893 1111
313 851 422 894 Non.
461 852 625 906 vesperi
669 867 692 893 a
729 852 863 893 Balbo
908 852 1097 892 redditae
1140 851 1246 892 mihi
1288 851 1456 893 litterae
1484 865 1501 894 1

120 911 210 951 fore
247 910 383 952 Nonis
423 913 634 963 senatum,
678 913 726 951 ut
763 910 924 951 Brutus
962 911 1008 951 in
1038 910 1160 965 Asia,
1205 909 1374 951 Cassius
1414 911 1457 951 in

121 968 264 1010 Sicilia
299 970 559 1010 frumentum
596 969 817 1010 emendum
855 972 895 1010 et
934 969 985 1009 ad
1023 969 1171 1010 urbem
1203 969 1457 1010 mittendum

120 1031 324 1069 curarent.
387 1027 421 1069 Ο
465 1043 553 1068 rem
596 1028 810 1069 miseram!
854 1028 1039 1081 primum
1078 1028 1209 1068 ullam
1253 1028 1304 1068 ab
1349 1029 1457 1083 istis,

67 1105 99 1129 15
121 1087 234 1142 dein,
275 1087 310 1127 si
343 1087 544 1140 aliquam,
582 1086 689 1127 hanc
719 1086 1012 1140 †legat0riam
1043 1086 1321 1140 provinciam!
1377 1086 1456 1127 At-

120 1160 200 1199 que
231 1145 344 1186 haud
377 1146 461 1186 scio
494 1160 546 1186 an
578 1145 729 1186 melius
756 1145 812 1186 sit
838 1160 964 1199 quam
991 1144 1042 1185 ad
1067 1145 1275 1186 Eurotam
1302 1145 1454 1186 sedere.

120 1203 201 1244 Sed
231 1204 333 1245 haec
362 1219 483 1245 casus
510 1204 775 1259 gubernabit.
825 1203 901 1244 Ait
927 1206 1067 1244 autem
1094 1204 1240 1245 eodem
1265 1207 1455 1257 tempore

119 1262 331 1303 decretum
362 1263 428 1318 iri,
459 1266 506 1303 ut
538 1265 580 1304 et
611 1263 663 1303 iis
697 1265 738 1303 et
763 1262 937 1316 reliquis
963 1262 1188 1316 praetoriis
1214 1263 1456 1316 provinciae

119 1321 406 1362 decernantur.
480 1321 573 1362 Hoc
622 1324 733 1362 certe
777 1321 928 1361 melius
974 1335 1100 1374 quam
1143 1321 1217 1362 illa
1260 1323 1454 1376 Περσικὴ

67 1399 100 1422 20
118 1380 325 1434 porticus3
356 1380 455 1421 nolo
489 1380 600 1420 enim
630 1379 985 1421 Lacedaemonem
1016 1380 1292 1434 *tlonginquo
1327 1395 1455 1434 quom

119 1438 355 1479 Lanuvium
399 1439 669 1480 existimavit.
740 1438 918 1493 <Rides’‚
962 1438 1147 1493 inquies,
1193 1439 1251 1478 ‘iu
1294 1439 1454 1479 talibus

119 1497 289 1538 rebus‘?⁹
341 1496 449 1545 Quid
480 1497 660 1538 faciam?
709 1496 913 1550 plorando
945 1497 1080 1537 fessus
1114 1512 1217 1537 sum.

208 1555 264 1596 Di
294 1555 558 1596 inmortales!
598 1570 724 1608 quam
762 1570 828 1596 me
866 1555 1164 1596 conturbatum
1196 1555 1335 1596 tenuit
1368 1556 1454 1608 epi-
1480 1568 1500 1598 2

121 1614 256 1655 stulae
287 1616 385 1655 tuae
410 1614 527 1667 prior
553 1614 724 1667 pagina!
763 1613 863 1667 quid
889 1616 1029 1653 autem
1054 1614 1136 1654 iste
1160 1614 1204 1653 in
1231 1613 1354 1654 domo
1381 1616 1455 1654 tua

66 1691 99 1716 25
119 1687 239 1713 casus
271 1672 512 1714 armorum?
558 1671 638 1712 Sed
663 1672 774 1712 hunc
800 1672 967 1725 quidem
991 1672 1185 1712 nimbum
1209 1672 1293 1712 cito
1320 1674 1454 1713 trans-

119 1731 201 1772 isse
232 1731 378 1772 laetor.
429 1731 492 1771 Tu
525 1731 626 1784 quid
657 1731 790 1785 egeris
823 1733 896 1771 tua
929 1745 1024 1771 cum
1056 1730 1170 1771 tristi
1203 1732 1294 1770 tum
1327 1731 1455 1772 etiam

119 1790 282 1830 difficili
337 1790 388 1830 ad
438 1789 744 1830 consiliandum
792 1789 1021 1843 legatione,
1071 1788 1338 1830 vehementer
1388 1804 1454 1829 ex-

121 1851 283 1903 specto,
327 1851 391 1889 est
432 1849 543 1889 enim
610 1848 930 1901 inexplicabilis,
992 1847 1058 1888 Ita
1102 1847 1454 1888 circumsedemur

121 1907 252 1960 copiis
279 1907 485 1947 omnibus.
535 1907 604 1947 Me
631 1907 800 1960 quidem
825 1906 949 1946 Bruti
974 1906 1153 1959 litterae,
1185 1920 1289 1959 quas
1316 1908 1454 1946 osten-

68 1983 101 2007 30
121 1965 183 2005 dis
216 1980 239 2005 a
269 1967 312 2005 te
341 1965 489 2020 lectas,
526 1965 587 2006 ita
617 1965 942 2019 perturbarunt,
977 1967 1037 2020 ut,
1069 1979 1325 2018 quamquam
1357 1967 1454 2005 ante

121 2023 296 2077 egebam
328 2024 517 2077 consilio,
549 2026 692 2064 tamen
717 2024 848 2064 animi
875 2023 1020 2064 dolore
1047 2023 1127 2063 sim
1151 2023 1323 2063 tardior.
1374 2023 1454 2064 Sed

120 2082 259 2136 plura,
295 2096 389 2122 cum
426 2082 509 2122 ista
546 2096 741 2136 cognoro.
803 2081 896 2122 Hoc
935 2084 1076 2122 autem
1114 2084 1303 2134 tempore
1342 2081 1454 2134 quod

121 2140 362 2194 scriberem,
404 2140 514 2181 nihil
550 2143 639 2181 erat
677 2155 808 2194 eoque
845 2140 1004 2194 minus,
1043 2140 1157 2193 quod
1194 2139 1454 2193 dubitabam,

119 2201 167 2238 tu
209 2198 286 2238 has
322 2198 436 2252 ipsas
472 2198 637 2239 litteras
676 2213 842 2239 essesne
880 2200 1137 2251 accepturus.
1200 2197 1305 2238 Erat
1343 2199 1454 2239 enim

67 2274 99 2299 35
119 2257 345 2311 incertum,
387 2257 608 2297 visurusne
651 2259 692 2297 te
736 2259 846 2297 esset
889 2256 1147 2297 tabellarius.
1218 2256 1313 2311 Ego
1358 2259 1452 2297 tuas

119 2315 285 2355 litteras
316 2314 584 2356 vehementer
615 2318 822 2368 exspecto.
