1665 2553
307 113 646 148 EPISTULARUM
670 113 734 147 AD
761 112 977 147 ATTICUM
1001 112 1068 147 VH
1094 117 1244 148 21—23.
1359 113 1445 154 219

697 265 852 308 XXIII.

104 348 178 384 Ser.
199 348 240 383 in
259 347 461 382 Formiano
480 347 580 382 VId.
602 347 708 382 Febr.
729 358 821 392 vesp.
842 352 908 383 aut
925 348 990 382 IV
1004 348 1063 383 Id.
1083 359 1187 383 mane
1206 359 1239 382 a.
1260 349 1334 383 ¹705
1353 349 1444 391 (49).

531 428 699 464 CICERO
723 429 894 465 ATTICO
922 429 1019 465 SAL.

193 513 223 543 v
262 500 362 542 Idus
399 499 520 542 Febr.
552 501 719 556 vesperi
759 516 783 543 a
821 500 1054 543 Philotimo
1094 501 1260 542 litteras
1304 500 1444 554 accepi
1472 514 1489 543 1

73 578 88 604 ⁵
107 559 349 602 Domitium
382 560 613 601 exercitum
649 560 819 601 firmum
854 559 1028 617 habere,
1064 559 1259 601 cohortes
1298 573 1349 600 ex
1377 557 1444 600 Pi-

108 633 209 660 ceno
241 618 423 660 Lentulo
457 621 499 659 et
530 618 712 660 Thermo
740 619 989 660 ducentibus
1017 595 1116 660 ²cum
1140 617 1306 660 Domiti
1332 632 1445 658 exer-

107 678 197 719 citu
222 677 467 719 coniunctas
494 691 597 732 esse,
623 675 845 719 Caesarem
869 677 1093 719 intercludi
1117 691 1243 731 posse
1266 690 1445 730 eumque

107 737 152 777 id
183 736 349 791 timere,
386 736 595 776 bonorum
632 736 795 777 animos
832 739 1041 778 recieatos
1073 735 1252 792 Romae,
1288 735 1445 790 impro-

107 795 185 836 bos
231 771 352 860 quasi
392 794 618 848 perculsos.
688 794 804 835 Haec
849 797 992 836 metuo
1033 795 1226 849 equidem
1264 808 1318 836 ne
1359 794 1445 835 sint

56 872 89 896 10
111 854 291 908 somnia,
332 852 403 894 sed
446 856 590 894 tamen
625 852 693 894 Μ’.
731 852 954 908 Lepidum,
993 852 1038 894 L.
1077 853 1359 907 Torquatum,
1400 850 1445 894 C.

109 912 303 953 Cassium
334 911 555 952 tribunum
585 912 639 965 pl.
674 910 738 968 (hi
770 912 882 954 enim
917 915 1016 953 sunt
1047 912 1282 966 nobiscum,
1312 912 1356 952 id
1381 913 1445 952 est

107 971 152 1011 in
183 968 429 1026 Formiano)
454 969 676 1011 Philotimi
705 971 873 1012 litterae
900 971 951 1011 ad
975 971 1108 1011 vitam
1132 972 1445 1012 revocaverunt.
1486 1005 1493 1008 .

108 1029 203 1084 Ego
246 1031 387 1070 autem
427 1029 501 1070 illa
541 1032 682 1070 metuo
728 1043 781 1070 ne
821 1030 987 1070 veriora
1030 1030 1134 1084 sint,
1176 1043 1254 1070 nos
1300 1043 1444 1069 omnes

110 1101 240 1141 paene
271 1087 356 1128 iam
388 1090 533 1141 captos
565 1102 668 1142 esse,
697 1085 946 1142 Pompeium
970 1086 1096 1129 Italia
1126 1087 1286 1142 cedere,
1320 1101 1445 1141 quem

58 1164 91 1188 15
112 1146 281 1200 quidem
326 1145 375 1201 (0
425 1160 515 1186 rem
564 1145 798 1201 acerbaml)
842 1147 1039 1201 persequi
1083 1145 1237 1187 Caesar
1280 1146 1444 1187 dicitur.

109 1204 311 1259 Persequi
343 1203 495 1246 Caesar
525 1203 801 1258 Pompeium?
842 1205 970 1259 quid?
1007 1207 1056 1245 ut
1092 1204 1348 1245 interficiat?
1410 1202 1444 1245 O

109 1278 176 1305 me
206 1263 426 1304 miserum!
487 1262 546 1304 Et
576 1277 664 1304 non
702 1277 844 1304 omnes
880 1266 1030 1305 nostra
1062 1278 1239 1317 corpora
1271 1263 1446 1317 opponi-

110 1321 233 1362 mus‘?
294 1319 345 1363 In
377 1335 459 1375 quo
492 1324 541 1362 tu
573 1336 741 1376 quoque
772 1322 1026 1376 ingemiscis.
1077 1321 1158 1363 Sed
1190 1321 1292 1376 quid
1322 1321 1447 1363 facia-

110 1379 232 1420 mus?
293 1379 421 1434 Victi,
454 1380 657 1435 oppressi,
689 1380 801 1434 capti
832 1381 957 1433 plane
988 1395 1146 1422 sumus.

58 1456 91 1480 20
198 1438 293 1493 Ego
334 1440 478 1478 tamen
515 1437 735 1479 Philotimi
781 1439 937 1479 litteris
985 1438 1107 1479 lectis
1147 1438 1312 1480 mutavi
1352 1452 1447 1479 0011-
1474 1450 1492 1479 2

113 1496 256 1537 silium
287 1496 336 1536 de
366 1497 626 1537 mulieribus.
680 1497 803 1551 Quas,
835 1500 882 1537 ut
915 1497 1164 1551 scripseram
1195 1497 1247 1537 ad
1277 1499 1333 1553 te,
1363 1496 1447 1538 Ro-

110 1569 224 1596 mam
255 1554 542 1610 remittebam3
581 1556 653 1597 sed
683 1555 790 1596 mihi
819 1556 935 1597 venit
966 1556 1011 1596 in
1048 1558 1233 1596 mentem
1263 1555 1448 1596 multum

110 1613 201 1655 fore
247 1627 485 1654 sermonem
527 1628 594 1654 me
642 1614 844 1654 iudicium
891 1614 975 1655 iam
1018 1613 1068 1654 de
1111 1628 1236 1655 causa
1277 1613 1448 1668 publica

111 1671 277 1727 fecisse,
311 1686 392 1725 qua
424 1671 643 1725 desperata
676 1672 797 1726 quasi
827 1672 939 1712 1111110
965 1672 1143 1726 gradum
1172 1672 1255 1713 mei
1285 1671 1446 1712 reditus

59 1746 92 1773 25
113 1744 221 1786 esse,
258 1730 370 1784 quod
400 1730 597 1772 mulieres
635 1730 920 1772 revertissent.
981 1729 1045 1771 De
1081 1745 1148 1771 me
1181 1733 1323 1770 autem
1353 1729 1446 1784 ipso

112 1789 193 1830 tibi
213 1788 438 1842 adsentior,
461 1802 515 1830 ne
539 1803 606 1829 me
631 1788 725 1829 dem
749 1788 933 1829 incertae
960 1791 1001 1829 et
1026 1788 1286 1842 periculosae
1310 1788 1448 1842 fugae,

113 1861 207 1888 cum
237 1847 298 1889 rei
323 1847 517 1901 publicae
540 1846 650 1887 nihil
674 1846 847 1901 prosim,
876 1846 985 1886 nihil
1008 1845 1228 1899 Pompeio3
1260 1860 1336 1900 pro
1364 1860 1448 1900 quo

113 1905 245 1946 emori
276 1920 370 1946 cum
400 1906 469 1959 pie
499 1919 676 1960 possum
706 1908 799 1945 tum
829 1904 1035 1946 lubenter.
1091 1904 1271 1945 Manebo
1303 1904 1449 1959 igitur,

115 1963 194 2004 etsi
224 1964 366 2005 vivere
401 1989 463 2005 —-.

63 2038 97 2062 30
205 2021 324 2069 Quod
356 2022 536 2077 quaeris,
566 2021 637 2063 hic
669 2021 770 2075 quid
802 2023 964 2076 agatur,
995 2023 1088 2062 tota
1119 2019 1263 2074 Capua
1295 2022 1336 2061 et
1363 2034 1448 2061 om—
1473 2031 1495 2063 3

115 2079 183 2120 1113
208 2078 276 2120 1110
302 2080 478 2122 dilectus
504 2081 628 2133 iacet,
663 2080 883 2134 desperata
907 2094 973 2120 res
1001 2082 1077 2134 est,
1108 2079 1153 2119 in
1177 2079 1279 2133 fuga
1305 2092 1448 2120 01111103

116 2140 227 2191 sunt,
258 2138 341 2178 nisi
373 2139 446 2192 qui
478 2139 578 2180 deus
611 2138 779 2193 iuverit,
809 2140 857 2179 ut
888 2137 1115 2192 Pompeius
1146 2137 1252 2178 istas
1284 2135 1449 2178 Domiti

115 2196 256 2249 copias
300 2210 395 2237 cum
444 2197 531 2238 suis
583 2197 824 2251 coniungat.
893 2195 973 2237 Sed
1017 2195 1265 2237 videbamur
1308 2195 1449 2236 omnia

115 2253 243 2295 biduo
274 2254 469 2296 triduove
500 2255 658 2297 scituri.
716 2254 906 2296 Caesaris
937 2254 1178 2295 litterarum
1211 2254 1449 2307 exemplum

62 2328 94 2353 35
114 2312 196 2353 tibi
234 2312 349 2367 misi,
388 2327 561 2367 rogaras
603 2314 724 2354 enim.
787 2311 865 2353 Cui
904 2327 982 2353 nos
1014 2312 1135 2353 valde
1173 2312 1276 2353 satis
1313 2312 1450 2353 facere
