1665 2553
337 71 678 107 EPISTULARUM
702 71 766 106 AD
793 69 1009 106 ATTICUM
1033 71 1066 105 H
1092 74 1124 115 4,
1152 75 1182 105 5.
1375 71 1432 112 47

86 167 247 223 tamen,
296 170 345 209 ut
388 167 498 208 nihil
539 166 681 208 minus
724 166 852 209 velim
897 182 1023 221 quam
1066 166 1347 221 Pomponiam
1391 169 1436 207 eb

86 242 266 282 puerum
296 226 459 268 versari
490 225 536 267 in
567 226 720 267 'timore
751 226 910 267 ruinae.

736 342 787 385 V.

436 424 510 459 Ser.
532 424 625 459 Anti
650 436 693 458 m.
715 424 806 468 Apr.
834 435 866 458 α.
895 427 966 458 695
994 426 1085 467 (59).

51 514 66 540 5
515 505 682 541 CICERO
709 505 881 540 ATTICO
910 505 1007 540 SAL.

176 579 312 634 Cupio
346 579 539 634 equidem
578 581 620 620 eb
652 578 736 619 iam
767 578 928 632 pridem
967 578 1090 632 cupio
1122 577 1433 618 Alexandream
1461 591 1480 621 1

85 639 376 693 reliquamque
402 638 647 693 Aegyptum
679 637 814 678 visere
852 640 894 678 eb
933 637 1061 677 simul
1099 637 1151 677 ab
1182 636 1262 677 hac
1298 636 1435 678 homi-

84 712 189 739 num
222 698 420 739 satietate
450 696 590 738 nostri
621 696 832 737 discedere
858 698 900 736 eb
928 710 1024 736 cum
1056 695 1198 750 aliquo
1226 695 1434 737 desiderio

85 757 258 811 reverti3
291 756 363 797 sed
393 756 475 797 1100
504 758 696 808 tempore
728 757 770 795 eb
801 754 868 795 his
900 754 1171 795 missben’cibus

34 857 66 881 ιο
188 837 403 892 ξαἰδέομαι
442 840 589 892 Τρῶας
621 837 692 879 καὶ
732 838 938 894 Τρῳάδας
971 835 1334 886 ἑλκεσιπέπλους.’

88 932 197 981 Quid
219 932 330 973 enim
349 932 488 973 nostri
511 931 752 987 optimates,
779 931 815 972 si
842 931 914 985 qui
940 930 1096 985 reliqui
1124 933 1235 985 sunt,
1260 930 1436 984 loquen-

88 992 188 1032 bur‘?
215 1005 269 1032 an
286 1006 353 1032 me
375 990 518 1045 aliquo
544 991 732 1045 praemio
754 991 803 1031 de
830 990 1041 1031 sementia
1062 1004 1153 1031 esse
1179 989 1435 1030 deduc'cum‘?
1490 1000 1497 1003 ’

187 1073 502 1127 εΠουλυδάμας
534 1089 608 1127 μοι
639 1080 811 1128 πρῶτος
843 1072 1065 1127 ἐλεγχείην
1096 1071 1340 1126 ἀναθήσει,’

91 1165 196 1208 Cato
228 1167 299 1208 ille
331 1169 497 1221 noster,
537 1167 609 1221 qui
640 1167 747 1207 mihi
778 1181 887 1207 unus
920 1169 985 1207 esb
1016 1181 1093 1221 pro
1127 1168 1297 1207 cenbum
1328 1165 1437 1206 mili-

36 1243 70 1269 15
89 1226 181 1267 bus.
252 1224 360 1274 Quid
406 1240 506 1267 vero
559 1225 763 1266 hisboriae
807 1225 856 1266 de
902 1225 1027 1266 nobis
1071 1225 1123 1266 ad
1173 1238 1305 1265 annos
1353 1222 1436 1265 DC

90 1284 400 1338 praedicarinb‘?
456 1283 568 1333 Quas
608 1284 776 1338 quidem
809 1297 887 1339 ego
932 1284 1069 1325 multo
1113 1283 1251 1339 magis
1288 1298 1438 1324 vereor

92 1358 219 1397 quam
251 1357 397 1384 eorum
427 1342 662 1398 hominum,
693 1343 767 1397 qui
798 1342 924 1384 hodie
955 1343 1125 1397 vivunb,
1155 1342 1437 1383 rumusculos.

93 1400 187 1455 Sed,
218 1403 381 1456 opinor,
415 1401 672 1455 excipiamus
706 1404 747 1442 eb
780 1404 1080 1455 exspectemus.
1144 1400 1189 1442 Si
1226 1400 1338 1441 em'm
1372 1401 1438 1441 de-

92 1460 262 1513 feretur,
294 1461 374 1501 erit}
406 1460 610 1514 quaedam
638 1463 785 1501 nostra
810 1463 1014 1514 potestas,
1046 1463 1088 1501 ei]
1114 1462 1206 1500 tum
1234 1459 1438 1500 delibera—

38 1537 72 1561 20
91 1518 243 1560 bimus.
282 1518 428 1559 Etiam
453 1518 622 1559 hercule
655 1522 718 1559 esi:
749 1519 794 1559 in
823 1533 910 1560 non
937 1519 1179 1573 accipiendo
1206 1533 1293 1559 non
1318 1518 1439 1559 nulla

92 1577 239 1633 gloria.
304 1576 454 1631 Quare,
487 1577 523 1617 si
555 1577 657 1631 quid
685 1578 913 1632 Θεοφάνης
938 1580 1079 1619 tecum
1110 1578 1221 1618 forte
1251 1577 1439 1618 contule-

92 1636 161 1691 rit,
191 1650 245 1677 ne
278 1636 449 1677 omnino
484 1636 732 1689 repudiaris.

179 1693 244 1736 De
274 1694 370 1735 istis
402 1695 528 1735 rebus
560 1698 756 1748 exspecto
789 1696 884 1735 Juuas
923 1694 1110 1748 litteras,
1152 1694 1253 1748 quid
1284 1693 1437 1735 Arrius
1465 1706 1485 1736 2

91 1756 246 1808 narret,
278 1767 360 1808 quo
394 1753 533 1794 animo
568 1767 611 1794 se
642 1753 895 1794 destitutum
920 1753 1042 1806 ferab,
1075 1755 1118 1793 e't
1145 1753 1217 1806 qui
1244 1752 1438 1793 consules

40 1828 74 1854 25
93 1815 307 1866 parentur,
335 1815 493 1865 ubrum,
518 1813 566 1851 uh
586 1811 734 1865 populi
759 1825 909 1864 serm0‚
934 1810 1161 1864 Pompeius
1190 1814 1231 1852 eb
1259 1810 1438 1852 Crassus

95 1884 159 1924 an,
189 1873 239 1911 ut
269 1871 376 1911 mihi
408 1870 624 1923 scribibur,
663 1884 757 1910 cum
790 1868 973 1910 Gabinio
1007 1867 1177 1910 Servius
1212 1868 1440 1923 Sulpicius,

96 1931 137 1969 eb
167 1943 270 1969 num
302 1943 409 1983 quae
438 1943 573 1970 novae
603 1929 720 1983 leges
760 1931 801 1969 eb
837 1943 939 1968 num
977 1928 1080 1982 quid
1118 1928 1219 1968 novi
1252 1928 1440 1982 omnino,

96 1989 149 2042 et,
182 1988 381 2041 quoniam
407 1986 552 2042 Nepos
583 1987 878 2041 proficiscitur,
912 1987 1080 2028 cuinam
1112 1989 1345 2040 auguratus
1374 1987 1441 2027 de-

95 2045 274 2100 feratur3
315 2060 398 2100 quo
440 2047 611 2101 quidem
651 2060 736 2087 uno
780 2059 857 2100 ego
901 2046 952 2086 ab
994 2045 1088 2085 istis
1126 2045 1219 2098 capi
1250 2059 1438 2099 possum.

42 2121 76 2145 30
95 2102 204 2144 Vide
234 2103 454 2146 levitalzem
485 2119 632 2146 meam.
685 2103 766 2145 Sed
793 2104 895 2158 quid
927 2117 1004 2158 ego
1036 2103 1151 2158 haec,
1183 2117 1289 2157 quae
1315 2104 1439 2158 cupio

97 2162 305 2216 deponere
337 2165 379 2203 eb
409 2166 502 2204 toto
535 2163 675 2204 animo
709 2166 837 2217 atque
870 2162 984 2203 omni
1017 2176 1116 2203 cura
1148 2163 1440 2217 φιλοσοφεῖνῖ)

99 2219 178 2274 Sic,
210 2221 397 2276 inquam,
422 2222 467 2262 in
493 2223 632 2262 animo
659 2224 740 2274 esb3
771 2221 923 2262 vellem
951 2220 1002 2261 ab
1029 2220 1166 2275 iniffio,
1191 2235 1302 2262 nunc
1328 2236 1441 2275 vero,

98 2280 316 2334 quoniam,
359 2294 464 2333 quae
505 2280 652 2334 putavi
693 2295 783 2321 esse
825 2279 1056 2333 praeclara,
1104 2283 1302 2334 expertus
1345 2295 1440 2321 sum
