1665 2553
201 76 284 117 1:28
339 75 389 110 M.
415 75 558 110 TULLI
583 73 833 109 CICERONIS
862 74 1008 108 EPIST.
1035 73 1100 108 AD
1125 74 1344 109 ATTICUM
1367 74 1419 109 IV
1445 78 1500 109 19.

199 171 416 226 gationem
436 171 675 212 amandam!
702 185 830 224 quam
848 169 1086 211 mehercule
1105 183 1183 224 ego
1203 170 1326 211 valde
1345 170 1549 211 timebam

199 230 425 271 recordans
459 229 689 283 superioris
723 232 821 269 tuae
853 228 1191 269 transmissionis
1224 228 1405 283 δέρρεις.
1456 227 1550 284 Sed,

199 289 285 330 nisi
315 289 453 342 fallor,
485 288 610 329 citius
637 291 692 342 te,
724 302 850 341 quam
878 287 1042 341 scribis,
1072 287 1236 328 videbo.
1275 286 1410 328 Credo
1437 288 1550 328 enim

200 350 244 388 te
283 350 456 401 putasse
497 349 593 387 tuas
634 346 832 387 mulieres
865 345 910 386 in
934 345 1093 399 Apulia
1125 360 1225 386 esse.
1289 345 1412 394 Quod
1452 361 1548 387 cum

203 420 322 446 secus
364 406 462 460 erit,
503 405 605 459 quid
644 407 687 445 te
718 404 876 457 Apulia
914 404 1134 445 moretur?
1194 403 1311 445 Num
1344 404 1547 446 Vestorio
1585 422 1601 447 5

203 464 329 504 dandi
375 467 473 504 sunt
517 464 605 504 dies
645 465 685 503 et
723 463 794 503 ille
826 462 1005 503 Latinus
1045 462 1293 516 ἀττικισμὸς
1332 477 1383 503 ex
1419 463 1548 504 inter-

201 523 314 563 vallo
355 521 668 577 regustandus‘?
738 520 849 569 Quin
889 524 938 562 tu
977 521 1061 562 huc
1103 521 1273 562 advolas
1316 524 1359 562 et
1398 521 1547 562 invisis

202 581 318 622 illius
350 584 521 622 nostrae
553 581 614 630 rei
652 580 846 634 publicae
876 580 907 634 ’ξ’
928 578 1135 620 Germane
1167 580 1316 633 putavi
1348 580 1397 620 de
1428 595 1549 621 num-

201 640 282 681 mis
315 643 412 680 ante
438 639 611 680 comitia
635 639 835 679 tributim
859 653 944 679 uno
970 638 1062 679 loco
1090 639 1237 679 divisis
1269 638 1422 694 palam,
1452 639 1548 679 inde

18 711 138 741 (va
157 712 185 742 3)
206 698 451 739 absolutum
493 697 722 738 Gabinium
767 697 1020 738 dictaturam
1059 698 1089 751 η’·
1119 697 1257 738 fruere
1296 697 1464 738 iustitio
1507 699 1550 738 et
1569 714 1603 739 ιο

158 770 178 800 ‘2
207 757 395 798 onmium
438 771 580 797 rerum
625 756 807 796 licentia.
877 755 1072 810 Perspice
1121 756 1378 809 aequitatem
1420 751 1551 797 animi

203 816 287 857 mei
319 818 360 856 et
392 816 421 868 ἦ
439 815 586 855 ludum
618 818 659 855 et
691 815 1051 868 contemptionem
1084 813 1351 856 Seleucianae
1382 815 1551 868 provin-

205 875 292 916 ciae
325 877 366 914 et
391 874 629 914 mehercule
656 887 750 914 cum
771 871 949 914 Caesare
973 873 1269 914 suavissimam
1291 873 1551 914 coniunctio-

205 948 303 974 nem
335 933 456 988 (haec
488 933 599 973 enim
630 946 696 972 me
728 946 812 972 una
851 946 901 972 ex
938 932 1019 973 hoc
1049 932 1272 986 naufragio
1304 932 1453 972 tabula
1484 932 1551 972 de-

205 990 372 1047 lectat),
405 991 477 1045 qui
510 991 681 1045 quidem
707 989 913 1039 Quintum
940 1005 1083 1031 meum
1113 993 1331 1045 tuumque,
1362 990 1405 1030 di
1430 990 1550 1031 boni!
1571 1005 1604 1032 15

208 1065 333 1104 quem
353 1050 405 1091 ad
429 1050 603 1090 modum
629 1052 788 1090 tractat
819 1049 991 1103 honore,
1024 1049 1244 1104 dignitate,
1277 1049 1433 1103 gratia!
1464 1063 1553 1090 non

208 1123 327 1149 secus
377 1123 423 1149 ac
465 1108 500 1148 si
542 1121 619 1162 ego
661 1122 795 1148 essem
841 1108 1083 1161 imperator.
1143 1107 1335 1148 Hiberna
1369 1107 1551 1162 legionis

208 1167 390 1221 eligendi
432 1166 549 1219 optio
593 1166 729 1206 delata
767 1166 1050 1219 commodum,
1091 1169 1139 1206 ut
1181 1166 1232 1206 ad
1269 1180 1335 1206 me
1367 1164 1550 1214 Quintus

209 1225 368 1266 scribit.
429 1224 555 1265 Hunc
587 1227 635 1265 tu
665 1238 753 1264 non
784 1224 926 1265 ames?
959 1225 1085 1278 quem
1116 1224 1249 1278 igitur
1280 1224 1491 1265 istorum?

297 1282 378 1324 Sed
408 1283 514 1324 heus
555 1284 620 1323 tu!
664 1283 967 1336 scripseramne
1006 1283 1089 1323 tibi
1127 1297 1194 1323 me
1235 1297 1324 1322 esse
1362 1282 1552 1336 legatum
1572 1299 1605 1324 20

206 1340 410 1395 Pompeio
444 1344 485 1382 et
517 1344 637 1382 extra
666 1341 814 1382 urbem
841 1341 1011 1395 quidem
1035 1341 1125 1382 fore
1158 1355 1207 1382 ex
1232 1339 1380 1382 Idibus
1405 1339 1553 1381 Ianua-

207 1400 312 1441 riis?
373 1400 528 1441 Visum
559 1405 622 1440 est
661 1399 742 1440 hoc
781 1400 887 1440 mihi
924 1400 977 1440 ad
1015 1400 1152 1440 multa
1193 1399 1409 1453 quadrare.
1472 1398 1553 1440 Sed

210 1458 312 1512 quid
343 1458 495 1512 plura?
528 1457 701 1513 Coram,
733 1459 902 1513 opinor,
933 1458 1117 1514 reliqua,
1147 1460 1196 1498 ut
1227 1461 1275 1498 tu
1306 1460 1450 1499 tamen
1481 1458 1553 1498 ali-

210 1517 313 1571 quid
344 1519 569 1570 exspectes.
631 1516 840 1570 Dionysio
873 1517 1102 1571 plurimam
1134 1516 1332 1571 salutem3
1364 1517 1431 1557 cui
1463 1516 1553 1570 qui-

209 1576 303 1616 dem
329 1589 406 1630 ego
432 1590 520 1616 non
545 1576 669 1616 modo
698 1575 874 1631 servavi,
905 1575 979 1616 sed
1004 1576 1132 1616 etiam
1158 1575 1374 1616 aedificavi
1399 1575 1551 1616 locum.
1572 1590 1605 1616 25

210 1632 319 1682 Quid
351 1634 546 1688 quaeris?
589 1634 640 1675 ad
672 1649 879 1675 summam
913 1634 1122 1674 laetitiam
1153 1648 1307 1687 meam,
1344 1647 1471 1687 quam
1502 1647 1553 1674 ex

209 1695 284 1733 tuo
316 1693 455 1733 reditu
487 1693 619 1747 capio,
649 1707 829 1747 magnus
855 1692 970 1733 illius
992 1692 1196 1733 adventus
1223 1692 1415 1732 cumulus
1442 1705 1554 1732 acce-

210 1751 283 1792 dit.
346 1750 436 1800 Quo
471 1751 536 1792 die
569 1751 620 1792 ad
651 1766 717 1792 me
749 1751 902 1805 venies,
930 1752 1002 1804 fac
1032 1753 1092 1806 ut,
1125 1751 1162 1792 si
1186 1765 1252 1792 me
1283 1764 1411 1805 amas,
1443 1749 1554 1804 apud

209 1824 276 1850 me
309 1824 404 1851 cum
434 1810 521 1851 tuis
554 1824 737 1851 maneas.
