1665 2553
646 90 684 124 P.
707 93 899 126 120-124.
1324 87 1474 123 XXXIX

136 188 182 219 23
201 185 302 228 facit
321 183 492 218 Wesenb.
515 183 665 226 invitus,
687 184 804 218 eredo.
826 205 871 209 —
890 187 934 218 28
954 195 1029 218 uon
1047 184 1142 218 nihil
1162 182 1347 225 Wesenb.,
1368 182 1472 224 Boot,

136 231 299 276 Tyr-rell,
336 232 491 276 flamen
527 242 601 265 ozon
638 231 776 265 Baiter.
820 232 831 275 Η
881 231 926 265 Ρ.
949 230 1038 265 123.
1060 234 1077 264 1
1110 235 1151 265 ut
1181 242 1205 265 a
1235 230 1308 265 tuis
1339 241 1405 263 scr.
1428 228 1472 262 cf.

136 291 171 323 p.
195 282 271 312 118.
293 281 357 320 23,
388 278 544 312 mutabis
569 277 622 319 Μ,
654 282 695 312 ut
719 278 834 323 †abis
858 277 986 311 Baiter
1013 277 1104 311 coni.
1130 282 1170 312 ut
1195 289 1219 312 a
1242 277 1345 311 uobis
1370 276 1474 320 <item

138 326 194 359 Fr.
223 324 391 359 Schmidt
420 335 542 369 progr.
569 324 733 358 Norimb.
756 328 846 358 1879
878 337 911 369 p.
934 327 1009 368 24),
1047 324 1238 367 Wesenb,
1276 324 1370 357 Boot
1403 322 1474 356 ‘vel

139 384 222 406 cum
254 372 409 406 Ernesto
441 372 479 405 in
510 376 551 406 ut
581 372 714 414 abires,
753 371 811 405 vel
841 371 880 405 in
910 376 951 405 ut
983 383 1006 406 a
1031 372 1121 414 tuis,
1159 371 1216 405 vel
1241 370 1365 414 potius
1392 381 1475 403 cum

138 419 350 453 Meutznero
381 423 423 454 ut
453 430 476 452 a
507 419 610 453 uobis
641 423 691 453 tot
714 418 790 453 dies
814 418 965 452 mutari’
993 418 1142 461 iubens,
1176 418 1271 452 nihil
1294 422 1335 451 ut
1360 417 1475 451 abires

138 465 301 510 Tyrrell,
334 466 397 500 abs
421 469 453 500 te
479 466 541 509 (ad
566 477 599 509 p.
623 468 677 499 98.
701 467 768 509 14),
794 466 839 499 ab
865 467 930 499 isto
957 465 1032 499 alii.
1072 486 1117 490 ——
1155 469 1174 498 2
1200 466 1264 499 hoe
1288 463 1473 505 Wesenb.,

138 513 243 547 Boot.
282 512 341 546 Ad
359 525 393 556 p.
413 516 465 546 12.
483 516 512 546 6.
535 533 580 536 -
600 516 620 545 3
641 513 761 557 eyisse
780 511 846 555 ΜΣ,
867 511 1052 554 Wesenb,
1072 512 1176 546 Boot.
1215 511 1257 545 V.
1272 523 1306 555 p.
1324 514 1401 544 240.
1419 513 1473 552 28,

141 563 218 594 305.
241 563 302 602 30,
339 563 418 593 407.
443 563 478 601 5,
518 559 563 592 de
596 569 670 593 sen.
691 571 725 603 p.
755 563 830 592 142.
853 563 890 602 8,
930 559 1031 593 Ovid.
1053 559 1139 593 Met.
1161 558 1208 592 IX
1232 562 1315 600 7353
1361 557 1404 591 cf.
1427 557 1475 590 ad

138 619 175 651 p.
194 609 271 640 280.
288 610 343 649 25,
370 606 455 640 fam.
471 617 504 649 p.
523 610 599 639 134.
617 609 669 639 31.
697 627 742 630 —
767 609 787 639 8
808 607 870 640 isti
894 610 926 640 te
952 618 1030 649 sein,
1058 606 1138 640 istie
1162 610 1193 640 te
1213 604 1365 649 Madvig
1383 604 1473 637 Adv.

140 653 190 687 ΠΙ
215 665 249 698 p.
273 657 338 687 173
355 664 397 696 sq
418 682 425 696 ,
461 653 523 687 isti
547 652 618 695 Ml,
653 653 686 687 is
710 657 741 687 te
766 652 832 695 ΜΞ,
865 653 945 687 edd.
996 653 1055 686 Ad
1079 665 1113 697 p.
1137 657 1167 687 8.
1190 656 1243 686 19.
1283 673 1328 676 —
1368 655 1408 685 19
1435 651 1476 684 iu

140 701 270 735 Asiam
294 711 404 744 ueque
430 699 497 736 (sic
523 699 645 741 codd,
674 699 721 732 ad
746 711 780 743 p.
802 703 856 733 24.
878 702 912 743 8)
942 711 1119 744 quoquam
1144 700 1313 743 cuiquam
1331 697 1476 731 Klotzio

141 748 292 781 auctore
318 746 462 790 Tyrrell
489 757 542 790 ep.
567 750 643 780 149.
665 767 710 771 —-
730 750 774 780 20
799 758 859 780 eae
883 746 945 780 hic
965 747 1060 788 add,
1089 748 1175 780 ante
1193 750 1277 780 suut
1296 745 1475 787 Lambin.,

140 794 285 835 Baiter,
318 793 477 837 Tyrrell,
511 795 597 826 ante
623 793 795 837 epistulae
820 793 962 835 Bosius,
994 793 1180 836 Wesenb,
1206 793 1309 827 Boot.
1350 813 1394 816 —
1432 795 1476 825 23

140 853 185 876 ue
225 841 313 884 quid
343 841 465 885 aliquo
497 851 562 873 scr.
584 839 760 873 Fleckeis.
783 840 904 874 annal.
927 843 1017 874 1897
1050 852 1085 884 p.
1107 843 1192 883 849,
1228 840 1384 883 lepidum
1410 849 1477 882 quo

142 888 181 921 M
210 887 271 931 gad
296 899 330 931 p.
352 891 406 921 65.
429 888 498 930 30),
525 898 607 920 cum
633 897 739 921 cruce
764 886 901 930 Baiter,
927 887 1022 921 Boot
1039 887 1140 930 prob.
1158 886 1316 921 Gronovi
1337 885 1477 920 coniec-

142 937 265 968 turam
289 945 333 968 ἠε
358 934 492 968 dietum
517 934 612 977 quod
636 933 693 967 vel
720 933 883 967 Starkeri
909 945 953 968 ue
977 935 1065 977 quid
1088 945 1260 977 uuquam,
1288 933 1386 976 quod
1410 932 1477 965 mi·-

141 993 203 1016 ror
234 980 346 1014 etiam
371 980 584 1014 Lehmanno
610 980 796 1024 placuisse
823 980 1045 1014 ‘Jahresben
1068 980 1132 1014 des
1157 980 1285 1024 philol.
1307 978 1475 1013 Vereins'

145 1031 234 1062 1888
265 1039 300 1071 p.
322 1031 406 1070 283,
444 1027 641 1070 Lepidum,
678 1037 746 1071 quo
777 1028 955 1071 †eoecidat
979 1027 1170 1070 Wesenb.,
1210 1027 1367 1071 lepidum
1391 1026 1479 1070 quid

141 1087 187 1110 ue
212 1085 278 1119 quo
305 1074 446 1108 eaecidat
470 1073 614 1117 Tyrrell
639 1073 692 1117 (id
713 1076 792 1107 erat
812 1073 956 1108 scilicet
974 1074 1198 1118 verendum),
1224 1074 1367 1118 trepidi,
1391 1075 1497 1107 uum‘

142 1132 212 1166 quo
232 1121 399 1156 excidant
418 1120 473 1154 Fr.
488 1119 655 1154 Schmidt
673 1131 794 1164 progr.
809 1120 973 1154 Norimb.
989 1124 1077 1154 1879
1098 1133 1132 1164 p.
1146 1125 1201 1163 24,
1220 1132 1264 1155 ue
1283 1120 1479 1164 quidquam

143 1180 215 1203 eme.
258 1168 300 1201 A.
315 1167 355 1201 E.
371 1167 533 1201 Koerner
559 1167 645 1201 diss.
666 1167 764 1211 Lips.
787 1171 876 1201 1885
902 1180 937 1212 p.
959 1171 1012 1202 55.
1029 1189 1073 1197 .—-
1094 1171 1137 1201 25
1147 1179 1199 1210 sq.
1214 1169 1288 1211 ipse
1307 1177 1479 1210 suusque

143 1214 297 1259 Tyr-rell.
337 1236 381 1239 —
420 1218 462 1248 26
494 1215 669 1256 fecissent
694 1214 791 1248 Man.
815 1216 908 1248 auct.
930 1214 1026 1259 vulg.
1049 1215 1131 1248 edd.
1151 1216 1300 1258 praeter
1324 1213 1476 1257 Tyrrell.

143 1261 324 1306 imperite.
377 1259 428 1294 Cf.
451 1261 498 1294 ad
523 1273 556 1304 p.
579 1264 633 1294 83.
657 1265 709 1294 12.
749 1282 794 1285 —
831 1265 874 1294 29
891 1272 942 1304 sq.
963 1272 1038 1296 uon
1070 1262 1144 1296 lata
1169 1260 1313 1304 Tyr-rell
1346 1270 1476 1302 errore,

142 1311 187 1342 ut
212 1308 365 1342 videtur.
405 1329 451 1332 —
489 1311 531 1341 32
559 1319 599 1342 ea
624 1308 682 1342 die
706 1308 834 1350 fuisset
857 1307 982 1349 Klotz,
1015 1308 1158 1351 Tyrrell
1185 1308 1276 1342 coni.
1299 1319 1331 1341 a.
1354 1308 1387 1341 d.
1411 1335 1417 1341 .
1441 1335 1446 1341 .
1471 1335 1476 1340 .

143 1356 271 1398 fuisset
305 1365 378 1388 non
409 1353 631 1398 improbab„
671 1355 769 1397 quod
799 1354 838 1388 in
864 1354 901 1388 M
934 1356 990 1389 est
1023 1355 1214 1397 adfuisset,
1253 1364 1479 1397 quamquam

143 1401 375 1446 probabilius
415 1401 529 1434 etiam
565 1401 711 1435 videtur
748 1402 938 1444 adfuisset
956 1401 995 1435 in
1019 1412 1092 1435 uno
1118 1402 1156 1435 M
1188 1401 1367 1445 scriptum
1399 1411 1478 1434 esse

146 1454 189 1492 (v,
211 1448 402 1482 Lehmann
427 1448 503 1481 Att.
523 1459 557 1491 p.
576 1451 630 1488 14,
652 1452 706 1489 29,
727 1451 770 1481 46
787 1449 854 1492 sq.)
879 1450 1031 1492 propter
1051 1459 1132 1482 eam
1153 1458 1313 1491 causam,
1339 1448 1385 1481 de
1405 1458 1479 1491 qua

147 1496 195 1528 ad
219 1507 253 1539 p.
277 1499 329 1528 24.
352 1498 382 1529 8.
415 1515 460 1519 —
492 1498 535 1528 33
561 1495 636 1539 [et]
661 1495 764 1528 Boot.
809 1497 819 1538 Η
862 1495 907 1530 P.
929 1494 1018 1530 124.
1039 1499 1059 1529 3
1075 1507 1126 1538 sq.
1148 1499 1243 1530 totus
1267 1496 1358 1529 iacet
1382 1494 1478 1528 Reid

145 1541 336 1576 Hermath.
357 1541 389 1574 X
416 1544 504 1574 1897
530 1553 565 1584 p.
589 1545 671 1583 113,
709 1542 879 1583 †eoez'ace
904 1542 1046 1584 Baiter,
1084 1541 1275 1584 WVesenb.,
1307 1541 1365 1576 hie
1388 1542 1479 1576 iacet

145 1589 250 1631 Boot,
281 1589 345 1623 hoe
369 1589 460 1622 iacet
483 1587 698 1630 Mommsen,
725 1587 877 1631 Tyrrell.
905 1610 950 1613 —
976 1592 996 1622 5
1019 1589 1231 1634 [Memnm']
1255 1589 1358 1622 Boot.
1386 1610 1431 1613 —
1457 1591 1477 1621 6

145 1635 376 1681 [Domitius]
401 1634 579 1679 Pluygers
606 1634 737 1668 Mnem.
762 1638 849 1668 1881
877 1647 911 1679 p.
929 1639 1007 1678 127,
1032 1636 1135 1669 Boot.
1158 1657 1203 1660 -—
1224 1639 1266 1669 12
1292 1635 1363 1669 Res
1388 1635 1479 1669 cedit

149 1682 241 1716 ‘cod
250 1681 482 1715 Antonianus
494 1681 776 1725 Malaespinae',
787 1681 924 1724 Baiter,
933 1681 1086 1726 Tyr-rell,
1097 1682 1229 1716 laudat
1238 1682 1333 1716 Boot
1343 1681 1475 1715 Mnem.

149 1732 237 1762 1892
257 1741 291 1772 p.
309 1732 386 1770 118,
405 1739 460 1762 res
479 1729 567 1762 cidit
586 1728 623 1761 M
631 1729 652 1770 ¹,
672 1728 864 1772 †Reseidit
876 1728 1061 1771 WVesenb.,
1082 1729 1155 1763 Res
1173 1729 1263 1763 sedit
1281 1729 1385 1770 Boot,
1407 1728 1478 1762 Res

145 1776 271 1810 cecidit
295 1774 447 1819 Madvig
471 1774 561 1808 Adv.
583 1774 632 1807 ΠΙ
651 1786 684 1818 p.
709 1779 791 1817 174,
823 1775 923 1819 prob.
944 1776 1135 1810 Lehmann
1169 1775 1390 1809 ‘Jahresben
1413 1775 1476 1809 des

146 1821 274 1866 philol.
295 1821 463 1855 Vereins’
493 1824 582 1855 1888
607 1833 641 1865 p.
664 1825 740 1855 284.
767 1843 813 1846 —
846 1826 888 1855 16
914 1823 1139 1857 rettulerunt
1162 1821 1347 1863 VVesenb„
1372 1822 1477 1865 Boot,

146 1868 299 1912 Tyrrell.
350 1867 467 1902 Nemo
498 1868 696 1912 temptavit
725 1880 759 1912 p.
788 1873 842 1902 21.
871 1873 931 1912 12,
971 1873 1024 1903 71.
1047 1872 1108 1911 26,
1147 1872 1224 1902 516.
1247 1872 1284 1911 9,
1323 1872 1477 1911 51818,

146 1915 224 1949 Mil.
246 1919 300 1949 24.
323 1918 420 1949 65m.
476 1914 617 1949 Eodem
652 1915 815 1959 pertinet
851 1917 900 1950 ad
930 1917 1038 1950 istum
1067 1927 1141 1950 rem
1170 1914 1271 1948 Verr.
1293 1915 1309 1947 Ι
1334 1918 1388 1949 54.
1412 1918 1478 1949 140

148 1964 194 2005 (p.
219 1964 295 1996 191.
318 1964 392 2006 34),
431 1962 479 1996 ad
503 1962 598 1996 huuc
623 1963 783 1996 ordinem
805 1973 861 1997 res
885 1963 1036 2006 optimas
1060 1961 1154 1995 Phil.
1175 1962 1191 1994 I
1218 1966 1247 1995 1.
1270 1965 1301 2004 2,
1332 1973 1406 1996 rem
1431 1962 1479 1996 ad

147 2009 279 2043 amicos
309 2008 368 2042 fin.
389 2007 423 2041 Π
449 2011 503 2042 17.
525 2012 586 2051 55,
619 2008 688 2042 div.
709 2009 725 2042 I
751 2012 804 2042 26.
827 2012 870 2042 55
887 2020 917 2043 a.
940 2020 1011 2051 ex.,
1051 2019 1198 2043 causam
1227 2009 1277 2042 ad
1302 2009 1480 2052 populum

147 2055 221 2088 red.
244 2055 292 2088 ad
315 2066 398 2099 pop.
421 2058 451 2089 5.
474 2059 516 2088 12
532 2066 604 2098 ex.,
635 2067 782 2090 causam
808 2057 856 2090 ad
887 2067 939 2090 me
963 2065 1037 2099 rep.
1059 2055 1109 2088 HI
1135 2058 1166 2088 5.
1187 2058 1224 2097 8,
1257 2056 1405 2090 oracula
1431 2056 1479 2090 ad

147 2101 372 2136 dialecticum
398 2101 467 2135 div.
489 2102 522 2135 Π
548 2105 601 2135 56.
625 2105 690 2135 115
704 2114 764 2146 m.,
792 2103 870 2137 visa
895 2103 943 2136 ad
967 2102 1194 2136 coniectorem
1214 2105 1361 2136 63.129.
1408 2101 1479 2136 Sed

146 2147 242 2181 falso
267 2147 400 2192 negavi
426 2148 474 2181 ad
498 2148 599 2182 Verr.
621 2148 671 2182 IV
696 2153 750 2183 39.
772 2152 816 2182 85
843 2148 930 2182 ferri
955 2158 1064 2192 posse
1082 2149 1201 2191 refert
1218 2160 1292 2183 rem
1310 2150 1359 2184 ad
1376 2160 1479 2183 seua-

146 2198 232 2229 tum.
286 2193 324 2228 V.
344 2194 404 2228 hic
428 2207 462 2238 p.
486 2199 539 2228 14.
562 2199 623 2237 36,
659 2198 712 2229 20.
736 2199 796 2236 28,
829 2199 883 2228 34.
906 2198 966 2236 33,
1000 2198 1076 2228 124.
1099 2198 1159 2237 20,
1194 2198 1270 2230 199.
1293 2199 1348 2238 28,
1382 2196 1476 2230 dom.

149 2244 202 2274 53.
220 2244 285 2274 136
300 2252 333 2284 p.
349 2252 408 2283 m.,
435 2241 521 2275 Sall.
538 2240 614 2275 Cat.
632 2246 685 2275 29.
704 2246 734 2284 1,
760 2241 884 2275 Liv.11
904 2245 983 2282 5.1,
1009 2240 1060 2274 IV
1086 2245 1138 2275 13.
1155 2245 1275 2284 svar„
1300 2242 1429 2276 XXIG.
1446 2246 1477 2284 5,

147 2286 244 2320 XLII
270 2291 323 2321 20.
346 2291 377 2330 2,
404 2287 488 2321 Tac.
511 2298 592 2322 ann.
609 2288 658 2321 ΠΙ
679 2292 731 2322 63.
747 2292 780 2330 4,
807 2286 899 2321 Gell.
915 2287 946 2320 X
969 2292 998 2321 1.
1016 2291 1053 2330 73
1079 2287 1156 2322 har.
1171 2299 1265 2333 resp.
1282 2291 1336 2323 28.
1354 2292 1396 2323 61
1412 2299 1479 2332 ex,
