1665 2553
155 1309 173 1340 1

453 634 527 686 M.
561 625 813 686 TULLI
847 633 1295 689 CICERONIS

381 751 888 798 EPISTULARUM
925 751 1015 797 AD
1055 752 1375 819 ATTICUAM

632 865 806 907 LIBER
839 864 1116 914 Qnifflrus

860 1064 890 1106 Ι.

460 1144 535 1181 Ser.
563 1145 699 1179 Romae
724 1146 811 1179 med.
838 1157 882 1179 m.
910 1145 1002 1189 Sept.
1030 1157 1062 1180 α.
1091 1148 1164 1180 697
1191 1148 1282 1189 (57).
1580 1153 1595 1179 5

627 1225 794 1261 CICERO
822 1226 994 1261 ATTICO
1022 1220 1119 1261 SAL.

291 1297 399 1340 Cum
434 1299 620 1352 primum
651 1297 832 1338 Romam
863 1299 977 1353 veni,
1018 1298 1201 1354 fuitque,
1241 1299 1308 1339 eui
1348 1303 1458 1341 recte
1490 1300 1542 1341 ad

201 1360 243 1398 te
274 1357 440 1398 litteras
478 1357 636 1411 darem,
675 1356 784 1397 nihil
820 1357 937 1410 prius
974 1357 1210 1397 faciendum
1246 1357 1352 1398 mihi
1382 1359 1541 1413 putavi,

203 1429 328 1469 quam
378 1418 425 1455 ut
475 1416 555 1456 tibi
605 1415 769 1456 absenti
819 1415 868 1455 de
919 1415 1056 1456 reditu
1099 1418 1247 1456 nostro
1292 1417 1539 1470 gratularer.

203 1473 443 1528 Cognoram
474 1474 597 1527 enim,
629 1477 676 1514 ut
708 1489 803 1515 vere
835 1474 1035 1529 scribam,
1066 1475 1109 1515 te
1140 1474 1184 1515 in
1215 1475 1403 1516 consiliis
1435 1476 1594 1517 mihim

202 1533 348 1573 dandis
374 1547 450 1573 nee
475 1532 696 1573 fortiorem
721 1547 797 1574 nee
823 1532 1139 1586 prudentiorem
1160 1547 1285 1586 quam
1310 1548 1376 1574 me
1401 1534 1541 1587 ipsum

201 1605 278 1632 nee
297 1591 424 1631 etiam
445 1605 521 1644 pro
542 1591 771 1645 praeterita
802 1606 894 1631 mea
926 1591 969 1631 in
1000 1594 1042 1631 te
1069 1591 1337 1632 observantia
1360 1592 1539 1633 nimium

201 1650 247 1690 in
272 1649 463 1690 custodia
489 1649 638 1690 salutis
663 1665 779 1691 meae
806 1649 1062 1705 diligentem,
1095 1650 1355 1703 eundemque
1380 1653 1433 1703 te,
1467 1651 1539 1704 qui

202 1708 349 1762 primis
390 1708 653 1762 temporibus
702 1708 856 1749 erroris
902 1709 1038 1749 nostri
1079 1711 1150 1748 aut
1197 1709 1338 1762 potius
1384 1709 1539 1750 furoris

203 1767 413 1820 particeps
456 1770 497 1808 et
536 1767 634 1807 falsi
675 1767 842 1807 timoris
884 1767 1021 1807 socius
1061 1767 1230 1822 fuisses,
1270 1767 1538 1808 acerbissime
1558 1783 1591 1810 15

204 1825 424 1866 discidium
455 1827 651 1866 nostrum
681 1825 829 1866 tulisse
862 1825 1177 1879 plurimumque
1203 1839 1365 1880 operae,
1396 1825 1539 1881 studii,

204 1884 459 1938 diligentiae,
485 1884 643 1924 laboris
665 1884 716 1924 ad
742 1883 1045 1924 conficiendum
1069 1884 1252 1924 reditum
1278 1897 1419 1924 meum
1445 1898 1538 1925 con-

204 1942 364 1983 tulisse.
422 1941 573 1996 Itaque
603 1942 683 1983 hoc
714 1942 795 1982 tibi
826 1957 922 1983 vere
953 1942 1140 1997 adfirmo,
1170 1942 1214 1982 in
1245 1942 1428 1982 maxima
1458 1942 1538 1983 lae-

204 2000 301 2041 titia
334 2003 375 2042 et
407 2001 727 2054 exoptatissima
759 2001 1044 2055 gratulatione
1075 2014 1206 2040 unum
1238 2000 1289 2040 ad
1326 2000 1537 2041 cumulan-

204 2058 303 2099 dum
335 2059 536 2113 gaudium
567 2061 835 2112 conspectum
861 2061 934 2099 aut
965 2058 1108 2112 potius
1134 2058 1400 2112 complexum
1431 2059 1537 2099 mihi
1556 2076 1590 2100 20

204 2118 326 2157 tuum
346 2117 535 2158 defuisse.
581 2117 713 2166 Quem
740 2117 868 2158 semel
893 2120 1040 2158 nactus
1065 2116 1101 2157 si
1120 2131 1322 2170 umquam
1341 2117 1536 2158 dimisero

205 2188 251 2214 ae
290 2175 374 2215 nisi
422 2176 549 2216 etiam
595 2175 914 2229 praetermissos
959 2175 1121 2215 fructus
1168 2178 1266 2216 tuae
1314 2176 1536 2216 suavitatis

204 2234 423 2284 praeteriti
456 2234 660 2287 temporis
690 2248 833 2275 omnes
865 2246 1058 2287 exegero⁷
1090 2233 1278 2287 profecto
1309 2234 1389 2275 hae
1418 2233 1537 2274 resti-

203 2290 369 2331 tutione
408 2291 605 2333 fortunae
643 2306 709 2333 me
746 2293 834 2347 ipse
870 2306 957 2333 non
991 2291 1093 2332 satis
1126 2291 1297 2347 dignum
1331 2292 1536 2333 iudicabo.
