1665 2553
272 95 611 132 EPISTULARUM
635 97 700 131 AD
726 96 939 132 ATTICUM
964 96 1030 130 XV
1058 100 1235 131 16a—19.
1322 96 1408 138 483

75 191 295 232 Buciliano
337 190 523 233 Sestium
559 195 664 246 puto
702 206 788 233 non
825 191 1002 232 moleste
1040 192 1156 233 ferre.
1218 191 1332 246 Ego,
1373 192 1409 232 si

76 249 175 291 Tiro
206 250 255 291 ad
281 265 359 305 me,
391 250 532 305 cogito
559 251 604 291 in
630 250 924 292 Tusculanum.
976 250 1040 291 Tu
1065 265 1176 305 vero,
1209 250 1408 304 quicquid

76 309 169 364 erit,
201 309 313 362 quod
343 323 410 350 me
443 309 548 350 scire
578 324 654 363 par
687 310 753 364 sit,
787 309 943 350 statim.

665 460 821 502 XVIII.

132 553 206 588 Ser.
233 555 273 588 in
299 553 425 588 itinere
450 564 494 587 ea:
518 553 666 587 Antiati
690 554 730 586 in
760 553 1006 633 Τὲἑσιιῖαηῑωη
1032 553 1137 587 XVI
1157 552 1204 586 K.
1231 551 1351 596 Quint.

617 612 650 634 a.
680 602 749 634 710
775 603 794 643 ('
832 605 863 642 ).

475 693 664 727 CICERO
689 692 881 727 ATTICO
906 691 1014 727 SAL.

162 789 260 817 XVII
290 776 383 817 Kal.
417 776 496 817 etsi
537 776 640 817 satis
672 775 844 816 videbar
877 775 1096 828 scripsisse
1128 774 1179 814 ad
1210 777 1269 829 te,
1308 773 1409 827 quid
1436 786 1452 815 1

74 835 180 876 mihi
224 849 329 888 opus
375 838 502 888 esset,
547 837 588 875 et
633 834 734 888 quid
777 837 819 875 te
866 834 1001 874 facere
1042 832 1210 887 vellem,
1255 832 1291 873 si
1327 832 1408 873 tibi

24 917 56 942 10
76 894 341 935 commodum
380 896 509 948 esset,
546 896 706 948 tamen,
743 907 838 933 cum
875 892 1088 946 profectus
1127 906 1259 932 essem
1291 893 1333 931 et
1363 891 1409 931 in

74 953 169 993 lacu
199 953 454 1006 navigarem,
485 952 683 993 Tironem
715 951 844 992 statui
878 951 929 991 ad
961 953 1002 991 te
1027 964 1117 991 esse
1142 949 1409 1003 mittendum,

75 1014 122 1051 ut
153 1011 205 1051 iis
232 1011 428 1065 negotiis,
461 1025 566 1064 quae
593 1012 830 1065 agerentur,
860 1009 1097 1063 interesset,
1128 1011 1254 1062 atque
1280 1007 1407 1048 etiam

76 1069 226 1123 scripsi
263 1070 314 1110 ad
344 1068 610 1110 Dolabellam
647 1083 732 1123 me,
773 1068 809 1108 si
841 1068 878 1109 ei
910 1068 1139 1122 videretur,
1176 1067 1283 1107 velle
1314 1080 1408 1119 pro-

74 1128 224 1182 ficisci,
260 1128 447 1181 petiique
479 1128 530 1168 ab
564 1142 612 1168 eo
644 1127 693 1168 de
731 1127 858 1167 mulis
896 1129 1100 1167 vecturae.
1166 1124 1226 1167 Ut
1264 1125 1308 1165 in
1338 1124 1405 1165 his
1433 1136 1452 1165 2

25 1208 55 1234 15
75 1185 294 1241 (quoniam
324 1187 525 1241 intellego
557 1189 599 1227 te
632 1185 984 1226 distentissimum
1016 1198 1106 1225 esse
1139 1198 1221 1238 qua
1251 1183 1300 1224 de
1325 1182 1405 1223 Bu-

74 1245 260 1300 throtiis,
292 1260 374 1298 qua
406 1245 455 1285 de
486 1244 633 1298 Bruto,
664 1244 782 1284 cuius
815 1244 941 1284 etiam
976 1243 1173 1283 ludorum
1205 1245 1407 1294 sumptuo-

74 1317 215 1344 sorum
253 1318 394 1344 curam
436 1306 478 1345 et
509 1302 918 1343 administrationem
951 1301 1141 1355 suspicor
1173 1315 1224 1342 ex
1254 1314 1408 1354 magna

74 1365 193 1415 parte
226 1362 277 1402 ad
308 1364 350 1403 te
381 1360 609 1417 pertinere)
642 1364 689 1401 ut
721 1374 821 1414 ergo
851 1361 894 1400 in
921 1360 1010 1400 eius
1036 1359 1149 1400 modi
1176 1373 1219 1399 re
1244 1359 1408 1399 tribues

75 1421 198 1461 nobis
229 1420 401 1473 paulum
433 1434 600 1473 operae3
631 1434 706 1460 nec
737 1419 849 1460 enim
880 1419 1063 1459 multum
1095 1432 1200 1472 opus
1232 1420 1306 1458 est.

26 1501 57 1525 20
163 1478 270 1518 Mihi
313 1492 378 1518 res
418 1479 469 1519 ad
505 1478 671 1519 caedem
709 1480 751 1518 et
789 1493 880 1518 eam
917 1477 1086 1531 quidem
1123 1476 1406 1530 propinquam

77 1539 264 1590 spectare
301 1536 476 1577 videtur.
536 1536 666 1577 Vides
696 1535 907 1588 homines,
948 1535 1063 1575 vides
1096 1549 1222 1575 arma.
1283 1533 1405 1573 Pror-

77 1609 147 1635 sus
186 1609 272 1635 non
303 1595 408 1635 mihi
439 1595 583 1635 videor
614 1608 704 1635 esse
735 1596 865 1634 tutus.
923 1592 998 1633 Sin
1029 1596 1076 1633 tu
1109 1593 1231 1632 aliter
1263 1591 1407 1645 sentis⁷

74 1653 202 1694 velim
246 1653 297 1693 ad
336 1667 402 1694 me
447 1653 617 1694 scribas.
679 1651 806 1692 Domi
844 1651 956 1692 enim
992 1664 1177 1706 manere,
1222 1649 1257 1690 si
1295 1651 1407 1690 recte

75 1726 260 1766 possum,
291 1711 425 1752 multo
457 1711 580 1752 malo.

28 1848 57 1874 25
689 1825 799 1867 XIX.

99 1908 173 1942 Ser.
193 1909 234 1942 in
256 1908 460 1942 Tusculano
484 1908 578 1941 inter
602 1918 634 1941 a.
656 1906 689 1940 d.
712 1905 791 1939 XV
812 1910 844 1940 et
868 1905 935 1938 XI
956 1905 1004 1938 K.
1028 1903 1148 1948 Quint.
1164 1914 1195 1937 α.
1214 1906 1284 1937 710
1299 1905 1387 1946 (44).

471 1986 660 2022 CICERO
684 1986 876 2020 ATTICO
901 1986 1010 2020 SAL.

166 2059 377 2108 Quidnam
414 2063 496 2113 est⁷
534 2059 645 2113 quod
687 2058 894 2113 agendum
931 2057 1111 2110 amplius
1144 2057 1193 2096 de
1224 2055 1405 2096 Buthro-
1434 2067 1450 2096 1

77 2119 149 2160 tiis
193 2119 275 2159 sit?
327 2117 401 2159 Sat
446 2118 581 2172 egisse
625 2117 732 2157 enim
779 2120 821 2157 te
865 2117 1024 2156 frustra
1069 2114 1228 2155 scribis.
1298 2113 1407 2162 Quid

32 2196 59 2221 κο
79 2180 218 2218 autem
263 2191 305 2217 se
346 2177 473 2216 refert
517 2176 705 2216 Brutus?
754 2174 889 2215 Doleo
932 2173 1190 2214 mehercules
1233 2174 1275 2212 te
1318 2175 1406 2213 tam

78 2249 168 2276 esse
201 2235 444 2288 distentum,
475 2234 588 2287 quod
619 2234 759 2273 decem
784 2232 1027 2273 hominibus
1055 2230 1315 2272 referendum
1343 2233 1406 2271 est

79 2296 305 2346 acceptum.
374 2292 455 2332 Est
500 2291 605 2332 illud
649 2291 815 2344 quidem
855 2291 1060 2345 ἐργῶδες,
1111 2289 1183 2329 sed
1227 2289 1407 2330 ἀνεκτὸν

1128 2356 1196 2391 31*
