1665 2553
324 73 664 108 EPISTULARUM
689 73 753 107 AD
779 72 992 108 ATTICUM
1017 73 1085 108 VII
1110 77 1141 108 3.
1317 74 1400 115 195

67 170 338 211 ‘Piraeum'
358 167 443 226 (sie
471 168 582 210 enim
609 182 753 210 omnes
777 169 915 210 nostri
941 169 1073 210 locuti
1099 167 1243 225 sunt),
1276 184 1402 223 quam

67 229 179 283 quod
211 228 439 270 addiderim
471 227 577 269 Ἀπ’.
638 226 737 268 Non
768 227 880 269 enim
910 227 990 269 hoe
1020 231 1069 269 ut
1099 228 1252 283 oppido
1285 243 1401 282 prae—

66 288 208 343 posui,
252 288 322 329 sed
362 289 409 328 ut
444 286 549 328 loco.
610 286 669 326 Et
710 288 853 327 tamen
889 285 1121 340 Dionysius
1163 289 1309 328 noster
1347 290 1401 342 et,

67 347 140 400 qui
172 349 235 387 est
266 346 506 400 nobiscum,
542 344 687 386 Nicias
720 343 832 386 Cous
869 359 956 386 non
986 345 1160 387 rebatur
1198 346 1399 400 oppidum

31 421 46 446 5
67 419 157 446 esse
187 404 370 446 Piraeea.
433 404 514 446 Sed
545 404 594 444 de
627 418 674 445 eo
706 403 860 445 videro.
924 403 1131 445 Nostrum
1163 405 1331 458 quidem
1364 405 1399 445 si

67 467 130 505 est
161 466 390 518 peceatum,
419 463 464 503 111
496 477 543 503 eo
577 464 652 517 est,
684 462 796 516 quod
825 477 912 503 non
942 466 990 504 ut
1023 463 1072 504 de
1102 464 1255 517 oppido
1287 463 1400 504 loeu-

65 526 136 563 tus
177 537 290 577 sum,
332 522 404 563 sed
442 524 489 562 ut
529 521 578 561 de
614 521 726 576 loeo,
763 524 1015 576 secutusque
1053 537 1146 563 sum
1183 536 1271 563 non
1307 522 1398 563 dico

67 580 314 623 Caecilium:

155 663 316 704 ‘Mane
347 665 401 703 ut
433 677 487 703 ex
520 665 671 716 portu
702 660 753 702 111
783 662 1034 703 Piraeum'

13 763 46 786 ιο
67 744 227 800 (malus
266 745 377 785 enim
417 747 562 785 auctor
599 743 846 784 Latinitatis
885 743 996 800 est),
1040 744 1111 785 sed
1142 744 1399 799 Terentium,

67 804 185 845 euius
217 804 396 845 fabellae
427 805 601 857 propter
628 803 879 857 elegantiam
907 803 1112 844 sermonis
1138 803 1400 857 putabantur

67 878 90 904 a
122 861 165 904 C.
198 862 340 903 Laelio
373 862 517 903 scribi:

157 944 297 985 ‘Heri
334 944 532 998 aliquot
575 943 950 999 adulescentuli
988 944 1198 984 eoiimus
1235 944 1287 985 in
1322 943 1399 985 Pi-

1135 1003 1341 1058 raeum',

14 1078 46 1104 15
67 1064 108 1102 et
138 1061 266 1103 idem:

157 1131 431 1173 eMercator
461 1130 554 1172 hoo
585 1131 817 1186 addebat,
848 1131 1042 1185 captam
1075 1146 1096 1172 e
1129 1130 1310 1172 Sunio.⁹

66 1225 225 1275 Quodsi
268 1227 433 1280 δήμους
471 1224 624 1278 oppida
660 1224 855 1265 volumus
895 1239 1001 1279 esse,
1047 1227 1136 1265 tam
1176 1227 1238 1266 est
1284 1226 1400 1279 oppi-

66 1285 166 1325 dum
198 1282 376 1325 Sunium
413 1298 539 1338 quam
575 1282 759 1324 Piraeus.
823 1282 918 1337 Sed,
957 1283 1157 1337 quoniam
1195 1297 1400 1338 gramma-

66 1343 175 1384 ticus
214 1357 273 1397 es,
312 1342 347 1383 si
383 1342 463 1383 hoo
499 1341 605 1382 mihi
642 1343 802 1396 ζήτημα
839 1342 1109 1396 persolveris,
1148 1357 1302 1397 magna
1332 1357 1400 1384 me

14 1419 48 1443 20
66 1401 262 1442 molestia
291 1401 495 1441 liberaris.

155 1459 232 1500 Ille
261 1459 367 1500 mihi
397 1459 562 1500 litteras
587 1459 762 1500 blandas
794 1459 947 1514 mittit,
978 1459 1079 1500 facit
1109 1459 1220 1501 idem
1245 1474 1322 1514 pro
1350 1475 1397 1501 eo
1426 1470 1467 1502 11

66 1518 237 1559 Balbus.
303 1517 411 1558 Mihi
450 1520 610 1558 certum
649 1520 713 1559 est
752 1518 803 1559 ab
840 1518 1154 1559 honestissuma
1192 1520 1400 1559 sententia

68 1577 250 1632 digitum
289 1591 508 1630 nusquam.
571 1574 652 1617 Sed
693 1577 791 1630 seis,
837 1577 900 1617 illi
940 1576 1151 1631 reliquum
1192 1580 1398 1631 quantum

70 1637 136 1677 sit.
197 1635 383 1676 Putasne
414 1634 546 1689 igitur
576 1635 805 1676 verendum
836 1649 945 1689 esse,
979 1649 1033 1675 ne
1064 1637 1137 1676 aut
1170 1635 1325 1676 obiciat
1356 1636 1400 1676 id

16 1710 49 1736 25
68 1695 191 1736 nobis
225 1693 395 1748 aliquis,
437 1693 472 1733 si
502 1693 763 1748 languidius,
805 1696 878 1733 aut
917 1696 1098 1746 repetat,
1141 1693 1176 1734 si
1215 1694 1398 1735 fortius?

70 1752 178 1801 Quid
219 1753 268 1793 ad
308 1752 410 1793 haee
449 1751 635 1805 reperis?
697 1749 972 1805 ‘Solvamus’,
1012 1751 1164 1805 inquis.
1226 1751 1337 1806 Age,
1376 1767 1399 1792 a

71 1810 212 1852 Caelio
244 1810 544 1852 mutuabimur.
606 1809 699 1850 Hoc
730 1812 778 1850 tu
809 1812 950 1850 tamen
987 1810 1222 1851 consideres
1254 1811 1397 1865 velim,

70 1873 174 1923 puto
207 1870 336 1924 enim,
372 1869 416 1910 in
450 1871 597 1909 senatu
631 1868 665 1908 si
699 1868 863 1922 quando
901 1868 1112 1922 praeclare
1143 1883 1219 1921 pro
1251 1883 1295 1909 re
1326 1884 1399 1922 pu-

71 1928 179 1968 blica
221 1928 381 1982 dixero,
424 1927 683 1968 Tartessium
727 1927 858 1967 istum
900 1929 1022 1967 tuum
1064 1926 1170 1967 mihi
1213 1928 1399 1969 exeunti:

18 2003 52 2027 30
71 1985 190 2026 ‘Iube
221 1986 341 2027 sodes
372 2001 568 2027 nummos
599 1984 771 2026 eurare.'

160 2044 267 2093 Quid
311 2045 527 2098 superest?
588 2044 742 2085 Etiam,
817 2043 953 2085 Gener
993 2047 1057 2084 est
1101 2044 1240 2084 suavis
1283 2044 1400 2099 mihi,
1427 2056 1468 2086 12

72 2103 248 2157 Tulliae,
278 2102 507 2144 Terentiae.
561 2102 838 2151 Quantumvis
871 2102 938 2143 vel
968 2102 1127 2156 ingenii
1158 2102 1225 2142 vel
1255 2102 1399 2144 huma-

70 2161 232 2235 nitatis,
262 2161 419 2215 †satis;
449 2162 624 2216 reliqua,
651 2176 755 2215 quae
780 2161 907 2216 nosti,
931 2161 1110 2202 feienda.
1161 2159 1250 2201 Scis
1277 2162 1399 2216 enim,

73 2235 178 2274 quos
210 2220 239 2274 Τ
260 2220 542 2273 aperierimus
605 2219 685 2269 Qui
718 2234 859 2260 omnes
892 2221 1056 2273 praeter
1089 2234 1203 2272 eum,
1235 2219 1283 2260 de
1316 2234 1397 2286 quo

19 2294 52 2320 35
72 2293 146 2332 per
176 2281 218 2319 te
250 2278 430 2333 egimus,
466 2279 496 2332 †
520 2293 638 2320 reum
669 2293 734 2319 me
766 2279 898 2319 faeere
929 2280 1084 2318 1··.entui
1146 2276 1255 2332 Ipsis
1289 2279 1399 2320 enim

1122 2347 1188 2380 13·-
