1665 2553
328 63 664 98 EPISTULARUM
687 63 752 98 AD
778 62 993 98 ATTICUM
1017 62 1034 97 Ι
1061 66 1114 98 13.
1338 62 1393 103 15

57 157 250 201 consules
274 159 540 214 rogationem
560 159 868 214 promulgasse3
899 158 1023 200 uxori
1044 157 1264 200 Caesarem
1289 172 1394 198 nun-

56 218 165 259 tium
194 217 416 259 remisisse.
479 217 530 259 In
568 218 648 259 1130
687 232 810 259 031133
839 217 939 258 Piso
979 217 1164 258 amicitia
1193 216 1238 258 P.
1273 216 1395 257 Clodi

57 276 207 317 ductus
240 291 410 330 operam
442 276 531 330 dat,
568 280 616 317 ut
648 291 695 318 ea
725 276 910 331 rogatio,
952 290 1079 330 quam
1110 276 1200 330 ipse
1237 276 1320 316 fert
1352 278 1396 315 et

56 335 139 376 fert
178 349 229 376 ex
268 338 438 376 senatus
477 336 669 376 consulto
708 338 749 376 et
786 335 835 376 de
871 334 1095 389 religione,
1136 335 1392 400 antiquetur.

22 410 38 436 5
57 393 256 434 Messalla
283 393 551 435 vehementer
578 394 710 435 adhuc
736 393 824 449 agit
850 408 1001 434 severe.
1050 393 1160 434 Boni
1191 393 1271 434 viri
1303 407 1396 446 pr-e

57 452 177 493 cibus
210 450 332 493 Clodi
369 455 639 493 removentur
670 467 694 493 a
724 467 864 506 031133,
904 466 1052 518 operae
1084 454 1396 506 comparyantui

55 513 223 552 nosmet
248 511 344 565 ipsi,
377 511 449 565 qui
468 510 677 566 Lycurgei
697 526 720 552 a
739 511 946 565 principio
973 511 1213 566 fuissemus,
1239 509 1395 550 cotidie

57 569 367 624 demitigamur,
392 570 525 610 instat
546 572 586 611 et
606 572 730 624 urget
749 568 865 611 Cato.
913 568 1021 618 Quid
1039 569 1202 611 multa?
1234 582 1394 623 vereor,

56 642 108 669 ne
148 627 251 669 haec
286 628 478 683 neglecta
516 643 539 668 a
576 629 718 683 bonis,
762 629 930 669 defensa
970 627 1022 668 ab
1063 628 1269 681 improbis
1310 641 1396 668 ma-

5 704 39 728 10
59 700 240 741 gnorum
265 687 327 727 rei
357 687 550 740 publicae
581 687 788 728 malorum
821 701 944 728 031133
977 687 1043 727 sit.
1104 686 1220 727 Tuus
1254 688 1394 727 autem
1420 696 1443 726 4

55 745 126 786 ille
168 745 324 786 amicus
359 744 489 801 (scin,
534 760 658 799 quem
690 744 895 801 dicamP),
936 745 984 786 de
1025 759 1108 799 quo
1148 748 1196 785 tu
1237 745 1288 785 ad
1327 758 1396 785 me

58 804 283 857 scripsisti,
320 807 597 858 posteaquam
634 818 721 845 non
753 804 923 845 auderet
953 803 1270 857 reprehendere,
1306 803 1396 844 lau-

58 862 155 903 dare
187 862 390 917 coepisse,
421 877 517 917 nos,
548 865 596 903 ut
629 863 833 916 ostendit,
865 862 1090 903 admodum
1121 862 1279 916 diligit,
1311 876 1396 902 am-

58 921 270 986 plectitur,
302 923 426 975 amat,
459 896 601 975 ap'eite
632 921 787 975 laudat,
821 921 994 974 occulte,
1026 920 1098 961 sed
1122 920 1194 974 ita,
1225 922 1273 960 ut
1304 934 1397 974 per-

2 996 36 1022 15
61 979 251 1032 spicuum
282 979 354 1033 sit,
385 955 554 1020 iiividet.
615 978 737 1020 Nihil
768 994 895 1033 come,
925 979 1034 1019 nihil
1066 979 1255 1032 simplex,
1286 978 1397 1019 nihil

58 1037 105 1079 ἐν
135 1044 226 1086 τοῖς
257 1041 496 1087 πολιτικοῖς
527 1038 705 1093 illustre,
735 1038 844 1078 nihil
867 1013 1107 1092 lionestum,
1137 1037 1247 1078 nihil
1270 1037 1397 1091 foite,

55 1096 164 1137 nihil
205 1096 398 1137 liberum.
472 1095 552 1138 Sed
591 1097 693 1137 11300
740 1097 791 1137 3(1
837 1100 878 1137 te
919 1096 1101 1137 scribam
1148 1096 1251 1136 alias
1297 1096 1394 1136 sub-

55 1154 194 1209 tilius3
242 1169 340 1196 nain
386 1169 522 1209 neque
572 1155 706 1196 adhuc
755 1155 861 1196 mihi
902 1155 1005 1195 satis
1043 1156 1146 1195 nota
1188 1156 1307 1209 sunt,
1353 1156 1397 1195 et

55 1212 155 1254 huic
182 1215 319 1254 terrae
343 1213 432 1254 filio
457 1214 600 1254 nescio
628 1214 694 1254 cui
720 1214 983 1255 committere
1009 1213 1235 1267 epistulam
1260 1213 1395 1253 tant-is

5 1289 39 1314 20
58 1271 107 1312 de
138 1271 263 1312 rebus
294 1286 381 1312 non
413 1272 554 1313 audeo.

144 1329 388 1371 Provincias
435 1333 650 1384 praetores
698 1330 888 1371 nondum
938 1330 1082 1371 sortiti
1132 1332 1241 1371 sunt.
1309 1328 1394 1370 Res
1421 1340 1442 1371 5

57 1388 203 1429 eodem
247 1392 310 1430 est
351 1389 452 1444 loci,
493 1403 574 1443 quo
619 1389 842 1443 reliquisti.
922 1391 1216 1442 Τοποθεσιάυ,
1268 1402 1396 1442 quam

56 1447 249 1500 postulas
268 1446 424 1488 Miseni
450 1450 491 1488 et
510 1447 796 1502 Puteolorum,
821 1447 1032 1488 includam
1059 1446 1241 1488 orationi
1265 1461 1394 1488 meae.

58 1504 123 1545 εΑ.
156 1505 191 1545 (1.
224 1517 275 1545 ΠΙ
305 1504 413 1546 Non.
446 1505 684 1547 Decembr.'
726 1506 924 1547 mendose
964 1506 1095 1547 fuisse
1137 1506 1396 1546 animadver-

6 1580 39 1606 25
58 1565 202 1605 teram.
264 1562 378 1612 Quae
408 1564 553 1605 laudas
587 1579 635 1605 ex
665 1565 942 1619 orationibus,
973 1564 1080 1605 mihi
1113 1565 1242 1619 crede,
1273 1564 1396 1604 valde

57 1621 164 1662 mihi
194 1621 434 1677 placebant,
476 1622 546 1663 sed
576 1637 664 1664 non
701 1623 904 1664 audebam
937 1626 1059 1664 antea
1092 1623 1243 1676 dicere3
1283 1636 1397 1662 nunc

57 1694 175 1735 vero,
217 1681 330 1734 quod
361 1696 384 1722 a
414 1684 457 1721 te
488 1681 668 1735 probata
698 1685 815 1737 sunt,
855 1681 990 1722 multo
1031 1681 1091 1721 mi
1134 1681 1397 1735 ἀττικώτερα

57 1738 264 1780 videntur.
314 1739 365 1780 In
395 1739 513 1780 illam
546 1740 780 1782 orationem
807 1740 1069 1780 Metellinam
1102 1739 1242 1779 addidi
1275 1753 1398 1792 quae-

59 1796 164 1838 dam.
225 1796 352 1839 Liber
392 1798 473 1838 tibi
519 1798 733 1853 mittetur,
779 1798 979 1852 quoniam
1018 1800 1061 1838 te
1103 1811 1219 1838 amor
1258 1797 1397 1837 nostri

8 1872 42 1898 30
61 1857 357 1911 φιλορρήτορα
388 1856 580 1897 reddidit.

147 1912 261 1955 Novi
279 1915 361 1955 tibi
381 1915 581 1969 quidnam
607 1915 816 1956 scribam?
849 1915 978 1969 quid?
1011 1914 1148 1955 etiam.
1198 1913 1395 1954 Messalla
1422 1925 1443 1954 6

61 1972 207 2012 consul
225 1972 535 2015 Autronianam
561 1974 730 2014 domum
756 1974 856 2014 emit
881 1972 954 2014 HS
977 1974 1005 2027 †
1027 1984 1229 2014 CXXXIIII.
1271 1971 1397 2020 ‘Quid

60 2029 104 2070 id
131 2030 182 2070 ad
205 2031 315 2072 me‘?'
347 2032 521 2086 inquies.
572 2032 767 2087 Tantum,
801 2032 912 2086 quod
940 2046 985 2072 ea
1012 2031 1223 2084 emptione
1251 2033 1292 2071 et
1316 2044 1396 2071 nos

61 2087 167 2129 bene
194 2089 341 2131 emisse
365 2091 539 2132 iudicati
566 2106 720 2145 sumus,
752 2093 793 2131 et
818 2091 1011 2131 homines
1036 2090 1279 2143 intellegere
1306 2104 1397 2130 000-

15 2163 43 2190 35
61 2150 215 2200 perunt
245 2148 369 2189 licere
401 2150 631 2190 amicorum
665 2150 939 2190 facultatibus
975 2148 1019 2189 in
1051 2148 1222 2189 emendo
1256 2148 1306 2189 ad
1338 2148 1397 2188 di-

64 2206 270 2259 gnitatem
295 2207 480 2261 aliquam
503 2208 731 2261 pervenire.
777 2208 947 2248 Teucris
980 2207 1054 2247 illa
1078 2206 1240 2247 lentum
1269 2220 1397 2261 nego-

63 2264 172 2305 tium
221 2267 299 2319 est,
349 2266 419 2306 sed
461 2268 604 2307 tamen
646 2269 708 2307 est
751 2267 796 2306 in
840 2280 922 2319 spe.
997 2264 1061 2305 Tu
1103 2265 1186 2306 ista
1229 2266 1397 2306 confice-
