1665 2553
205 2275 222 2304 1

238 124 322 165 228
661 123 708 156 M.
737 122 877 156 TULLI
902 121 1150 157 CICERONIS

233 221 326 261 tum
365 221 446 274 est,
484 217 556 259 sed
595 217 667 272 sit3
716 218 872 258 deferet
908 217 1183 272 triumphum.
1251 215 1351 258 Non
1387 217 1574 272 accipere

233 279 323 320 vide
352 292 405 319 ne
437 277 722 331 periculosum
755 277 823 331 sit,
854 277 1032 328 accipere
1061 276 1317 316 invidiosum
1349 276 1401 316 ad
1425 276 1573 317 bonos.

235 336 285 377 <O
325 336 441 390 rem’,
482 336 642 389 inquis,
682 335 911 375 ‘difficilem
944 337 983 375 et
1016 334 1388 388 inexplicabilem?
1438 333 1574 389 Atqui

235 395 481 449 explicanda
519 397 594 435 est.
657 392 766 442 Quid
806 394 917 434 enim
950 393 1041 434 fieri
1078 393 1250 447 potest?
1299 392 1385 448 Ac,
1425 407 1477 434 ne
1507 407 1575 434 me

235 453 491 494 existimaris
542 453 593 493 ad
641 452 896 492 manendum
947 466 1037 492 esse
1078 451 1413 507 propensiorem,
1462 452 1576 506 quod
1613 467 1629 493 5

234 513 357 566 plura
390 512 433 552 in
466 526 555 551 eam
588 514 752 564 partem
784 510 912 551 verba
937 510 1119 566 fecerim,
1153 512 1295 564 potest
1327 510 1431 564 fieri,
1463 510 1575 564 quod

234 571 285 611 fit
315 570 361 610 in
391 570 538 610 multis
571 569 909 623 quaestionibus,
948 572 995 609 ut
1028 583 1094 609 res
1128 569 1347 610 verbosior
1381 568 1484 610 haec
1513 569 1576 609 fu-

236 629 328 682 erit,
368 629 442 669 illa
473 628 621 669 verior.
684 627 819 676 Quam
852 628 905 668 ob
938 642 1027 668 rem
1060 630 1107 668 ut
1138 627 1322 668 maxima
1355 627 1404 668 de
1435 641 1481 668 re
1513 642 1576 668 ae-

238 702 320 741 quo
360 687 500 727 animo
543 686 792 727 deliberanti
829 687 889 726 ita
926 686 1033 726 mihi
1077 686 1148 726 des
1187 685 1410 727 consilium
1437 686 1575 727 velim.

236 745 369 786 Navis
403 748 443 786 et
475 746 519 785 in
551 744 696 786 Caieta
729 748 791 785 est
822 747 970 798 parata
999 744 1124 785 nobis
1157 747 1198 785 et
1229 744 1440 785 Brundisi.
1596 761 1630 786 10

328 803 408 845 Sed
449 818 540 845 ecce
577 804 717 844 nuntii
756 803 964 844 scribente
1001 818 1068 844 me
1105 803 1207 844 haec
1244 803 1335 857 ipsa
1372 805 1501 844 noctu
1534 803 1578 844 in

239 862 407 917 Caleno,
434 877 524 903 ecce
549 862 717 903 litterae
744 861 965 903 Caesarem
992 862 1043 902 ad
1063 860 1308 916 Corfinium,
1340 861 1579 902 Domitium

241 921 399 962 Corfini
431 936 526 961 cum
558 921 680 962 firmo
714 921 899 962 exercitu
932 923 973 961 et
1003 934 1192 975 pugnare
1218 921 1422 974 cupiente.
1479 919 1579 961 Non

237 982 341 1034 puto
387 980 514 1020 etiam
557 979 638 1020 hoc
677 978 867 1020 Gnaeum
910 982 1105 1020 nostrum
1146 980 1486 1034 commissurum,
1531 981 1579 1019 ut

238 1037 478 1079 Domitium
515 1038 744 1092 relinquat3
778 1038 857 1079 etsi
888 1037 1165 1078 Brundisium
1206 1036 1447 1092 Scipionem
1484 1051 1580 1078 cum
1598 1053 1631 1079 15

239 1097 486 1138 cohortibus
526 1097 687 1137 duabus
720 1097 1012 1151 praemiserat,
1051 1096 1263 1149 legionem
1294 1095 1452 1137 Fausto
1485 1110 1580 1137 con-

240 1156 442 1208 scriptam
479 1155 522 1195 in
554 1153 741 1195 Siciliam
782 1155 863 1195 sibi
900 1155 1063 1208 placere
1095 1170 1118 1194 a
1151 1155 1321 1195 consule
1354 1154 1449 1195 duci
1481 1155 1580 1195 scri-

239 1216 381 1267 pserat
414 1214 465 1254 ad
497 1213 700 1253 consules.
753 1212 834 1253 Sed
865 1215 989 1266 turpe
1014 1211 1253 1253 Domitium
1285 1213 1474 1253 deserere
1500 1213 1580 1253 erit

239 1272 539 1325 implorantem
579 1271 666 1312 eius
709 1271 923 1311 auxilium.
987 1271 1068 1311 Est
1107 1271 1310 1324 quaedam
1348 1285 1442 1324 spes
1475 1271 1580 1311 mihi

241 1330 409 1384 quidem
451 1344 538 1370 non
575 1344 747 1384 magna,
789 1330 859 1370 sed
891 1329 935 1370 in
966 1328 1033 1369 his
1064 1329 1169 1370 locis
1201 1329 1323 1369 firma
1353 1329 1580 1370 Afranium
1600 1346 1635 1371 20

242 1390 286 1430 in
323 1388 536 1442 Pyrenaeo
576 1403 671 1428 cum
708 1387 919 1429 Trebonio
956 1401 1186 1442 pugnasse,
1223 1388 1395 1441 pulsum
1426 1387 1582 1428 Trebo-

240 1447 377 1500 nium,
416 1447 544 1487 etiam
574 1445 753 1487 Fabium
790 1449 911 1487 tuum
948 1446 1152 1486 transisse
1190 1460 1284 1486 cum
1322 1445 1583 1501 cohortibus,

243 1521 407 1547 summa
439 1508 579 1545 autem
605 1504 831 1545 Afranium
863 1520 958 1546 cum
990 1505 1154 1559 magnis
1187 1504 1318 1558 copiis
1346 1504 1581 1546 adventare.

241 1564 292 1605 Id
330 1565 365 1605 si
403 1567 485 1618 est,
525 1564 570 1604 in
605 1563 730 1604 Italia
766 1564 947 1604 fortasse
984 1563 1234 1603 manebitur.
1295 1563 1390 1617 Ego
1429 1566 1582 1618 autem,

243 1637 338 1663 cum
371 1625 480 1663 esset
512 1622 719 1662 incertum
743 1622 824 1662 iter
852 1621 1055 1676 Caesa-ris,
1088 1621 1201 1675 quod
1225 1621 1292 1661 vel
1317 1622 1369 1662 ad
1395 1620 1582 1675 Capuam
1601 1637 1634 1662 25

243 1682 311 1722 vel
349 1681 401 1722 ad
437 1681 658 1721 Luceriam
706 1681 844 1721 iturus
881 1680 1132 1735 putabatur,
1178 1679 1355 1733 Leptam
1392 1680 1490 1720 misi
1531 1680 1583 1720 ad

243 1740 493 1793 Pompeium
518 1753 608 1780 cum
633 1739 810 1794 litteris3
845 1739 949 1794 ipse,
972 1753 1025 1779 ne
1052 1753 1135 1792 quo
1163 1738 1401 1792 inciderem,
1427 1739 1583 1779 reverti

244 1797 446 1839 Formias.

332 1856 447 1897 Haec
495 1858 538 1896 te
586 1857 691 1897 scire
740 1855 856 1896 volui
900 1855 1154 1911 scripsique>
1178 1854 1385 1895 sedatiore
1429 1855 1584 1910 animo,

246 1930 372 1969 quam
403 1915 594 1968 proxime
628 1914 890 1969 scripseram,
920 1914 1086 1954 nullum
1117 1927 1257 1954 meum
1289 1913 1491 1954 iudicium
1523 1913 1583 1954 in·
1602 1929 1632 1955 sc

245 1977 484 2028 terponenS,
516 1973 588 2013 sed
620 1973 842 2027 exquirens
875 1975 1007 2013 tuum.

879 2065 950 2106 IV.

306 2134 379 2170 Ser.
400 2135 441 2169 in
466 2134 667 2169 Formiano
700 2135 805 2168 VIII
827 2134 874 2168 K.
897 2134 1010 2168 Mart.
1034 2138 1116 2168 ante
1143 2134 1253 2168 lucem
1278 2146 1310 2168 α.
1334 2136 1405 2168 705
1432 2135 1522 2177 (49).

672 2203 839 2238 CICERO
865 2202 1037 2237 ATTICO
1065 2203 1161 2238 SAL.

338 2264 570 2318 Dionysius
605 2264 774 2318 quidem
805 2267 905 2305 tuus
938 2263 1081 2317 potius
1114 2278 1240 2317 quam
1270 2266 1427 2317 noster,
1468 2263 1586 2303 cuius
1604 2279 1628 2304 3!

252 2335 329 2376 ego
356 2337 450 2363 cum
479 2323 581 2363 satis
609 2337 856 2377 cognossem
882 2336 1034 2378 mores,
1065 2324 1139 2362 tuo
1167 2325 1309 2363 tamen
1333 2321 1477 2376 potius
1504 2323 1587 2362 sta-
