1665 2553
173 517 192 547 1

177 1045 196 1075 [ὓ

217 116 303 157 248
643 115 691 150 Μ.
721 115 862 150 TULLI
888 114 1137 150 CICERONIS

830 268 945 310 XIII.

511 350 585 386 Ser.
613 350 776 385 Formiis
802 350 850 385 K.
878 351 994 384 Mart.
1022 361 1054 384 α.
1084 353 1154 385 705
1181 352 1270 394 (49).

644 431 814 467 CICERO
842 431 1014 466 ATTICO
1043 431 1139 466 SAL.

308 504 596 558 Lippitudinis
635 518 753 544 meae
793 504 962 558 signum
1000 504 1081 545 tibi
1117 504 1173 545 sit
1209 504 1374 545 librarii
1409 518 1559 545 manus

221 566 263 604 et
301 564 445 604 eadem
483 577 608 604 causa
651 562 894 616 brevitatis3
939 562 1018 604 etsi
1060 577 1172 604 1111110
1216 563 1403 617 quidem,
1447 562 1560 616 quod
1597 577 1613 603 5

223 622 466 675 scriberem,
502 621 612 662 nihil
650 624 750 662 erat.
815 620 962 662 Omnis
1001 623 1259 675 exspectatio
1291 625 1440 663 nostra
1471 624 1561 662 erat

222 681 268 722 in
297 681 460 721 nuntiis
492 680 775 721 Brundisinis.
839 680 884 721 Si
915 683 1096 721 nanctus
1126 680 1196 721 hic
1228 683 1338 722 esset
1370 679 1559 721 Gnaeum

221 742 436 793 nostrum,
478 754 573 792 spes
611 739 740 779 dubia
776 739 910 792 pacis,
952 739 1017 779 sin
1057 739 1129 780 ille
1161 741 1258 780 ante
1295 738 1561 791 tramisisset,

223 798 393 839 exitiosi
425 798 525 838 belli
556 800 705 838 metus
769 797 849 838 Sed
880 797 1066 851 videsne,
1103 797 1149 838 in
1186 812 1311 852 quem
1346 797 1560 838 hominem

221 857 414 897 inciderit
446 871 512 897 res
544 856 731 910 publiea,
763 871 889 909 quam
922 859 1112 912 acutum,
1143 871 1269 910 quam
1300 856 1560 911 vigilantem,
1581 872 1614 896 ιο

224 931 350 969 quam
381 915 607 969 paratum?
670 914 715 956 Si
746 915 982 955 mehercule
1012 915 1224 956 neminem
1257 915 1454 956 occiderit
1483 929 1561 956 nec

224 974 420 1027 cuiquam
453 974 678 1027 quicquam
710 973 928 1027 ademerit,
960 974 1012 1014 ab
1045 973 1115 1027 iis,
1148 974 1220 1027 qui
1253 989 1349 1015 eum
1379 973 1562 1014 maxime

223 1033 465 1085 timuerant,
497 1032 679 1072 maxime
711 1032 923 1086 diligetur.
979 1032 1163 1073 Multum
1195 1047 1358 1073 mecum
1388 1032 1562 1073 munici-

224 1091 339 1145 pales
366 1091 559 1131 homines
585 1091 832 1144 loquuntur,
856 1091 1039 1131 multum
1064 1091 1286 1146 rusticani3
1310 1091 1419 1132 nihil
1444 1105 1561 1145 pror-

224 1164 294 1190 sus
327 1149 440 1190 aliud
472 1152 621 1189 curant
651 1149 733 1189 nisi
766 1163 900 1203 agros,
932 1150 1013 1189 nisi
1041 1149 1224 1204 villulas,
1254 1150 1336 1190 nisi
1366 1164 1560 1190 nummu·
1580 1164 1614 1190 15

223 1208 288 1248 los
320 1222 430 1248 suos.
492 1207 550 1247 Et
581 1207 686 1261 vide,
718 1222 845 1260 quam
877 1222 1077 1248 conversa
1108 1222 1175 1248 res
1206 1208 1279 1263 sit3
1310 1208 1443 1260 illum,
1476 1222 1559 1261 quo

225 1270 348 1306 antea
380 1265 663 1318 confidebant,
700 1268 914 1320 metuunt,
951 1265 1063 1306 hunc
1101 1269 1254 1319 amant,
1287 1281 1411 1320 quem
1441 1266 1561 1306 time-

224 1325 338 1365 bant.
399 1323 448 1364 Id
489 1324 658 1377 quantis
697 1324 857 1364 nostris
897 1325 1079 1377 peccatis
1121 1325 1322 1378 vitiisque
1362 1324 1560 1377 evenerit,

222 1398 310 1424 non
340 1397 513 1436 possum
547 1382 636 1422 sine
673 1382 868 1423 molestia
909 1383 1106 1437 cogitare.
1168 1382 1281 1431 Quae
1314 1386 1455 1424 autem
1485 1383 1560 1423 im-

222 1441 402 1496 pendere
439 1443 651 1494 putarem,
689 1441 937 1495 scripseram
976 1441 1028 1481 ad
1059 1444 1101 1482 te
1133 1444 1174 1482 et
1205 1441 1291 1482 iam
1322 1444 1418 1482 tuas
1449 1441 1560 1482 litte·
1580 1457 1615 1482 20

222 1515 292 1541 ras
325 1499 630 1553 exspectabam.

836 1615 949 1657 XIV.

445 1697 520 1732 Ser.
547 1696 709 1732 Formiis
740 1697 799 1730 VI
818 1697 916 1731 Non.
945 1697 1059 1732 Mart.
1087 1708 1120 1731 α.
1149 1699 1220 1732 705
1246 1699 1335 1740 (49).

646 1778 814 1813 ClCERO
841 1777 1012 1813 ATTICO
1041 1778 1138 1813 SAL.

310 1850 411 1893 Non
451 1851 618 1904 dubito,
660 1850 762 1904 quin
802 1850 883 1891 tibi
924 1850 1092 1891 odiosae
1130 1850 1215 1890 sint
1253 1849 1458 1904 epistulae
1496 1863 1613 1891 co-25

223 1910 420 1963 tidianae,
451 1924 546 1951 011111
578 1909 827 1963 praesertim
858 1923 994 1962 neque
1024 1923 1135 1949 nova
1160 1908 1210 1949 de
1234 1923 1279 1948 re
1306 1908 1447 1961 aliqua
1479 1922 1561 1948 cer-

223 1969 376 2009 tiorem
407 1971 448 2008 te
479 1968 630 2008 faciam
659 1982 795 2021 neque
832 1981 985 2008 novam
1017 1967 1195 2020 denique
1232 1966 1316 2007 iam
1354 1966 1561 2020 reperiam

223 2027 434 2068 scribendi
465 2026 596 2067 ullam
628 2026 890 2067 sententiam.
943 2024 1035 2079 Sed,
1068 2025 1103 2066 si
1133 2025 1271 2065 dedita
1297 2039 1435 2078 opera,
1466 2039 1561 2065 cum

224 2099 349 2126 causa
380 2085 497 2125 nulla
528 2087 657 2138 esset,
688 2084 933 2125 tabellarios
965 2084 1016 2124 ad
1047 2086 1089 2124 te
1121 2098 1215 2124 cum
1247 2083 1444 2124 inanibus
1477 2083 1560 2137 epi-

224 2144 348 2184 stulis
379 2143 606 2197 mitterem,
636 2143 814 2183 facerem
846 2143 1008 2197 inepte3
1049 2142 1248 2182 euntibus
1281 2156 1390 2195 vero,
1423 2141 1561 2182 dome·
1580 2157 1614 2182 30

225 2202 343 2242 sticis
375 2202 636 2255 praesertim,
668 2204 716 2241 ut
741 2200 850 2241 nihil
877 2201 927 2240 ad
953 2203 994 2241 te
1019 2200 1114 2241 dem
1144 2200 1396 2254 litterarum,
1426 2200 1561 2240 facere

222 2274 309 2300 non
340 2274 515 2313 possum
547 2263 588 2300 et
622 2259 764 2313 simul,
806 2259 924 2299 crede
965 2258 1087 2311 mihi,
1131 2259 1344 2312 requiesco
1386 2258 1561 2311 paulum

223 2317 269 2357 in
299 2317 366 2358 his
404 2318 605 2373 miseriis,
649 2332 744 2358 cum
785 2317 904 2372 quasi
945 2319 1084 2358 tecum
1124 2317 1296 2372 loquor,
1336 2331 1430 2357 cum
1461 2330 1561 2356 vero
