1665 2553
185 2251 202 2282 1

241 102 323 143 198
660 103 708 138 Μ.
736 103 875 138 TULLI
900 103 1147 139 CICERONIS

238 197 420 252 igitur?’
465 198 617 252 inquis.
678 197 801 239 Nihil
847 199 1005 240 scilicet
1041 198 1125 240 nisi
1163 199 1211 239 de
1249 199 1458 240 sententia
1494 201 1569 240 tua

237 270 314 297 nec
344 256 461 310 prius
495 257 681 312 quidem,
719 272 845 311 quam
881 259 1076 298 nostrum
1112 258 1331 312 negotium
1369 260 1442 298 aut
1473 271 1569 298 con-

237 314 457 355 fecerimus
496 318 568 356 aut
608 316 935 369 deposuerimus.
998 315 1108 357 Cura
1145 316 1295 371 igitur,
1332 318 1379 356 ut
1416 315 1567 357 valeas.

238 373 478 427 Aliquando
511 374 746 429 ἀπότριψαι
773 377 1023 428 quartanam
1047 375 1174 415 istam
1200 374 1430 429 diligentia,
1463 388 1568 428 quae

237 431 281 472 in
312 434 354 473 te
387 447 550 473 sumnia
583 435 655 473 est.
1606 449 1622 474 5

867 524 938 566 VI.

300 604 375 640 Sor.
402 606 443 640 in
467 605 668 640 Formiano
693 604 758 639 XI
764 605 797 638 Γ
819 605 867 639 K.
893 605 990 648 Ian„
1015 609 1055 640 ut
1079 605 1230 648 videtur,
1255 617 1287 640 a.
1315 607 1385 640 704
1412 607 1503 650 (50).

658 685 825 721 CICERO
852 686 1025 721 ATTICO
1052 686 1147 721 SAL.

322 757 451 799 Plane
485 759 617 813 deest,
650 758 761 812 quod
793 758 844 799 ad
875 761 917 799 te
949 759 1146 813 scribam,
1182 761 1285 799 nota
1317 759 1458 800 omnia
1487 759 1570 800 tibi

236 819 352 871 sunt,
383 831 458 857 nec
489 817 578 870 ipse
610 817 764 871 habeo,
802 832 826 857 a
857 819 899 858 te
932 818 1044 871 quod
1075 820 1322 871 exspectem.
1385 817 1569 858 Tantum
1587 835 1622 859 ιο

235 875 367 929 igitur
403 878 598 916 nostrum
634 876 740 916 illud
777 875 978 916 sollemne
1011 890 1243 931 servemus,
1279 878 1328 917 ut
1357 890 1409 918 ne
1442 891 1567 930 quem

236 934 346 974 istuc
377 937 545 975 euntem
577 934 665 975 sine
701 934 855 975 litteris
887 935 1161 975 dimittamus.
1222 933 1286 976 De
1323 949 1368 976 re
1399 935 1570 989 publica

235 992 355 1033 valde
387 993 516 1033 timeo
547 1007 623 1033 nec
655 992 789 1033 adhuc
820 993 906 1034 fere
938 994 1092 1048 inveni,
1124 994 1196 1046 qui
1227 1007 1315 1034 non
1345 994 1570 1035 conceden-

235 1051 333 1091 dum
370 1053 539 1104 putaret
577 1050 764 1104 Caesari,
809 1051 919 1105 quod
962 1052 1218 1106 postularet,
1259 1052 1402 1105 potius
1441 1067 1567 1106 quam

236 1109 570 1163 depugnandum.
632 1110 713 1150 Est
749 1109 823 1150 illa
864 1110 1033 1163 quidem
1069 1111 1290 1164 impudens
1334 1111 1566 1164 postulatio
1587 1127 1620 1153 15

234 1168 262 1221 ’ξ-
295 1168 492 1220 opinione
534 1167 752 1208 valentior.
828 1167 912 1209 Cur
962 1171 1102 1209 autem
1144 1183 1255 1209 nunc
1303 1169 1486 1222 primum
1530 1169 1567 1210 ei

234 1226 480 1266 resistamus
493 1226 513 1266 ἶ)

445 1307 533 1348 τΟὐ
566 1308 647 1362 γὰρ
680 1308 733 1360 δὴ
765 1308 864 1348 τόδε
896 1310 1041 1361 μεῖζον
1073 1309 1143 1349 ἔπι
1175 1307 1350 1362 κακόν’,

234 1415 360 1454 quam
392 1415 487 1441 cum
519 1400 855 1454 quinquennium
886 1401 1239 1455 prorogabamus,
1271 1404 1344 1442 aut
1375 1415 1488 1456 cum,
1518 1404 1566 1442 ut

234 1459 422 1499 absentis
459 1460 568 1499 ratio
606 1458 850 1514 haberetur,
893 1459 1149 1514 ferebamus,
1193 1460 1276 1500 nisi
1312 1460 1422 1501 forte
1464 1460 1566 1501 haec
1586 1478 1620 1502 20

232 1518 296 1558 illi
342 1520 435 1557 tum
479 1532 593 1558 arma
637 1517 842 1571 dedimus,
886 1521 934 1558 ut
976 1533 1087 1558 nunc
1131 1532 1225 1559 cum
1268 1518 1374 1559 bene
1417 1521 1565 1573 parato

232 1590 527 1630 pugnaremus.
595 1575 735 1617 Dices:
789 1575 918 1625 ‘Quid
961 1579 1009 1617 tu
1058 1577 1192 1631 igitur
1235 1590 1433 1617 sensurus
1477 1577 1566 1618 es?'

232 1633 332 1675 Non
357 1635 467 1675 idem
488 1634 599 1688 quod
625 1635 830 1690 dicturus3
857 1635 1036 1675 sentiam
1062 1635 1173 1675 enim
1199 1635 1340 1676 omnia
1364 1635 1566 1689 facienda,

231 1706 284 1733 ne
310 1694 438 1733 armis
465 1693 711 1748 decertetur,
744 1693 878 1734 dicam
903 1693 1014 1734 idem
1041 1694 1152 1747 quod
1178 1693 1403 1747 Pompeius
1429 1708 1565 1747 neque

232 1751 275 1792 id
306 1752 458 1792 faciam
488 1751 639 1792 humili
671 1752 822 1793 animo.
886 1751 967 1793 Sed
998 1766 1145 1792 rursus
1176 1752 1257 1792 hoc
1287 1765 1564 1806 permagnum
1584 1769 1618 1794 25

231 1810 293 1850 rei
324 1810 517 1864 publicae
547 1810 705 1850 malum
736 1813 812 1865 est,
843 1812 884 1851 et
911 1811 1094 1864 quodam
1119 1810 1242 1851 modo
1269 1809 1373 1850 mihi
1398 1813 1565 1863 praeter

232 1871 392 1909 ceteros
436 1884 522 1910 non
564 1871 726 1910 rectum
768 1883 835 1909 me
878 1869 922 1909 in
964 1869 1096 1909 tantis
1140 1869 1266 1909 rebus
1303 1883 1326 1909 a
1363 1867 1564 1923 Pompeio

232 1926 442 1968 dissidere.

295 2089 369 2123 Ser.
396 2090 438 2123 in
462 2089 664 2124 Formiano
689 2090 783 2123 inter
810 2089 923 2123 XIII
942 2093 973 2124 et
999 2089 1039 2123 X
1063 2088 1111 2122 K.
1138 2089 1220 2123 Ian.
1248 2100 1280 2123 a.
1310 2092 1379 2124 704
1405 2091 1498 2133 (50).
1583 2096 1617 2121 30

649 2169 817 2205 CICERO
845 2169 1016 2204 ATTICO
1044 2169 1140 2204 SAL.

320 2241 593 2297 ‘Dionysius,
624 2242 688 2283 vir
720 2244 939 2296 optumus,
969 2243 1017 2282 ut
1048 2241 1153 2282 mihi
1186 2256 1352 2297 quoque
1384 2244 1449 2283 est
1473 2257 1565 2296 per-

232 2302 416 2355 spectus,
448 2303 489 2341 et
522 2301 801 2342 doctissumus
833 2301 979 2353 tuique
1006 2300 1352 2356 amantissumus,
1383 2299 1566 2341 Romam
