1665 2553
154 379 195 409 11

159 1429 202 1459 12

222 95 305 136 156
643 94 691 129 M.
718 93 859 128 TULLI
885 91 1133 128 CICERONIS

222 191 340 232 derat
369 190 470 232 huic
503 188 694 244 Scaptio,
732 204 807 243 per
839 203 943 242 quas
975 186 1227 229 Salaminios
1259 189 1484 240 coerceret,
1521 188 1563 227 et

224 250 401 291 eundem
421 248 628 290 habuerat
647 248 927 301 praefectum,
959 246 1140 287 vexabat
1161 245 1423 287 Salaminios.
1466 245 1562 299 Ego

223 309 387 362 equites
414 323 466 349 ex
486 306 628 361 Cypro
650 306 844 347 decedere
870 305 987 346 iussi.
1036 304 1217 346 Moleste
1236 305 1337 345 tulit
1358 303 1564 358 Scaptius.

226 366 335 415 Quid
365 366 530 407 multa?
572 368 621 405 ut
659 365 697 405 ei
733 364 861 405 fidem
890 378 1029 404 meam
1065 366 1342 417 praestarem,
1379 377 1475 403 cum
1512 361 1564 402 ad

224 440 291 466 me
324 423 545 466 Salaminii
570 423 750 464 Tarsum
777 423 990 464 venissent
1023 424 1064 462 et
1095 422 1141 462 in
1170 421 1223 462 iis
1251 420 1458 475 Scaptius,
1488 420 1564 460 im-

224 484 386 537 peravi,
422 486 472 524 ut
509 482 730 536 pecuniam
769 481 991 522 solverent.
1053 480 1191 521 Multa
1229 480 1277 520 de
1310 478 1564 534 syngrapha,

225 543 275 583 de
307 540 452 595 Scapti
482 541 662 581 iniuriis.
723 538 889 594 Negavi
927 553 994 580 me
1027 538 1187 592 audire,
1222 538 1420 579 hortatus
1460 552 1565 591 sum,

225 600 358 654 petivi
391 600 519 641 etiam
549 614 627 653 pro
658 598 764 639 meis
795 599 842 638 in
866 598 1083 639 civitatem
1106 596 1333 651 beneficiis,
1364 599 1413 637 ut
1437 609 1565 650 nego-

226 659 335 700 tium
367 659 636 712 conficerent,
679 656 857 711 denique
889 656 977 696 dixi
1007 670 1074 696 me
1105 658 1358 696 coacturum.
1419 653 1566 695 Homi-

225 732 302 758 nes
333 731 421 758 non
451 716 576 757 modo
608 730 696 756 non
725 730 930 769 recusare,
962 714 1034 755 sed
1066 714 1195 754 etiam
1223 713 1306 754 hoc
1336 713 1488 767 dicere,
1521 726 1564 753 se

228 791 252 817 a
282 791 348 817 me
381 775 553 816 solvere.
616 773 737 822 Quod
774 774 885 815 enim
921 772 1108 827 praetori
1145 773 1243 813 dare
1281 773 1565 825 consuessent,

229 835 430 888 quoniam
462 848 539 888 ego
571 847 659 873 non
691 847 948 886 acceperam,
987 846 1030 872 se
1068 846 1091 872 a
1121 845 1187 871 me
1226 830 1409 884 quodam
1438 829 1564 870 modo

228 894 337 947 dare,
370 895 496 946 atque
528 892 656 932 etiam
687 891 828 931 minus
860 905 949 931 esse
981 890 1198 944 aliquanto
1237 889 1282 929 in
1315 887 1459 942 Scapti
1488 901 1566 929 no—

228 952 342 992 mine
383 965 509 1005 quain
546 950 592 991 in
632 949 831 1004 vectigali
867 949 1093 1003 praetorio.
1155 946 1402 989 Collaudavi
1431 946 1566 987 homi-

226 1024 313 1051 nes.
377 1009 549 1062 ‘Recte’‚
587 1009 727 1062 inquit
761 1007 972 1061 Scaptius,
1011 1007 1099 1047 ‘sed
1137 1006 1418 1047 subducamus
1456 1019 1565 1045 sum-

227 1068 369 1109 mam.’
400 1066 589 1121 Interim,
609 1081 705 1108 cum
719 1080 797 1120 ego
818 1066 864 1106 in
883 1066 1017 1106 edicto
1038 1064 1301 1106 translaticio
1315 1063 1564 1105 centesimas

227 1141 297 1167 me
333 1126 658 1167 observaturum
688 1125 888 1165 haberem
919 1138 1015 1164 cum
1042 1123 1300 1164 anatocismo
1330 1122 1566 1163 anniversa-

228 1185 306 1239 rio,
331 1185 403 1224 ille
423 1199 474 1224 ex
495 1183 736 1237 syngrapha
760 1182 1006 1236 postulabat
1026 1184 1264 1235 quaternas.
1309 1180 1433 1228 eQuid
1459 1179 1564 1220 ais‘?'

228 1244 420 1296 inquam,
462 1243 712 1296 ‘possumne
749 1244 896 1281 contra
931 1254 1071 1280 meum
1104 1239 1337 1280 edictum?'
1397 1237 1457 1278 At
1493 1237 1564 1278 ille

228 1302 390 1355 profert
434 1303 605 1341 senatus
649 1299 890 1340 consultum
926 1298 1108 1339 Lentulo
1145 1297 1428 1350 Philippoque
1471 1310 1564 1337 con—

231 1359 413 1413 sulibus,
450 1358 541 1413 VT,
578 1369 657 1407 QVI
689 1356 902 1399 CILICIAM
933 1368 1214 1410 OBTINERET,
1256 1366 1328 1396 Ivs
1365 1366 1428 1395 EX
1457 1366 1566 1395 ILLA

232 1428 506 1459 SYNGRAPHA
542 1428 756 1458 DICERET.
823 1414 1033 1457 Cohorrui
1075 1414 1228 1468 primo,
1278 1413 1434 1454 etenim
1476 1415 1566 1454 erat

230 1476 429 1517 interitus
456 1475 652 1516 civitatis.
701 1474 883 1528 Reperio
911 1473 993 1514 duo
1021 1475 1191 1513 senatus
1217 1472 1410 1513 consulta
1433 1471 1567 1512 isdem

231 1534 476 1576 consulibus
496 1533 546 1574 de
571 1533 716 1574 eadem
741 1532 993 1587 syngrapha.
1044 1529 1264 1572 Salaminii
1288 1545 1383 1571 cum
1406 1528 1567 1570 Romae

230 1608 447 1634 versuram
477 1592 613 1633 facere
642 1591 813 1645 vellent,
843 1605 930 1631 non
960 1592 1169 1644 poterant,
1201 1589 1314 1643 quod
1342 1588 1412 1629 lex
1441 1586 1566 1628 Gabi-

229 1651 301 1693 nia
323 1651 505 1692 vetabat.
549 1650 658 1691 Tum
680 1650 732 1690 iis
754 1649 879 1690 Bruti
903 1648 1131 1689 familiares
1154 1648 1253 1688 freti
1279 1646 1416 1702 gratia
1441 1645 1567 1686 Bruti

230 1710 327 1751 dare
352 1710 553 1751 volebant
579 1708 808 1762 quaternis,
841 1707 878 1748 si
910 1707 992 1748 sibi
1024 1708 1194 1747 senatus
1227 1705 1418 1746 consulto
1453 1718 1567 1745 cave-

230 1772 359 1809 retur.
421 1767 492 1809 Fit
524 1768 663 1822 gratia
691 1766 817 1808 Bruti
850 1768 1021 1806 senatus
1053 1764 1309 1816 consultum,
1339 1762 1410 1803 VT
1441 1773 1565 1803 NEVE

233 1825 520 1879 SALAMINIIS,
551 1837 674 1866 NEVE
711 1836 790 1874 QVI
828 1835 899 1865 EIS
934 1834 1173 1877 DEDISSET,
1206 1832 1380 1862 FRAVDI
1413 1831 1566 1862 ESSET.

230 1884 460 1926 Pecuniam
499 1886 787 1925 numerarunt.
849 1882 909 1923 At
948 1884 1097 1936 postea
1135 1881 1251 1921 venit
1295 1880 1341 1920 in
1382 1881 1567 1919 mentem
1586 1896 1600 1920 3

231 1943 568 1984 faeneratoribus
599 1942 710 1983 nihil
743 1956 786 1982 se
811 1941 955 1981 iuvare
986 1940 1093 1980 illud
1117 1941 1286 1979 senatus
1313 1937 1566 1992 consultum,

233 2002 346 2055 quod
377 2016 427 2042 ex
460 2000 701 2055 syngrapha
731 2000 797 2040 ius
824 1999 905 2040 dici
935 1999 1006 2040 lex
1031 1996 1212 2038 Gabinia
1237 1998 1408 2036 vetaret.
1458 1995 1567 2036 Tum

230 2061 282 2100 fit
314 2063 484 2100 senatus
516 2059 774 2111 consultum,
805 2056 876 2098 VT
908 2068 971 2097 EX
1001 2067 1061 2097 EA
1093 2065 1366 2096 SYNGRAPHA
1395 2055 1425 2108 ἢ·
1456 2056 1566 2094 esset

232 2133 359 2171 quam
391 2121 564 2170 ceterae,
596 2117 667 2157 sed
697 2119 745 2156 ut
777 2115 933 2157 eodem.
997 2113 1104 2155 Cum
1134 2113 1237 2153 haec
1263 2112 1566 2165 disseruissem,

1584 728 1620 753 10

1584 1019 1619 1046 15

1585 1313 1620 1337 20

1586 1603 1619 1629 25

233 2176 393 2216 seducit
430 2190 497 2216 me
537 2175 750 2229 Scaptius,
794 2174 855 2214 ait
893 2188 936 2214 se
973 2172 1083 2213 nihil
1119 2174 1265 2212 contra
1302 2171 1454 2225 dicere,
1495 2170 1567 2210 sed
1585 2185 1620 2211 35

231 2234 329 2274 illos
361 2236 512 2287 putare
557 2233 716 2274 talenta
755 2243 808 2273 CC
847 2246 890 2272 se
928 2230 1087 2271 debere.
1154 2229 1220 2270 Ea
1252 2244 1295 2270 se
1324 2229 1432 2269 velle
1464 2228 1567 2269 acci-

229 2305 341 2345 pere.
390 2291 552 2332 Debere
584 2294 725 2332 autem
757 2290 853 2331 illos
885 2289 1012 2343 paulo
1043 2288 1193 2328 minus.
1243 2287 1397 2342 Rogat,
1421 2289 1470 2327 ut
1495 2300 1566 2327 eos
