1665 2553
631 108 669 143 P.
691 111 887 143 404—410.
1328 105 1440 140 CXIX

98 203 180 236 add.
208 202 393 245 Wesenb.,
426 202 557 236 laudat
582 202 692 241 Boot,
727 201 814 236 ‘Sed
840 200 965 235 Cicero
991 200 1115 245 potuit
1140 200 1254 234 etiam
1280 199 1438 234 scribere

96 251 308 284 senientiam
332 254 480 291 mutare,
505 249 639 283 omisso
659 261 772 291 suam,
799 250 841 282 ut
866 248 956 282 fecit
981 248 1073 281 Mur.
1090 248 1162 291 61⁷,
1188 248 1314 281 habere
1334 246 1440 280 audit

97 296 266 331 Schmidt
289 309 323 341 p.
347 301 431 339 322,
464 297 673 331 sententiam
704 307 804 330 suam
837 317 883 320 —
914 296 975 329 secl
1000 300 1118 329 tamen
1143 306 1232 339 quae
1257 298 1333 328 tum
1358 298 1439 327 acta

96 348 192 386 sunt,
216 354 290 378 non
312 355 459 388 possum
482 354 557 377 rnon
582 364 626 368 ——
654 343 808 387 probare
833 341 986 386 Tyrrell.
1049 341 1108 375 Ad
1132 353 1167 385 p.
1190 345 1313 375 16.14.
1347 361 1393 365 -—
1419 344 1438 373 9

96 392 235 434 famam
268 390 358 424 fecit
384 401 428 424 ex
452 395 567 425 tamen
595 390 674 423 ΕΙ.
696 389 875 423 Albi-echt
901 389 1001 433 apud
1027 388 1196 422 Schmidt
1216 388 1304 421 ‘Der
1322 386 1439 421 Brief—

98 437 270 471 wechsel’
298 450 333 482 p.
356 441 434 471 376.
468 459 512 462 -
548 442 589 470 12
616 449 646 470 v.
675 436 829 471 Schiche
854 436 976 470 Herm.
1004 435 1122 468 XVIU
1145 448 1180 479 p.
1203 438 1270 468 605
1297 436 1335 468 et
1360 437 1439 477 615,

99 484 267 518 Schmidt
290 497 325 529 p.
348 488 432 524 509,
460 484 550 529 Julgs
575 487 624 518 :28
651 483 793 528 Tyrrell
820 494 875 527 ep.
901 487 979 526 652,
1005 494 1121 517 mense
1148 482 1269 526 Quint.
1301 481 1439 523 Baiter,

100 535 198 573 (ante
224 532 368 574 Nonas)
398 531 567 565 YVesenb.
601 552 645 555 —
678 535 721 564 18
746 531 854 565 sz'nml
879 535 982 574 atque
1008 530 1210 571 obtinuero,
1235 529 1321 563 scies
1347 528 1438 562 coni.

99 579 209 621 Boot,
237 589 283 612 an
309 579 416 613 simul
441 582 639 622 accepero?
666 577 731 611 sed
756 577 850 610 nihil
874 578 1023 621 praesto
1050 576 1123 609 nisi
1153 576 1329 609 mendum
1356 575 1438 609 sub-

99 636 189 659 esse.
240 625 299 659 Ad
323 638 357 670 p.
379 629 457 659 385.
481 630 510 658 1.
538 646 582 650 —
616 628 658 658 19
684 629 867 658 renerzmt
891 623 1035 667 Tyrrell
1059 623 1214 664 invitus,
1249 622 1366 656 credo.
1394 643 1439 646 —

100 676 144 706 ⁸20
169 674 205 707 A
229 673 361 717 Quinto
381 683 546 716 quoque
564 671 755 705 Lehmann
776 670 940 712 Quaestt.
960 683 994 715 p.
1018 674 1084 704 102
1098 682 1150 713 sq.
1176 670 1260 703 fort.
1282 680 1373 703 vere.
1395 690 1440 693 ——

101 723 144 753 30
175 720 456 754 remotissimum
491 718 681 761 Wesenb.,
719 719 828 761 Boot,
864 717 1016 761 Tyrren.
1073 717 1131 751 Ad
1156 729 1191 761 p.
1214 720 1291 750 252,
1315 720 1367 750 15,
1395 737 1439 740 -

102 770 145 800 33
172 766 340 800 Lucilius
365 765 534 809 Mahsp„
560 766 697 807 Baiter,
724 765 828 807 Boot,
855 765 1034 806 Schmidt,
1053 763 1208 808 Tyrrell,
1228 763 1441 809 †Lucullus

103 813 272 847 Wesenb.
300 834 346 838 —
366 816 410 846 34
430 814 616 847 sustineat
640 812 706 854 ΜΞ,
732 812 836 846 Boot..
881 813 892 856 Ι]
934 812 980 846 P.
1002 810 1091 845 408.
1114 816 1133 845 5
1154 811 1316 845 Polione
1335 810 1439 844 Boot.

101 881 146 884 —-
184 860 234 894 Π).
257 871 308 903 sq.
342 860 515 894 Pollione.
548 859 606 893 De
638 859 761 893 Pansa
795 858 972 892 Schmidt.
1027 857 1133 891 Nihil
1165 857 1308 891 definio.
1341 878 1387 882 ——
1420 860 1439 890 7

101 911 202 950 esset,
234 911 323 942 certe
355 918 399 941 oze
424 907 466 940 (Ie
492 906 570 940 sine
597 916 703 939 cruce
728 905 870 948 Baiter,
897 910 964 948 est,
989 906 1049 939 secl
1074 908 1162 939 certe
1187 905 1228 939 de
1254 904 1439 946 Wesenb,

101 953 261 998 Tyri-eli,
295 958 343 988 est
375 954 476 995 ceo-ti,
508 957 597 987 certe
628 953 670 986 de
705 952 795 986 coni.
823 953 928 995 Boot,
953 953 985 986 si
1010 953 1098 995 quid
1122 952 1208 986 scies
1234 955 1265 985 et
1290 952 1441 985 certiora

102 1002 144 1034 cle
169 1001 314 1035 ffletello
341 1004 372 1034 et,
395 1000 514 1033 Balbo
539 1000 674 1034 minore
698 999 741 1032 H.
764 999 805 1032 A.
826 999 930 1032 Koch
948 1010 1040 1032 mus.
1062 998 1177 1032 Rhen.
1200 1001 1289 1031 1857
1310 1010 1344 1041 p.
1361 1002 1438 1031 279,

102 1051 260 1090 —95qq.
270 1059 300 1080 V.
317 1047 483 1080 Schmidt
491 1058 525 1090 p.
537 1050 616 1089 510,
635 1046 841 1090 Tyrrellep.
854 1050 932 1088 632,
945 1046 1032 1080 Kal.
1048 1046 1131 1080 oder
1146 1046 1203 1079 VI
1212 1045 1299 1078 Non
1317 1044 1437 1089 Quint.
1490 1072 1498 1076 .

103 1094 257 1128 Schiche
283 1093 404 1127 Herm.
425 1093 544 1126 XVIII
567 1105 602 1137 p.
626 1097 692 1127 606
720 1095 757 1126 et
783 1096 860 1135 614,
887 1103 942 1136 ep.
969 1092 1053 1126 XXI
1073 1096 1092 1134 ἓ
1112 1096 1134 1125 4
1158 1092 1309 1136 priores.
1331 1113 1376 1116 —
1398 1095 1439 1125 15

104 1142 200 1186 Quid
224 1140 342 1175 illud?
368 1141 449 1174 edd.
476 1140 535 1173 Ad
560 1152 594 1184 p.
609 1143 688 1174 404.
706 1144 736 1173 9.
763 1161 808 1164 —
835 1144 878 1173 29
894 1151 946 1182 sq.
967 1139 1049 1174 Sed
1073 1140 1219 1173 nescio
1245 1149 1313 1183 quo
1339 1139 1441 1172 modo

102 1193 232 1223 antea
264 1199 329 1222 scr.
362 1199 452 1221 mus.
480 1187 596 1221 Rhen.
624 1190 714 1221 1898
739 1198 774 1231 p.
798 1190 864 1220 133
879 1197 977 1229 sqq,
1006 1195 1074 1231 quo
1100 1186 1202 1220 modo
1228 1190 1345 1220 autem
1371 1185 1442 1218 --?

103 1235 206 1269 codd.
234 1236 271 1268 et
298 1234 378 1268 edd.
406 1255 451 1260 -—
477 1238 519 1268 31
536 1245 588 1277 sq.
615 1234 782 1268 describit
807 1245 829 1267 α
849 1234 922 1268 tuis
941 1232 1076 1267 seclusi
1095 1232 1150 1266 1.1.
1195 1234 1206 1276 ΙΙ
1254 1232 1299 1266 P.
1315 1232 1405 1266 409.
1422 1236 1440 1265 2

102 1294 154 1326 sq.
177 1282 467 1326 praetermissum
491 1282 539 1315 sit
563 1280 628 1314 M1.
666 1280 726 1314 Ad
749 1293 784 1325 p.
808 1284 902 1314 1.11.
930 1301 975 1305 —
1002 1284 1022 1314 8
1048 1279 1243 1325 [Seoetiles]
1267 1279 1370 1313 Boot.
1397 1300 1442 1304 —

104 1334 144 1363 11
166 1340 293 1363 ‘nomen
312 1328 435 1372 potius
457 1339 568 1371 quam
587 1329 760 1362 hominem
782 1327 948 1370 Schuetz,
969 1326 1155 1369 Wesenb.,
1176 1348 1221 1351 —
1242 1330 1284 1359 13
1303 1326 1443 1368 Scrofa,

101 1377 205 1410 eticmz
228 1376 340 1420 quod
353 1376 518 1419 prooeime
537 1375 689 1409 accidit.
723 1375 763 1408 Si
781 1373 966 1414 Wesenb.,
986 1373 1090 1407 Boot.
1105 1395 1151 1398 —
1165 1377 1209 1407 20
1229 1385 1259 1407 V.
1276 1373 1441 1407 Schmidt

101 1435 136 1467 p.
159 1426 238 1465 511,
265 1422 409 1466 Tyrress
434 1432 490 1466 ep.
512 1425 591 1463 635,
624 1422 659 1456 V
679 1422 763 1455 oder
787 1422 851 1455 IV
871 1421 968 1455 Non.
997 1420 1151 1454 Schiche
1176 1420 1298 1453 Herm.
1325 1419 1444 1453 XVm

102 1482 136 1513 p.
159 1473 226 1503 606
253 1471 290 1502 et
316 1472 394 1511 614,
429 1479 544 1503 mense
573 1469 693 1513 Quint.
721 1468 863 1509 Baiter,
893 1470 991 1511 (ante
1017 1468 1162 1509 Novius)
1189 1466 1361 1500 Wesenb.
1398 1488 1443 1491 —

104 1520 145 1550 27
177 1516 206 1550 O
230 1515 371 1549 habent
396 1526 424 1557 c,
451 1515 612 1559 L(mgo>,
640 1515 744 1549 codd.
771 1515 869 1556 Bosi,
889 1526 962 1548 v.c.
990 1514 1194 1559 (Lehmann
1213 1514 1290 1547 Att.
1311 1526 1345 1558 p.
1364 1517 1442 1555 124,

104 1564 196 1607 204),
234 1573 326 1596 recc.
367 1562 447 1595 edd.
481 1572 624 1603 omnes,
663 1561 775 1595 etiam
808 1561 991 1604 Schmidt,
1024 1561 1089 1594 sed
1124 1572 1206 1594 cum
1231 1561 1380 1594 Baitero
1408 1562 1446 1594 et

103 1609 284 1653 Tyrrellio
311 1611 502 1651 tamquam
529 1608 763 1650 additicium3
790 1619 877 1641 nam
902 1619 970 1642 om.
996 1609 1072 1641 ΔΣ.
1100 1629 1145 1632 -
1172 1611 1215 1641 30
1241 1608 1445 1641 videbitur

104 1656 150 1690 Ol
179 1656 382 1700 (Lehmann
413 1656 488 1688 Att.
510 1667 543 1699 p.
566 1658 643 1698 37),
675 1655 791 1699 vulg,
823 1665 914 1688 rece.
946 1656 1095 1698 praeter
1125 1654 1443 1698 Wesenbergium,

102 1704 241 1738 cibetur
277 1702 331 1745 M,
367 1703 509 1736 videtur
538 1702 710 1735 Wesenb.
744 1723 787 1726 —
821 1706 863 1735 32
895 1702 1040 1744 babere,
1065 1713 1156 1745 quae
1183 1702 1258 1735 nisi
1283 1713 1305 1735 α
1330 1705 1361 1735 te
1388 1700 1443 1734 ed.

103 1750 208 1793 Iens.,
234 1749 372 1791 Baiter,
398 1749 501 1790 Boot,
523 1748 746 1792 Tyri-eH,’³‘’³‘*
773 1748 944 1782 VVesenb.
973 1747 1066 1782 coni.
1092 1749 1230 1790 habere,
1256 1759 1346 1791 quae
1370 1748 1446 1781 nisi

103 1809 127 1830 a
146 1797 220 1831 tuis
237 1796 381 1838 melius,
401 1796 562 1840 †71abere
583 1795 751 1829 Schmidt
771 1795 862 1829 coni.
885 1796 1073 1838 quaedam,
1091 1806 1182 1838 quae
1201 1806 1224 1828 a
1243 1806 1295 1828 me
1307 1794 1443 1828 habere.

104 1864 149 1868 —
169 1847 213 1877 33
233 1844 403 1885 satisfac.
426 1842 525 1876 Boot
567 1844 578 1886 ΙΙ
622 1842 666 1876 Ρ.
688 1841 777 1876 410.
799 1846 819 1875 3
835 1843 954 1885 probo
973 1840 1170 1875 Woelfflin
1192 1840 1348 1874 ‘Latein
1368 1840 1446 1873 und

104 1901 242 1924 roman.
271 1888 547 1933 Compara-tion'
568 1901 603 1933 p.
621 1893 682 1922 9n.
705 1888 762 1931 (cf.
778 1901 813 1933 p.
831 1892 950 1931 1183,
984 1892 1104 1929 1639,
1132 1890 1273 1929 18628,
1301 1890 1444 1928 38032,

103 1941 225 1979 4022,
256 1940 400 1978 409.11,
432 1940 577 1978 413.11,
612 1935 694 1969 add.
716 1939 836 1977 3872,
861 1935 947 1968 fam.
970 1934 1036 1967 XV
1057 1938 1152 1975 17.4‚
1179 1932 1218 1974 Q.
1245 1933 1286 1967 fr.
1314 1933 1364 1966 ΠΙ
1385 1938 1444 1967 1.2

104 1995 213 2027 p.m.,
243 1984 347 2018 valde
373 1983 480 2017 laudo
506 1982 592 2016 fam.
613 1982 680 2015 ΧΠ
700 1985 754 2016 30.
772 1986 802 2025 7,
827 1983 930 2016 valde
951 1982 1069 2025 placet
1093 1993 1126 2024 p.
1151 1983 1269 2022 1525,
1294 1984 1373 2014 426.
1390 1984 1444 2022 29,

105 2033 250 2072 45923,
276 2033 420 2073 47214,
445 2032 589 2071 49615,
617 2028 655 2070 Q..
677 2029 719 2062 fr.
741 2029 860 2070 1171,
886 2028 936 2061 ΠΙ
951 2032 1010 2061 1.1
1027 2039 1116 2072 pm.
1133 2029 1170 2060 et
1185 2031 1204 2060 5
1219 2037 1250 2060 a.
1265 2028 1447 2071 m.,plome

103 2077 214 2120 probo
233 2088 267 2120 p.
289 2080 408 2119 5461,
435 2087 619 2119 nusquam
644 2077 746 2110 redde
766 2076 877 2119 probe
904 2077 969 2108 aut
984 2075 1144 2118 probus),
1170 2073 1264 2107 Boot
1282 2074 1385 2108 tacit.
1407 2074 1446 2107 in

105 2125 262 2166 utraque
277 2123 451 2166 editione,
461 2124 570 2167 probe
586 2123 688 2156 codd.
706 2125 752 2167 (p.
768 2126 822 2156 24.
833 2124 867 2166 8)
883 2123 920 2155 et
934 2121 1014 2155 edd.
1031 2122 1073 2153 ut
1084 2133 1119 2164 p.
1138 2124 1214 2154 133.
1229 2124 1284 2163 20,
1298 2125 1378 2155 439.
1390 2125 1444 2163 16,

105 2173 238 2203 46613
259 2171 453 2213 (,486.19).
480 2170 538 2203 Ad
551 2174 629 2203 426.
644 2173 697 2203 32.
734 2190 777 2194 —
811 2173 830 2202 5
856 2170 909 2203 ita
939 2169 1026 2212 post
1058 2169 1133 2201 vita
1166 2167 1322 2201 addend.
1351 2168 1443 2202 coni.

105 2216 248 2257 Baiter,
287 2227 353 2249 scr.
391 2215 583 2259 Wesenb.,
620 2217 673 2251 ita
710 2217 785 2250 vita
824 2214 948 2248 Orelli.
988 2235 1033 2239 —
1071 2217 1091 2247 6
1122 2214 1313 2249 humanae
1343 2216 1445 2257 vett,

105 2262 296 2304 Wesenb.,
322 2262 426 2296 Boot.
452 2283 497 2287 —
522 2263 573 2296 Ib.
594 2263 720 2306 iniquo
746 2263 868 2306 (inico)
897 2260 1029 2305 Stangl
1047 2260 1225 2294 Fleckeis.
1249 2272 1330 2295 ann.
1355 2265 1444 2296 1896

104 2322 139 2354 p.
158 2313 235 2352 782,
255 2310 400 2343 inimico
421 2309 525 2342 codd.
547 2311 584 2343 et
604 2309 686 2343 edd.
719 2308 778 2342 Ad
797 2311 984 2352 p.213.11.
1006 2328 1050 2332 --
1070 2307 1121 2342 Ib.
1143 2309 1184 2342 in
1203 2307 1296 2342 coni.
1318 2307 1446 2348 Orelli,
