1665 2553
35 742 68 766 10

34 1033 67 1058 15

34 1383 68 1407 20

36 2056 70 2082 80

273 103 611 138 EPISTULARUM
636 104 700 138 AD
726 103 940 138 ATTICUM
965 103 1032 138 XV
1059 107 1235 139 14—16a.
1335 104 1417 145 481

86 199 272 253 impedit.
334 197 463 254 Nam,
501 212 593 239 cum
633 213 684 238 ex
721 198 914 253 reliquis,
947 213 1053 252 quae
1090 197 1226 239 Nonis
1264 198 1421 252 Aprili—

88 258 166 299 bus
197 257 313 309 fecit,
353 256 564 297 abundare
595 256 785 312 debeam,
823 271 952 311 cogor
982 257 1187 312 mutuari,
1225 257 1421 310 quodque

88 331 138 358 ex
169 316 264 357 istis
296 315 525 356 fructuosis
556 315 683 356 rebus
715 318 930 368 receptum
957 318 1033 370 est,
1065 315 1108 355 id
1134 328 1211 369 ego
1238 315 1290 356 ad
1315 315 1421 356 illud

87 375 231 415 fanum
265 374 497 428 sepositum
527 373 741 427 putabam.
792 373 874 414 Sed
904 374 1007 414 haec
1037 373 1183 414 Tironi
1213 373 1421 429 mandavi,

89 447 212 487 quem
246 433 299 474 ob
333 447 424 473 eam
455 446 623 473 causam
655 431 836 473 Romam
867 432 983 486 misi,
1026 435 1069 473 te
1100 432 1219 473 nolui
1250 432 1420 486 impedi-

87 494 179 532 tum
216 491 428 544 impedire.
491 489 635 531 Cicero
672 494 818 531 noster
857 505 939 544 quo
977 490 1207 531 modestior
1247 493 1328 546 est,
1371 505 1419 531 eo

86 565 153 590 me
195 550 330 604 magis
368 551 611 590 commovet.
673 549 740 589 Ad
776 564 843 590 me
881 550 992 590 enim
1030 549 1080 590 de
1115 549 1194 590 hac
1230 564 1274 589 re
1310 549 1420 589 nihil

88 608 268 662 scripsit,
295 608 346 648 ad
379 622 503 661 quem
533 607 734 648 nimirum
759 608 1030 661 potissimum
1055 607 1218 662 debuit3
1250 608 1420 661 scripsit

86 667 167 707 hoc
198 669 339 707 autem
371 666 422 706 ad
453 666 662 720 Tironem,
697 666 779 706 sibi
810 669 908 720 post
939 666 1111 707 Kalend.
1138 665 1307 720 Apriles
1340 664 1420 721 (sic

89 725 200 766 enim
232 740 419 765 annuum
450 727 616 778 tempus
643 724 811 780 confici)
842 724 951 765 nihil
983 725 1128 765 datum
1159 739 1259 765 esse.
1322 724 1418 765 Tibi

86 798 162 837 pro
196 786 269 824 tua
299 786 452 824 natura
479 797 641 837 semper
666 783 873 837 placuisse
898 786 1023 837 teque
1050 783 1314 824 existimasse
1339 783 1420 837 †id

87 842 214 882 etiam
255 842 306 882 ad
344 841 596 896 dignitatem
631 856 767 882 meam
804 842 1014 896 pertinere
1051 856 1145 882 eum
1175 856 1262 882 non
1292 842 1418 882 modo

85 900 318 941 liberaliter
364 915 388 941 a
435 900 575 954 nobis,
629 900 701 941 sed
750 901 877 941 etiam
925 902 1071 941 ornate
1126 900 1419 953 cumulateque

86 959 270 1000 tractari.
327 957 463 1007 Quare
493 958 619 999 velim
651 973 770 999 cures
802 957 896 1014 (nec
927 959 1007 999 tibi
1039 972 1173 999 essem
1203 959 1420 1013 molestuS,

88 1017 123 1058 si
154 1032 229 1071 per
260 1017 391 1057 alium
421 1017 501 1057 hoc
532 1030 654 1071 agere
684 1015 886 1072 possem),
917 1019 965 1058 ut
996 1020 1260 1070 permutetur
1291 1016 1420 1057 Athe-

86 1090 180 1129 nas,
219 1075 331 1129 quod
368 1076 424 1116 sit
461 1076 505 1115 in
534 1089 720 1116 annuum
752 1078 967 1129 sumptum
1000 1076 1047 1116 ei.
1110 1074 1278 1116 Scilicet
1309 1075 1419 1116 Eros

85 1134 336 1175 numerabit.
404 1133 509 1174 Eius
554 1133 614 1174 rei
658 1148 782 1175 causa
825 1134 1022 1175 Tironem
1054 1134 1172 1174 misi.
1242 1133 1419 1174 Curabis

86 1192 219 1247 igitur
251 1195 292 1233 et
324 1192 376 1233 ad
406 1207 493 1247 me,
525 1192 560 1232 si
592 1193 692 1245 quid
723 1193 804 1233 tibi
835 1192 883 1233 de
915 1206 963 1233 eo
995 1191 1220 1248 videbitur,
1251 1192 1419 1233 scribes.

694 1296 807 1338 XVI.

227 1376 302 1412 Ser.
322 1378 363 1411 in
387 1377 534 1412 Antiati
556 1378 630 1411 III
649 1381 714 1411 aut
734 1378 831 1421 prid.
851 1377 909 1411 Id.
929 1378 1014 1412 Iun.
1035 1389 1068 1411 a.
1091 1380 1162 1412 710
1188 1380 1276 1421 (44).

484 1458 674 1493 CICERO
699 1458 888 1493 ATTICO
914 1459 1022 1493 SAL.

176 1528 360 1569 Tandem
392 1544 415 1570 a
447 1528 645 1570 Cicerone
676 1530 935 1584 tabellarius,
967 1533 1008 1570 et
1040 1530 1278 1571 mehercule
1308 1531 1418 1571 litte-

88 1602 157 1628 rae
194 1587 501 1641 πεπινωμένως
538 1588 735 1642 scriptae,
774 1588 885 1640 quod
922 1588 1061 1641 ipsum
1090 1590 1317 1642 προκοπὴν
1348 1589 1420 1629 ali-

90 1660 214 1699 quam
263 1646 492 1701 significat,
539 1646 724 1699 itemque
773 1646 900 1686 ceteri
949 1646 1161 1699 praeclara
1210 1647 1419 1701 scribunt3

55 1720 69 1744 5
89 1703 292 1744 Leonides
332 1707 474 1745 tamen
513 1704 667 1745 retinet
707 1718 831 1744 suum
873 1704 978 1744 illud
1019 1704 1199 1760 ‘adlluc',
1242 1706 1418 1746 summis

89 1776 185 1802 vero
217 1762 411 1803 laudibus
443 1762 643 1804 Herodes.
689 1762 797 1810 Quid
830 1763 1025 1816 quaeris?
1068 1763 1135 1803 vel
1160 1763 1287 1804 verba
1313 1763 1419 1804 mihi

89 1819 178 1860 dari
213 1821 334 1862 facile
372 1821 512 1874 patior
542 1822 586 1862 in
617 1821 697 1861 hoc
728 1834 877 1874 meque
908 1821 1089 1861 libenter
1120 1821 1302 1874 praebeo
1336 1836 1419 1862 cre-

89 1878 243 1919 dulum.
304 1879 367 1919 Tu
400 1879 537 1934 velim,
568 1880 604 1920 si
636 1879 737 1933 quid
767 1879 847 1919 tibi
880 1882 944 1919 est
976 1893 1000 1919 a
1032 1878 1169 1920 Statio
1203 1880 1419 1935 scriptum,

90 1936 201 1990 quod
231 1938 440 1990 pertineat
471 1937 522 1978 ad
553 1952 631 1992 me,
663 1938 885 1978 certiorem
916 1951 983 1979 me
1014 1938 1154 1979 facias.

683 2041 827 2083 XVIa.

191 2108 263 2143 Ser.
285 2110 325 2144 in
350 2110 526 2153 Arpinati
553 2110 654 2144 XIV
676 2116 739 2146 aut
766 2111 878 2145 XIII
899 2110 946 2144 K.
968 2111 1052 2144 Iun.
1074 2122 1106 2144 α.
1129 2113 1200 2145 710
1226 2113 1315 2154 (44).

488 2179 678 2215 CICERO
703 2179 893 2214 ATTICO
918 2180 1026 2214 SAL.

177 2236 314 2278 Narro
353 2238 449 2291 tibi,
490 2239 592 2280 haec
629 2240 722 2280 loca
759 2242 936 2280 venusta
975 2242 1090 2293 sunt,
1129 2238 1273 2280 abdita
1309 2242 1420 2280 certe

90 2298 144 2350 et,
169 2294 204 2336 si
232 2295 332 2349 quid
357 2296 535 2337 scribere
560 2298 677 2353 velis,
704 2298 754 2338 ab
781 2297 952 2339 arbitris
979 2297 1121 2338 libera.
1173 2296 1254 2338 Sed
1277 2298 1419 2339 nescio

162 2368 220 2395 010.
236 2370 320 2401 epist.
335 2371 374 2396 Π.
1164 2369 1206 2399 31
