1665 2553
189 93 252 128 XL
608 93 885 128 ADNOTATIO
914 92 1099 127 CRITICA

191 187 260 221 div.
282 188 381 222 Π28.
399 191 452 231 62,
480 191 670 221 58115111.
711 185 761 222 Cf.
784 188 831 221 ad
856 200 890 232 p.
913 190 966 221 68.
989 190 1043 222 35.
1070 208 1116 212 —
1142 191 1185 221 25
1200 191 1341 231 partem
1366 186 1519 230 Manut,

188 234 332 277 Baiter,
363 234 554 277 Wesenb,
585 233 739 278 Tyrrell,
760 239 899 278 patrem
926 234 1043 277 codd,
1070 245 1151 268 cum
1178 244 1283 268 cruce
1307 234 1401 268 Boot
1426 233 1518 268 coni.

185 293 256 326 pro
283 286 387 325 parte
417 293 494 316 mea
519 293 613 322 eum.
654 281 781 324 ‘quum
807 279 931 314 Cicero
958 291 1105 315 causam
1128 291 1202 315 non
1226 282 1331 315 vocet
1351 280 1518 324 partem'.

191 328 287 370 Quid
312 340 346 372 p.
360 332 412 362 68.
429 332 460 370 9,
486 328 572 361 fam.
588 327 670 360 XIH
696 331 749 362 29.
768 331 786 361 7
800 340 834 372 p.
850 339 896 361 m.
924 327 1018 371 quod
1041 327 1172 370 fuerim
1197 328 1414 362 moderatior
1437 331 1521 361 tem-

187 376 414 419 peratiorque
440 386 547 419 quam
571 375 612 408 in
636 386 678 409 ea
697 378 803 418 parte
828 376 1026 418 quisquam,
1053 373 1212 418 denique
1236 374 1285 408 ib.
1300 374 1412 418 paulo
1434 375 1521 408 ante

192 433 298 466 quam
324 426 464 465 partem
488 422 528 455 in
552 432 590 455 re
609 432 647 465 p.
668 432 881 465 causamque
905 421 1146 463 defenderim?
1183 442 1228 446 —
1266 425 1308 454 29
1335 425 1412 455 erat
1435 422 1522 464 post

191 469 299 502 huius
325 469 407 501 add.
428 467 613 510 W‘esenb„
639 468 741 502 Boot.
763 488 808 492 —
828 471 869 501 31
898 468 986 512 Zeyes
1012 467 1178 511 GronOV.,
1204 467 1388 510 Wesenb,
1414 467 1520 510 Boot,

192 514 343 559 Tyrrell.
394 515 452 547 Ad
476 526 509 558 p.
534 518 610 548 106.
631 518 662 548 8.
701 535 746 540 -
784 518 824 547 31
852 525 948 557 spem
972 513 1158 557 Lambin,
1190 514 1333 557 Baiter,
1365 513 1521 558 Tyrrell,

191 563 299 607 †rem
324 561 513 604 1178581111,
545 561 648 603 Boot,
681 561 927 605 suspicionem,
954 561 1157 604 opinione-m
1183 560 1257 595 alii.
1290 582 1335 586 —-
1365 561 1415 594 Ib.
1437 571 1523 595 non

192 609 331 642 nullam
355 608 501 650 Bootio,
533 610 575 641 ut
601 607 670 650 ait,
704 610 853 641 auctore
878 607 1014 650 Baiter,
1047 607 1198 651 Tyrrell.
1249 607 1307 641 Ad
1331 619 1366 651 p.
1388 611 1442 641 84.
1465 610 1520 641 28.

193 676 238 680 ——
258 658 301 688 33
322 659 397 689 erat
418 654 660 688 ‘latinitatem
678 654 867 698 postulare
887 654 984 698 post’
1006 654 1178 688 Bootium
1199 654 1307 688 ‘vidit
1320 654 1522 697 WVesenbf,

194 701 499 745 scrips.Wesenb.
517 703 553 734 et
567 701 709 744 Tyr-rell
727 701 828 744 prob.
867 702 878 744 ΙΙ
921 701 966 735 P.
980 700 1096 735 125.1
1118 701 1350 735 videbantur
1363 700 1522 743 Ernesti,

193 748 378 790 Wesenb,
398 748 501 790 Boot,
523 748 620 791 quod
640 748 806 790 sequitur
822 748 1058 791 putabantur.
1081 768 1124 772 —
1146 751 1187 780 11
1208 752 1367 782 muratos
1380 747 1523 791 Tyrrell

195 806 249 839 ep.
273 798 347 828 144.
371 798 389 828 7
414 807 448 838 1).
472 798 549 837 134,
576 795 674 837 quod
698 794 737 827 in
764 794 801 827 M
828 796 884 828 est
908 795 1073 837 miratos3
1111 794 1218 828 valde
1243 794 1367 838 placet
1392 794 1523 828 Bootio

194 842 326 875 Mnem.
355 845 443 875 1892
468 853 502 885 1).
526 844 590 875 117
607 853 658 884 sq.
698 862 744 866 —-
782 845 823 875 16
857 842 978 884 refecit
1003 840 1094 875 coni.
1115 841 1209 875 Boot
1234 840 1318 874 Obs.
1339 852 1373 885 p.
1395 843 1451 883 48,
1476 845 1523 875 te-

194 889 287 923 xerit
318 888 439 930 codd,
473 899 555 921 cum
587 898 693 922 cruce
724 888 834 930 Boot,
868 889 982 922 texuit
1005 888 1147 930 Baiter,
1179 892 1315 922 texerat
1342 887 1523 931 Wesenb.,

195 935 347 979 Tyrrell.
380 955 425 959 —
457 938 500 967 22
526 935 805 978 contempsimus,
833 935 931 977 quod
955 934 1104 968 fuerunt
1130 934 1192 977 qui
1217 936 1362 968 mutare
1387 934 1526 968 vellent

195 982 233 1015 in
258 981 554 1024 consumpsimus,
589 983 644 1015 est
670 981 909 1024 contemptim
936 981 1153 1022 abiecimus,
1182 981 1284 1014 cuius
1311 992 1397 1014 usus
1425 981 1524 1014 511111-

195 1029 289 1062 liora
316 1027 483 1071 exempla
508 1039 581 1061 non
605 1027 689 1061 novi
715 1038 826 1070 quam
850 1027 924 1061 Ioh.
942 1025 1039 1061 Cass.
1058 1028 1073 1060 I
1092 1040 1126 1071 p.
1145 1031 1220 1060 143.
1238 1031 1279 1061 17
1307 1032 1346 1062 ut
1370 1028 1411 1061 in
1435 1028 1523 1062 veri-

195 1081 265 1111 tate
296 1076 539 1109 renuntiemus
568 1075 652 1108 huic
682 1075 814 1108 mundo
839 1075 933 1108 nihil
957 1085 1000 1108 ea:
1023 1075 1095 1116 his,
1128 1085 1218 1118 quae
1243 1075 1524 1117 contempsimus,

195 1126 383 1164 servantes,
411 1124 486 1154 147.
509 1125 551 1154 20
578 1121 666 1165 quid
690 1121 871 1155 descendis
896 1121 1014 1155 tollere
1039 1121 1180 1165 aliquid
1205 1121 1247 1154 de
1272 1121 1373 1163 domo
1399 1125 1462 1155 tua
1482 1132 1525 1155 ex

195 1170 250 1204 his
274 1169 444 1209 videlicet,
470 1179 559 1211 quae
585 1172 691 1201 antea
716 1168 963 1211 contempsisti,
990 1168 1088 1210 quod
1112 1167 1213 1201 idem
1231 1167 1279 1201 ib.
1295 1179 1325 1200 v.
1342 1171 1385 1200 14
1404 1168 1525 1202 dimit-

195 1221 274 1251 tere.
313 1236 358 1239 —
393 1217 436 1248 ‘28
474 1215 535 1247 Ad
572 1215 660 1257 quid
697 1214 900 1248 laboramus
925 1214 1092 1256 Ascens.,
1123 1214 1266 1256 Baiter,
1299 1214 1349 1248 At
1373 1214 1461 1258 quid
1486 1214 1525 1248 id

197 1260 425 1297 laboramus?
462 1261 585 1295 Habes
604 1260 788 1302 Wesenb,
815 1260 969 1304 Tyr-rell,
996 1261 1060 1294 sed
1085 1261 1146 1294 hic
1170 1260 1294 1294 Habes
1318 1271 1372 1295 res
1392 1261 1524 1295 Roma-

195 1308 310 1351 nas?,
337 1308 431 1341 Boot
457 1307 547 1341 coni.
569 1308 683 1351 Atqui
707 1309 746 1341 ¹id
771 1308 993 1350 laboramus,
1029 1312 1070 1342 ut
1093 1308 1223 1342 habeas
1248 1318 1302 1341 res
1327 1307 1523 1342 Romanas.

196 1377 240 1381 —
267 1359 308 1388 31
335 1355 440 1397 fiunt
464 1353 648 1396 Wesenb,
674 1354 778 1395 Boot,
804 1354 955 1398 TyrreU.
984 1376 1028 1379 —
1055 1358 1097 1387 35
1122 1354 1341 1397 faciendum
1365 1353 1524 1397 Ernesti,

195 1401 385 1443 Wesenb,
418 1401 528 1435 Nunc
559 1402 601 1435 de
633 1401 802 1435 Gabinio.
852 1401 1154 1435 Stomachaberis:
1188 1412 1309 1435 verum
1340 1401 1526 1443 ferendum

196 1453 245 1484 est
271 1448 361 1482 coni.
377 1448 479 1481 Boot.
512 1449 522 1491 U
559 1448 604 1482 P.
620 1447 708 1482 126.
724 1452 745 1481 4
771 1449 953 1482 absolutus
977 1452 1041 1482 est
1062 1447 1205 1491 Tyn-eu
1231 1458 1284 1491 81).
1302 1451 1368 1481 154
1393 1449 1464 1481 tac.
1481 1468 1526 1472 —

196 1496 246 1529 Π).
268 1500 415 1539 γοργεῖα
446 1494 565 1539 γυμνά
589 1494 736 1537 Bosius,
768 1500 900 1537 πορεῖα
932 1495 1055 1528 πυκνά
1087 1494 1178 1528 80111.
1199 1494 1301 1527 Boot.
1341 1515 1386 1518 —
1425 1497 1443 1527 7
1469 1494 1527 1528 At

195 1547 314 1577 tamen
333 1541 449 1584 codd,
462 1541 599 1583 Baiter,
618 1541 721 1575 Boot.
750 1541 808 1574 Ad
826 1553 859 1584 1).
874 1545 927 1575 91.
944 1544 997 1575 27.
1013 1562 1058 1565 -
1073 1545 1114 1574 12
1130 1541 1321 1584 pristinae
1339 1540 1525 1583 Wesenb,

195 1589 306 1631 Boot,
344 1588 487 1632 Tyri-eil
518 1588 698 1631 imperite.
750 1587 803 1621 Ex
834 1588 897 1630 iis,
937 1598 1033 1631 quae
1066 1587 1198 1631 collegi
1232 1587 1431 1621 ‘Kritische
1457 1587 1524 1621 Be-

196 1635 423 1679 merkungen
461 1646 505 1668 zu
542 1634 634 1668 Plin.
661 1636 736 1668 nat.
764 1634 865 1668 histf
904 1646 1024 1679 progr.
1053 1633 1203 1667 Vratisl.
1233 1637 1321 1666 1888
1359 1645 1393 1677 p.
1424 1637 1440 1666 1
1459 1645 1525 1676 sq,

198 1682 426 1716 simillimum
458 1683 514 1715 est
547 1682 760 1725 sempiterna
790 1682 959 1715 memoria
990 1682 1154 1724 temporis
1185 1681 1278 1714 dom.
1306 1691 1340 1723 p.
1368 1683 1446 1713 489.
1469 1683 1523 1714 30.

197 1729 255 1762 Ad
281 1728 591 1772 (1118111388,
622 1728 720 1761 infra
745 1728 792 1761 ad
817 1740 852 1772 p.
875 1732 952 1761 347.
976 1731 1028 1761 15.
1056 1748 1101 1752 —
1128 1730 1170 1760 13
1197 1738 1249 1760 me
1275 1728 1360 1760 ante
1385 1727 1527 1761 delectet

198 1776 280 1809 add.
302 1740 491 1818 1178581111,
523 1775 632 1817 Boot,
664 1774 695 1807 is
728 1774 790 1817 qui
824 1774 952 1818 paucis
985 1773 1133 1818 paginis
1167 1775 1253 1806 ante
1280 1773 1328 1806 ad
1352 1772 1402 1805 IV
1429 1776 1482 1806 16
1506 1777 1524 1806 1

196 1823 289 1856 haec
320 1821 484 1866 scripsit:
525 1803 632 1855 ‘'Non
654 1832 744 1865 opus
779 1823 850 1864 est,
883 1823 925 1854 ut
957 1833 1039 1854 cum
1063 1820 1146 1853 Ern.
1169 1822 1206 1853 et
1231 1818 1288 1853 Or.
1309 1830 1361 1853 me
1386 1819 1524 1853 insera-

196 1871 266 1902 tur.
312 1868 428 1912 Saepe
454 1867 578 1902 Cicero
604 1868 722 1901 utitur
746 1867 815 1901 hoc
840 1867 949 1901 verbo
980 1867 1124 1910 (delect.)
1151 1866 1229 1900 51118
1255 1865 1426 1907 obiecto',
1457 1865 1525 1900 sci-

196 1915 285 1949 licet
316 1916 415 1958 quod
445 1915 498 1948 ibi
530 1915 732 1948 docuerant
764 1914 838 1947 alii.
889 1914 1016 1956 Aeque
1045 1912 1256 1947 memoriter
1282 1912 1469 1946 desiderat
1495 1917 1527 1947 te

196 1974 231 2006 p.
253 1965 330 1995 443.
353 1966 406 1995 34
444 1962 503 1995 Ad
527 1973 561 2005 p.
585 1965 638 1995 12.
659 1965 689 1995 8.
711 1982 756 1985 —
776 1964 818 1993 26
844 1961 1009 2002 habitat,
1035 1960 1120 1993 olim
1144 1959 1337 1993 concalluit
1363 1969 1384 1992 a
1403 1958 1525 1993 Nonio

198 2012 252 2042 90.
274 2012 293 2040 2
319 2008 454 2042 Baiter.
498 2010 509 2052 Η
552 2008 597 2042 P.
618 2007 706 2042 127.
729 2010 748 2040 7
780 2007 938 2041 fortasse
968 2006 1099 2040 melius
1134 2005 1285 2039 additur
1310 2006 1352 2039 de
1376 2007 1418 2039 ut
1443 2018 1473 2039 v.
1496 2017 1524 2040 c.

199 2053 337 2088 Cluent
354 2059 407 2088 52.
426 2059 490 2088 143
512 2056 568 2088 est
587 2055 702 2088 nescio
722 2054 800 2097 quis
820 2054 861 2087 de
880 2054 935 2087 iis.
951 2074 996 2077 —
1015 2053 1065 2086 Ib.
1082 2057 1210 2096 atque
1229 2063 1412 2086 accensum
1433 2053 1524 2087 coni.

199 2100 323 2141 Orelli,
351 2112 415 2134 scr.
437 2100 608 2135 VVesenb.
637 2122 680 2125 —
716 2104 801 2143 Ssq.
830 2100 943 2134 eluxit
966 2100 1087 2134 statim
1110 2109 1165 2133 res
1185 2110 1222 2143 p
1246 2098 1351 2154 leyem
1376 2099 1528 2144 Madvig

198 2147 287 2180 Adv
309 2147 358 2179 ΙΠ
383 2159 416 2190 1).
440 2151 523 2190 174,
556 2148 650 2182 dixit
679 2148 800 2181 stati-m
829 2157 911 2180 reus
936 2146 1058 2189 Papia
1085 2146 1172 2189 leye:
1209 2143 1270 2188 μοι’
1302 2145 1379 2178 ἐστί
1399 2159 1450 2188 τι,
1483 2147 1525 2180 οὐ

199 2195 261 2227 σοι
283 2192 314 2226 ὸ
319 2191 448 2236 ᾋἈρες,
475 2193 551 2237 ἅμα
577 2191 1288 2239 Hatpt'nyunstallapudBootium,01⁵3
1309 2203 1366 2226 σοι
1385 2194 1526 2235 navoth·

199 2239 290 2273 ἀλλὰ
328 2239 427 2283 φήνη
461 2228 600 2274 Gurlitt
630 2251 749 2284 progr.
778 2239 932 2283 Steglitz
966 2241 1054 2272 1898
1086 2250 1119 2282 p.
1143 2242 1186 2271 14
1201 2250 1277 2281 sqq
1317 2259 1362 2263 —
1401 2242 1442 2272 10
1475 2239 1533 2273 VI

199 2285 341 2330 Tyrrell
378 2287 447 2320 tac.
488 2307 532 2311 —
572 2291 611 2320 11
646 2291 764 2330 aperte
794 2297 860 2330 pro
893 2286 941 2319 ad
969 2289 1112 2329 portam
1142 2287 1228 2319 vett.
1258 2285 1357 2328 edd,
1388 2285 1526 2329 Baiter,
