1665 2553
151 102 212 136 CII
583 104 860 139 ADNOTATIO
888 103 1074 138 CRITICA

149 196 305 240 Tyri-cll,
330 201 418 232 certe
443 197 492 240 M,
519 197 704 240 WVesenb„
729 197 832 231 Boot.
872 197 930 230 Ad
954 201 1082 241 p.267.
1100 201 1153 232 19.
1180 219 1224 223 —
1252 202 1294 232 15
1321 202 1353 232 te
1373 197 1484 232 Grae-

148 243 246 286 vius,
278 243 423 288 Baiter,
453 243 614 287 Tyrrell,
647 255 715 278 om.
737 245 854 286 codd,
880 243 1064 287 Wesenb.,
1090 244 1193 278 Boot.
1238 245 1296 278 Ad
1320 257 1354 289 p.
1376 248 1407 279 8.
1429 248 1483 280 19.

149 310 195 316 -—
227 294 270 324 26
297 295 456 325 constare
483 291 566 325 add.
590 294 739 324 auctore
760 291 984 334 Lehmanno,
1011 291 1075 334 qui
1101 291 1264 332 Quaestt.
1285 304 1320 336 p.
1343 296 1363 325 8
1390 292 1482 327 coni.

149 338 337 371 consistere
363 337 406 371 cf.
426 350 461 382 p.
484 342 638 380 23512,
672 348 782 380 quem
807 339 953 371 secutus
981 339 1038 371 est
1063 337 1206 382 Tyrrell
1232 349 1286 382 ep.
1308 342 1387 381 436,
1414 349 1485 373 csse

149 386 235 427 post
277 385 392 418 verbis
433 384 667 418 intercidisse
711 384 921 428 suspicatur
963 384 1073 427 Boot,
1115 387 1201 428 post
1236 386 1377 419 nullum
1415 396 1482 419 scr.

150 430 322 464 VVesenb.
355 452 399 456 —
432 435 475 464 32
501 442 653 475 usquam
679 431 831 474 Madvig
857 431 946 464 Adv.
970 431 1003 464 Π
1027 443 1062 475 p.
1084 435 1150 465 238
1167 443 1231 475 sq.,
1264 432 1363 475 quod
1387 434 1483 476 quis-

149 488 255 521 quam
294 488 367 511 non
406 477 565 511 addatur
595 477 667 511 nisi
698 477 887 511 vocabulis
919 477 1085 512 homines
1118 478 1414 522 significantibus
1447 481 1485 512 et

152 524 465 568 appellationibus
502 524 665 568 plurium
702 524 893 558 hominum
929 526 973 567 (v.
996 525 1043 557 ad
1073 528 1302 570 1113823).
1347 525 1483 566 Quidni

151 572 300 605 consilio
337 571 451 606 Attici
489 574 697 616 opponatur
728 572 922 605 consolatio
954 573 1188 616 cuiusquam?
1230 574 1241 616 ΙΙ
1285 572 1330 606 Ρ.
1350 572 1440 606 351.
1462 576 1481 605 6

150 619 193 650 ut
211 628 277 651 nos
299 618 393 661 edd,
419 618 484 651 sed
504 619 681 652 (alvertas
700 618 842 660 Bosius,
863 617 1000 661 Baiter,
1028 619 1243 652 adservari
1265 619 1309 653 de
1329 618 1481 653 Wesen-

149 664 255 708 bergi
289 664 380 698 coni.
408 665 584 708 Tyrrell,-
603 665 694 698 coni.
715 665 809 698 Boot
844 664 994 708 ‘partim
1026 665 1118 698 duce
1147 665 1272 699 Bosio’
1305 665 1350 709 (is
1383 666 1483 710 apud

151 710 322 745 εὕπιστον
354 712 439 745 illas
473 712 596 753 velim,-
632 716 673 745 ‘ut
693 712 834 755 possint
859 712 1045 755 adversas)
1077 713 1177 755 apud
1203 710 1374 746 εὔπιστόν
1399 725 1482 746 τινα

151 758 256 791 Tel‘e'm
281 762 321 792 ut
340 759 455 801 possit
475 759 670 801 adservari,
697 758 839 801 Kayser
859 759 959 801 apud
978 758 1150 792 εὕπιστον
1169 759 1283 802 illam,
1308 759 1480 793 Wesenb.

150 805 250 847 apud
288 804 460 839 εὔπιστον
496 805 657 847 tabulas,
693 810 734 839 at
761 806 917 849 possint,
955 804 1164 839 adservata-s
1193 805 1250 839 vel
1282 806 1481 849 adservari,

149 850 241 884 Ellis
281 862 426 894 quoque
464 850 751 886 δυσπιστότατον
788 851 882 885 11111(1
919 851 1091 886 εὔπιστον
1129 852 1319 896 amplexus
1350 852 1481 887 Philol.

151 901 240 931 1895
266 910 300 941 p.
324 902 389 931 748
422 899 523 942 apud
550 898 720 932 εὕπιστον
747 899 882 933 litteras
906 899 1020 941 ream,
1045 903 1086 932 at
1105 900 1258 942 possint,
1284 899 1481 942 adservari,

151 944 190 978 O.
206 944 245 977 E.
262 944 428 978 Schmidt
461 945 579 978 ‘Neue
603 945 728 979 Jahrb.
745 945 768 979 f.
785 946 817 979 d.
832 945 944 978 klass.
960 945 1134 979 Alterth.’
1164 947 1231 980 etc.
1255 949 1343 979 1898
1362 958 1397 990 p.
1415 949 1481 980 183

149 992 249 1035 apud
274 992 440 1035 aliquem,
466 993 569 1026 cuias
592 993 743 1034 fortuna
767 997 870 1026 eastra
889 993 1091 1035 periculam
1115 993 1173 1034 sit,
1192 993 1295 1026 velim
1313 997 1355 1027 ut
1368 993 1483 1036 possit

149 1039 348 1072 adservari.
364 1059 407 1063 -—
431 1042 448 1071 7
469 1040 699 1072 miserrimae
712 1038 823 1081 Wes„
842 1038 946 1080 Boot,
967 1038 1081 1082 Tyrr.,
1101 1039 1268 1072 ‘miserum
1288 1050 1329 1073 ea
1342 1039 1390 1073 M.
1423 1039 1481 1072 Ad

148 1096 183 1128 p.
194 1089 270 1118 252.
283 1089 335 1118 13.
346 1106 390 1109 —
403 1085 454 1118 Ib.
464 1086 674 1127 infelicitate
686 1084 800 1118 Orelli
813 1085 914 1129 prob.
924 1085 1028 1128 Boot,
1042 1086 1261 1127 fecunditate
1274 1085 1316 1119 H.
1327 1086 1368 1119 A.
1378 1085 1481 1119 Koch

148 1142 270 1175 progr.
297 1131 437 1164 Putbus
461 1136 549 1165 1855
582 1144 616 1175 p.
632 1136 690 1173 19,
726 1134 902 1166 vacuitate
927 1131 1051 1173 Klotz,
1083 1133 1253 1174 fatuitate
1285 1132 1340 1165 ed.
1361 1132 1477 1175 Rom.,

150 1178 343 1220 Graevius,
383 1178 540 1221 Tyrrell,
577 1179 750 1220 facultate
786 1179 955 1221 confecta
994 1177 1033 1212 O.
1049 1178 1088 1212 E.
1105 1178 1271 1212 Schmidt
1301 1178 1479 1213 Fleckeis.

151 1224 271 1258 annal.
290 1228 377 1257 1897
405 1236 439 1268 p.
455 1229 532 1259 598.
554 1245 598 1249 —
624 1225 674 1258 Ib.
691 1226 859 1268 afflictor
878 1225 970 1259 coni.
987 1224 1156 1258 Wesenb.
1173 1227 1210 1259 et
1229 1225 1481 1269 Wyttenbach

150 1272 248 1315 apud
273 1271 454 1305 Bootiuin.
483 1292 526 1295 ——
562 1275 603 1305 13
636 1272 756 1314 rebus,
792 1272 825 1306 si
850 1272 949 1314 edd,
988 1271 1095 1314 quasi
1120 1276 1169 1306 ut
1195 1272 1244 1305 sit
1270 1272 1478 1306 coniunctio

150 1321 187 1351 et
210 1318 397 1362 pertineat
423 1318 469 1351 ad
495 1319 555 1352 (les
580 1329 732 1362 operam,
759 1329 984 1361 quamquam
1008 1318 1102 1352 Boot
1125 1319 1204 1362 ipse
1226 1319 1273 1352 ad
1293 1329 1347 1363 ep.
1365 1323 1407 1352 22
1423 1330 1478 1354 eX.

147 1370 188 1399 ut
224 1366 264 1398 ‘in
296 1365 450 1408 perditis
485 1366 589 1399 rebus
620 1367 809 1409 comparat
840 1377 922 1398 cum
953 1377 986 1409 p.
1009 1369 1146 1398 347.33
1179 1367 1216 1398 et
1246 1369 1395 1400 345.16.
1435 1387 1479 1390 —

150 1416 192 1445 18
225 1412 363 1455 loquere
394 1417 590 1455 opportune
616 1412 677 1453 (ad
701 1424 736 1456 p.
759 1416 837 1454 192,
860 1414 915 1455 10)
941 1412 1108 1453 Ascens,
1140 1411 1330 1455 Wesenb.,
1364 1413 1480 1456 loque-

147 1463 268 1493 retur
299 1463 481 1502 oportuna
512 1459 550 1491 M
582 1459 647 1499 (sic
679 1461 838 1492 testatur
868 1458 1084 1501 Baiter,·O.
1100 1458 1139 1491 E.
1163 1458 1329 1492 Schmidt
1362 1459 1479 1493 ‘Neue

146 1505 273 1538 Jahrb.
301 1505 323 1538 f.
346 1506 379 1540 d.
406 1505 710 1539 klass.A1terth.'
740 1509 828 1539 1898
858 1509 992 1549 p.183:
1020 1506 1157 1549 loquere
1188 1510 1227 1539 tu
1258 1508 1479 1550 opportune),

148 1553 286 1595 loquere
316 1556 355 1586 tu
386 1557 583 1596 opportune
616 1552 745 1594 Orelli,
780 1552 921 1594 Baiter,
954 1552 1064 1594 Boot,
1098 1553 1251 1595 loquitor
1281 1557 1480 1596 opportune

149 1599 292 1642 Tyrrell
319 1599 472 1643 loquitor
496 1604 542 1633 ut
567 1602 603 1632 et
628 1611 662 1643 p.
683 1599 715 1632 X
742 1601 779 1632 et
802 1611 836 1643 p.
853 1603 921 1632 474
947 1609 969 1632 a
988 1598 1199 1642 Malaspina
1219 1609 1257 1632 se
1278 1599 1478 1643 sumpsisse

148 1646 345 1679 affirmans.
404 1646 525 1689 Magis
574 1646 698 1690 placet
746 1650 930 1689 tempore
980 1650 1154 1689 oportuno
1203 1655 1329 1688 quam,
1380 1646 1478 1688 quod

148 1692 242 1727 OE.
265 1692 431 1726 Schmidt
467 1693 657 1737 proponit,
696 1695 835 1727 utlmcm
875 1697 1080 1736 opportune.
1145 1693 1155 1735 ΙΙ
1216 1692 1260 1726 P.
1281 1691 1371 1726 352.
1393 1696 1412 1725 5
1445 1704 1475 1726 v,

147 1739 301 1773 Schiche
332 1750 453 1783 progr.
473 1740 631 1773 Berolin.
656 1743 744 1773 1883
775 1752 808 1783 p.
833 1743 875 1772 10
908 1741 945 1772 et
975 1738 1096 1772 Herm.
1117 1737 1234 1771 XVIII
1255 1742 1339 1781 613,
1379 1738 1480 1772 VIII

147 1787 234 1819 Kal.
269 1786 354 1820 Dec.
391 1786 431 1819 O.
452 1786 491 1820 E.
522 1786 689 1820 Schmidt
733 1786 820 1819 ‘Der
855 1785 1129 1819 Briefwechsel'
1174 1797 1208 1829 p.
1236 1788 1319 1827 260,
1363 1795 1477 1819 mense

145 1834 306 1867 intercal.
328 1834 523 1876 posteriore
550 1836 621 1875 (24.
643 1834 752 1876 Nov.)
785 1845 819 1877 p
840 1836 919 1874 465,
953 1832 1056 1866 VIII
1076 1832 1162 1866 Kal.
1182 1832 1314 1865 Iunias
1337 1831 1475 1875 Baiter,

152 1880 256 1913 IIII
276 1880 362 1913 Kal.
389 1881 488 1922 (Iun.
497 1880 532 1923 ,9)
559 1880 749 1921 Wesenb.,
779 1880 843 1913 IX
867 1879 953 1913 Kal
974 1879 1060 1913 Dec.
1081 1877 1224 1921 Tyrrell
1250 1888 1304 1921 ep.
1327 1881 1404 1912 505.
1431 1899 1475 1903 —

146 1930 188 1958 22
223 1925 435 1970 *ysoovunov
462 1927 546 1960 add.
566 1926 750 1969 Lambin,
784 1926 864 1959 edd
885 1927 1034 1969 pr·aete1
1058 1925 1379 1968 VVesenbeigium,
1412 1925 1476 1968 qui

146 1984 212 2005 scr.
233 1973 249 1989 *
270 1973 414 2007 adda
456 1973 619 2006 ‘Excidit
648 1973 859 2017 γεροντικὸν
890 1983 960 2006 esse
995 1972 1104 2015 (Sch)
1141 1973 1220 2004 aut
1235 1984 1307 2015 γερ.
1329 1971 1473 2005 solum.²

144 2039 189 2043 —
225 2023 267 2052 25
306 2020 339 2052 V
356 2020 441 2054 ΚαΖ
464 2022 505 2054 ut
529 2032 559 2054 v.
583 2024 625 2053 10
652 2019 773 2061 codd,
808 2019 917 2061 Boot,
946 2019 1043 2062 prid.
1065 2018 1151 2052 Kal.
1174 2017 1304 2058 Orelli,
1337 2017 1474 2061 Baiter,

146 2065 239 2099 OE.
261 2065 428 2100 Schmidt
464 2067 503 2100 in
541 2067 596 2100 ed.
617 2066 697 2099 libr.
721 2065 787 2099 XII
825 2067 862 2099 et
892 2047 975 2098 XIII
1005 2065 1042 2098 in
1081 2064 1167 2097 ‘Der
1198 2064 1472 2098 Briefwechsel’

143 2124 178 2156 p.
195 2116 273 2153 465,
299 2113 349 2145 ΙΙ
364 2113 449 2147 Kal.
465 2113 617 2156 Manut,
644 2112 828 2154 IVesenb„
849 2111 999 2155 Tyri-cll.
1040 2111 1194 2144 Schiche
1218 2122 1339 2154 progr.
1355 2111 1473 2145 Berol.

147 2162 234 2192 1883
262 2170 294 2201 p.
318 2163 376 2192 11:
413 2159 510 2194 ‘Wie
530 2171 615 2193 man
637 2159 788 2193 diesem’
812 2158 985 2201 (Manuti)
1007 2157 1248 2201 ‘Vorschlage
1269 2168 1335 2191 aus
1356 2158 1475 2191 einem

145 2216 184 2238 so
211 2205 455 2239 {iusserlichen
476 2206 635 2248 Grunde,
661 2206 730 2239 wie
757 2205 815 2238 die
835 2204 1078 2247 Reihenfolge
1104 2204 1168 2237 der
1193 2204 1331 2238 Zahlen
1351 2215 1388 2238 es
1408 2205 1472 2238 ist’

143 2253 215 2295 (‘ut
235 2252 322 2285 ordo
343 2252 604 2295 continuetur',
630 2253 753 2296 inquit
771 2251 845 2294 ille,
874 2251 1125 2294 ‘IV.IH.11⁷)‘,
1151 2251 1246 2284 noch
1266 2251 1395 2284 immer
1413 2262 1474 2284 zu-

143 2298 315 2332 stimmen
341 2298 441 2332 kann
473 2301 566 2333 trotz
598 2300 662 2333 des
688 2297 971 2342 VViderspruchs
1003 2308 1072 2331 von
1098 2297 1244 2331 Ernesti
1278 2298 1355 2331 und
1379 2299 1474 2331 trotz
