1665 2553
211 79 297 121 332
637 80 685 116 M.
713 80 854 115 TULLI
879 79 1128 115 CICERONIS

207 175 298 229 das,
342 176 444 217 facis
483 176 712 217 commode.
782 175 989 224 Quintum
1027 176 1164 217 filium
1202 176 1289 217 vidi
1327 176 1399 230 qui
1438 175 1554 217 Sami

206 234 400 288 vidisset,
437 237 602 288 patrem
641 234 830 288 Sicyone.
895 234 1084 283 Quorum
1122 235 1360 289 deprecatio
1400 237 1464 276 est
1495 235 1552 275 fa-

207 293 311 334 cilis.
372 292 552 334 Utinam
582 293 665 348 illi,
707 293 780 347 qui
811 293 929 346 prius
962 293 1085 334 illum
1116 294 1313 347 viderint,
1343 308 1410 334 me
1442 294 1553 348 apud

207 366 304 392 eum
335 352 469 392 velint
501 352 695 392 adiutum
714 355 895 406 tantum,
928 355 1135 406 quantum
1161 366 1237 407 ego
1265 352 1363 393 illos
1390 352 1553 407 vellem,

209 410 245 451 si
278 410 378 464 quid
409 412 595 464 possem!
1590 428 1607 454 5

299 468 421 518 Quod
452 483 592 523 rogas,
622 471 671 509 ut
702 469 748 509 in
779 469 936 510 bonam
967 472 1134 523 partem
1162 469 1377 524 accipiam
1409 469 1445 510 si
1471 484 1553 535 qua

209 527 295 567 sint
333 527 379 568 in
416 506 528 568 tuisO
535 528 710 583 11113113,
748 541 855 581 quae
886 542 953 568 me
985 528 1225 582 moi-,deant
1266 541 1344 582 ego
1377 542 1476 569 vero
1509 528 1554 569 in

209 586 415 639 optimam
446 589 586 640 teque
597 599 716 641 rogo,
748 590 796 626 ut
823 589 978 641 aperte,
1012 601 1136 640 quem
1163 587 1214 627 ad
1238 586 1411 628 modum
1436 587 1553 642 facis,

208 645 367 685 scribas
409 645 462 685 ad
500 659 566 685 me
614 644 756 685 omnia
793 645 920 700 idque
956 645 1087 686 facias
1131 660 1258 699 quam
1299 645 1552 699 saepissime.

206 702 324 744 Vale.
356 715 457 743 XIIII
488 703 537 744 K.
565 703 651 744 Ian.
1574 722 1608 746 10

825 819 940 861 VIII.

454 900 528 935 Scr.
550 901 735 936 Brundisi
761 901 874 935 XIII
894 901 942 935 K.
962 902 1046 936 Ian.
1068 914 1100 936 α.
1126 905 1195 937 706
1223 904 1315 946 (4.8).

637 982 806 1018 CICERO
832 983 1006 1018 ATTICO
1034 983 1130 1018 SAL.

296 1054 476 1103 Quantis
508 1055 619 1096 curis
652 1055 872 1109 conficiar,
910 1056 990 1096 etsi
1022 1057 1212 1109 profecto
1245 1057 1374 1112 vides,
1410 1059 1553 1097 tamen

209 1127 436 1168 cognosces
488 1128 538 1154 ex
582 1113 717 1167 Lepta
767 1116 808 1155 et
853 1113 1065 1156 Trebatio.
1136 1115 1344 1156 Maximas
1394 1129 1551 1169 poenas
1574 1132 1606 1158 15

207 1172 343 1225 pendo
376 1172 630 1213 temeritatis
662 1186 789 1225 meae,
822 1186 948 1225 quam
980 1175 1028 1213 tu
1060 1174 1332 1226 prudentiam
1363 1173 1470 1214 mihi
1494 1174 1552 1215 vi-

209 1230 297 1270 deri
340 1230 422 1284 vis3
464 1245 600 1284 neque
645 1233 686 1271 13
724 1230 931 1284 deterreo,
977 1245 1058 1284 quo
1098 1232 1239 1272 minus
1278 1233 1321 1273 id
1361 1233 1553 1286 disputes

209 1288 452 1342 scribasque
490 1289 541 1329 ad
577 1304 644 1329 me
683 1303 810 1342 quam
850 1289 1106 1342 saepissime.
1168 1289 1268 1331 Non
1298 1290 1409 1331 m'hil
1441 1290 1553 1331 enim

207 1361 274 1388 me
317 1347 460 1388 levant
505 1349 602 1388 tuae
640 1347 807 1388 litterae
845 1346 925 1388 hoc
963 1350 1161 1402 tempore.
1223 1348 1304 1390 Per
1342 1363 1435 1403 eos,
1480 1350 1553 1403 qui

208 1408 356 1446 nostra
393 1419 518 1446 causa
558 1406 709 1446 volunt
740 1406 967 1459 valentque
1000 1407 1110 1460 apud
1141 1407 1281 1461 illum,
1319 1407 1552 1462 diligentis·
1572 1426 1608 1451 20

210 1464 315 1505 sime
346 1464 576 1505 contendas
609 1478 714 1518 opus
748 1467 824 1518 est,
855 1479 929 1518 per
961 1464 1143 1506 Balbum
1176 1468 1217 1506 et
1252 1465 1438 1520 Oppium
1468 1481 1553 1507 ma-

209 1522 333 1576 xime,
375 1525 423 1563 ut
456 1523 505 1563 de
536 1537 603 1563 me
636 1523 823 1564 scribant
857 1537 983 1576 quam
1014 1524 1349 1578 diligentissime.
1413 1523 1553 1579 Oppu-

209 1595 390 1636 gnamur
424 1581 547 1635 enim,
579 1584 626 1622 ut
659 1582 800 1636 audio,
845 1585 885 1622 et
919 1597 941 1622 a
972 1583 1267 1636 praesentibus
1301 1583 1552 1637 quibusdam

210 1642 251 1680 et
282 1655 356 1693 per
388 1639 566 1680 litteras.
617 1640 675 1680 Iis
708 1641 768 1681 ita
799 1643 863 1681 est
890 1641 1202 1696 occurrendum,
1233 1644 1282 1682 ut
1307 1642 1368 1682 rei
1392 1642 1552 1696 magni-

209 1698 311 1739 tudo
356 1699 559 1752 postulat.
629 1697 776 1739 Fufius
822 1701 885 1740 est
929 1699 1033 1753 illic,
1074 1699 1180 1740 mihi
1222 1700 1551 1741 inimicissimus.
1572 1718 1604 1743 ‘25

210 1757 392 1805 Quintus
424 1757 543 1797 misit
575 1757 711 1798 filium
742 1772 829 1798 non
861 1757 999 1798 solum
1031 1759 1097 1799 sui
1123 1759 1448 1813 deprecatorem,
1480 1760 1553 1800 sed

209 1815 339 1856 etiam
377 1819 663 1856 accusatorem
700 1816 793 1856 mei.
856 1815 1038 1857 Dictitat
1078 1831 1121 1858 se
1160 1832 1183 1858 a
1213 1831 1279 1858 me
1311 1817 1421 1870 apud
1453 1815 1552 1858 Cae-

210 1889 347 1915 salem
386 1874 641 1939 oppugnari,
681 1875 794 1928 quod
825 1875 981 1915 refellit
1015 1874 1179 1916 Caesar
1200 1876 1289 1929 ipse
1324 1889 1552 1940 omnesque

209 1932 298 1973 eius
320 1932 452 1973 amici.
503 1931 652 1986 Neque
678 1947 777 1973 velo
805 1933 986 1987 desistit,
1021 1933 1276 1987 ubicumque
1302 1937 1378 1989 est,
1411 1935 1552 1975 omnia

208 1991 255 2031 in
293 2005 360 2031 me
398 1991 621 2031 maledicta
660 1991 858 2032 conferre
921 1968 1042 2032 Ni⁷hjl
1078 1992 1185 2032 mihi
1221 2007 1423 2046 umquam
1464 1995 1552 2034 tam
1572 2011 1606 2035 30

209 2049 455 2089 incredibile
501 2049 668 2103 accidit,
708 2049 817 2090 nihil
861 2050 905 2090 111
950 2050 1016 2091 his
1054 2051 1176 2091 malis
1214 2052 1303 2091 tam
1345 2051 1550 2093 acerbum.

209 2106 290 2155 Qui
323 2121 371 2148 ex
404 2107 498 2161 ipso
533 2107 760 2163 audissent,
792 2122 888 2149 cum
919 2106 1099 2162 Sicyone
1130 2109 1270 2162 palam
1302 2109 1451 2150 multis
1483 2125 1551 2151 au—

209 2165 426 2206 clientibus
458 2166 705 2220 loqueretur
733 2143 896 2207 iiefaria
929 2167 1151 2223 quaedam,
1192 2168 1243 2208 ad
1273 2182 1339 2208 me
1370 2168 1552 2222 pertule-

208 2226 319 2263 runt.
381 2222 511 2264 Nosti
554 2238 706 2279 genus,
749 2224 877 2265 etiam
921 2228 1119 2279 expertus
1165 2240 1207 2266 es
1249 2226 1440 2268 fortasse
1502 2225 1551 2267 In

208 2295 275 2321 me
316 2281 359 2321 id
405 2285 467 2322 est
513 2296 635 2324 omne
676 2297 936 2324 conversum.
1006 2281 1087 2324 Sed
1127 2298 1261 2339 augeo
1301 2298 1551 2325 commemo·
1572 2302 1605 2327 35

1650 2155 1657 2285 ...m—...-
