1665 2553
325 98 666 133 EPISTULARUM
691 98 755 132 AD
781 97 995 132 ATTICUM
1020 97 1037 132 I
1063 102 1117 142 17,
1146 101 1199 132 18.
1374 98 1430 138 29

92 194 293 248 Pompeio
331 193 670 236 familiarissime.
732 192 886 249 Video,
924 193 1025 248 quid
1063 194 1184 235 dicas.
1252 192 1432 248 Cavebo,

94 267 200 308 quae
241 256 340 294 sunt
378 252 576 307 cavenda,
620 267 665 293 ac
703 252 884 293 scribam
921 253 1024 293 alias
1063 253 1114 293 ad
1158 255 1199 293 te
1241 252 1290 293 de
1326 252 1430 293 meis

93 312 281 353 consiliis
313 311 587 366 capessendae
618 311 679 351 rei
710 311 901 365 publicae
932 311 1064 365 plura.

181 370 405 412 Lucceium
449 371 554 411 scito
594 370 858 410 consulatum
895 369 1049 411 habere
1086 370 1131 410 in
1170 370 1309 411 animo
1349 372 1430 410 sta-

57 445 74 470 5
94 430 170 470 tim
210 432 360 484 petere.
422 427 518 470 Duo
560 429 671 469 enim
706 428 785 470 soli
817 428 1014 470 dicuntur
1044 429 1237 484 petituri,
1278 427 1431 470 Caesar

95 486 209 544 (cum
246 503 293 529 00
332 487 442 529 00110
479 502 553 541 per
590 487 762 528 Arrium
800 486 979 543 cogitat)
1019 491 1059 528 et
1096 487 1277 528 Bibulus
1316 486 1431 542 (cum

93 546 175 588 1100
206 561 248 588 00
279 549 403 601 putat
435 561 508 600 per
542 545 584 587 C.
611 545 808 587 Pisonem
838 561 960 600 posse
992 545 1223 602 coniungi).
1272 545 1430 586 Rides?

92 604 194 647 Non
225 608 323 646 011111
353 605 455 646 haec
488 604 682 659 ridicula,
717 604 823 645 mihi
855 605 983 647 crede.
1046 604 1156 654 Quid
1188 604 1302 645 aliud
1334 604 1432 645 scri-

93 664 193 705 bam
225 664 275 705 ad
314 666 375 719 te,
417 663 545 717 quid?
601 663 737 704 Multa
770 666 886 718 sunt,
928 664 1000 705 sed
1030 663 1075 704 in
1107 663 1221 704 aliud
1252 666 1431 717 tempus.

41 739 75 763 10
94 723 378 777 †exspectare
410 722 526 776 velis,
558 736 688 776 cures,
720 725 767 762 ut
799 722 936 763 sciam.
984 721 1075 763 Iam
1108 722 1213 763 illud
1243 722 1432 763 modeste

93 795 216 836 rogo,
256 781 368 835 quod
405 781 587 821 maxime
625 780 767 836 cupio,
804 783 852 821 111
891 796 1013 835 quan]
1055 781 1240 835 primum
1276 781 1432 821 venias.

93 839 230 881 Nonis
262 839 577 881 Decembribus

686 955 841 997 XVIII.

416 1036 489 1070 Ser.
518 1037 585 1070 XI
605 1037 691 1071 Kal.
719 1036 825 1071 Febr.
853 1048 886 1070 α.
915 1039 985 1071 694
1013 1039 1104 1080 (60).

41 1131 74 1157 15
516 1117 684 1153 CICERO
710 1117 882 1152 ATTICO
911 1118 1008 1153 SAL.

182 1190 304 1232 Nihil
334 1191 440 1232 mihi
471 1205 582 1232 nunc
615 1191 719 1232 scito
752 1193 840 1231 tam
873 1191 1016 1232 deesse
1055 1206 1182 1245 quam
1218 1190 1434 1232 hominem

95 1265 209 1305 011111,
247 1265 426 1304 (1110011111
460 1250 618 1304 omnia,
656 1265 762 1304 quae
798 1264 865 1290 me
903 1264 1003 1290 cura
1041 1250 1183 1303 aliqua
1222 1249 1436 1305 adficiunt,

94 1323 179 1350 uno
218 1308 540 1364 communicem,
579 1308 652 1362 qui
687 1323 753 1349 me
793 1311 922 1362 amet,
960 1308 1033 1361 qui
1071 1308 1226 1362 sapiat,
1265 1308 1435 1362 quicum

96 1381 172 1422 ego
206 1381 301 1408 cum
331 1368 500 1421 loquar,
537 1366 645 1407 nihil
676 1367 846 1422 fingam,
882 1343 992 1407 nihil
1023 1366 1298 1421 dissimulem,
1327 1366 1436 1407 nihil

42 1443 76 1467 20
97 1426 306 1480 obtegam.
374 1425 511 1467 Abest
555 1426 667 1466 enim
710 1426 841 1466 frater
878 1425 1168 1480 ἀφελέστατος
1213 1427 1255 1466 01
1297 1440 1436 1466 aman-

96 1484 299 1524 tissimus.
358 1483 557 1525 Metellus
589 1498 676 1524 non
705 1483 847 1539 1101110,
880 1484 952 1525 sed

274 1563 421 1605 ‘litus
455 1567 604 1619 atque
637 1566 718 1606 aer
751 1568 797 1605 01
832 1565 1057 1606 solitudo
1091 1566 1255 1606 mera’.

97 1658 163 1700 Tu
201 1661 361 1713 autem,
399 1658 472 1711 qui
510 1658 756 1711 saepissime
794 1672 937 1698 curam
979 1660 1020 1698 01
1062 1672 1263 1712 angorem
1307 1659 1437 1699 animi

99 1717 183 1758 mei
225 1731 415 1758 sermone
455 1718 495 1757 01
534 1717 708 1757 001101110
747 1717 899 1757 levasti
936 1718 1029 1770 tuo,
1067 1717 1139 1770 qui
1177 1716 1283 1757 mihi
1321 1720 1361 1757 et
1392 1717 1438 1757 in

47 1793 81 1818 25
100 1776 270 1830 publiea
306 1790 351 1816 re
390 1775 527 1815 socius
566 1778 607 1816 01
645 1775 690 1815 111
726 1775 904 1828 privatis
943 1775 1140 1815 omnibus
1172 1775 1363 1816 conscius
1396 1778 1437 1816 01

101 1834 290 1875 omnium
326 1848 519 1874 meorum
558 1848 799 1874 sermonum
837 1835 878 1873 et
917 1833 1190 1873 consiliorum
1225 1833 1436 1887 particeps

101 1907 191 1933 esse
224 1892 346 1946 soles,
383 1892 557 1932 ubinam
591 1892 662 1932 es‘?
723 1891 789 1932 Ita
822 1906 916 1931 sum
949 1891 1000 1932 ab
1034 1891 1230 1932 omnibus
1264 1891 1437 1932 destitu-

100 1953 183 2004 tus,
214 1953 261 1991 ut
286 1953 455 1991 tantum
482 1950 686 2004 requietis
716 1950 908 2005 habeam,
941 1952 1148 2003 quantum
1181 1964 1276 1990 cum
1306 1965 1437 1992 uxore

102 2011 143 2050 et
180 2008 311 2049 filiola
349 2012 390 2050 01
428 2009 590 2050 mellito
625 2007 824 2050 Cicerone
859 2009 1133 2049 consumitur.
1196 2007 1308 2049 Nam
1339 2009 1436 2050 illae

49 2084 82 2110 30
103 2067 351 2108 ambitiosae
387 2070 557 2108 nostrae
595 2067 846 2121 fucosaeque
886 2067 1095 2108 amicitiae
1128 2070 1227 2107 sunt
1259 2067 1304 2107 in
1336 2082 1437 2121 quo-

102 2125 197 2166 dam
235 2125 453 2178 splendore
491 2126 667 2180 forensi,
705 2126 890 2166 fructum
928 2125 1206 2166 domesticum
1242 2139 1330 2166 non
1365 2126 1436 2166 ha-

101 2183 213 2225 bent.
269 2182 430 2238 Itaque,
461 2198 556 2224 cum
587 2184 693 2225 bene
725 2184 935 2237 completa
967 2184 1116 2224 domus
1150 2186 1214 2225 est
1245 2186 1437 2237 tempore

101 2242 332 2296 matutino,
375 2256 469 2282 cum
510 2243 561 2283 ad
600 2243 739 2283 forum
780 2242 927 2295 stipati
966 2242 1166 2296 gregibus
1206 2242 1437 2283 amicorum

103 2300 404 2355 descendimus,
436 2301 618 2354 reperire
648 2315 697 2342 ex
723 2315 877 2354 magna
901 2300 1028 2341 turba
1052 2301 1265 2342 neminem
1290 2316 1438 2355 possu-

1459 380 1499 410 11
