1665 2553
184 86 266 120 LVI
606 82 886 118 ADNOTATIO
917 82 1103 118 CRITICA

187 180 251 213 des
283 179 411 224 philol.
438 178 606 213 Vereins’
638 181 726 212 1888
763 189 797 222 p.
832 180 899 211 258
931 178 969 210 et
995 174 1309 209 ‘Wochensehrift
1345 174 1368 208 f.
1408 173 1521 208 klass.

187 226 295 260 Phi1.’
320 229 409 260 1896
434 238 469 270 p.
492 229 568 259 197.
595 224 654 258 Ad
677 236 712 269 p.
735 228 811 258 106.
834 228 864 257 9.
885 244 930 248 -—
951 226 993 256 22
1018 227 1058 257 tu
1081 222 1204 266 potius
1225 232 1336 265 quam
1361 225 1426 256 aut
1449 232 1522 255 non

185 273 307 307 minus
333 272 497 306 mirabili
518 271 713 306 concordia
733 270 814 304 edd.
835 272 920 314 post
937 269 1134 303 Ernestum
1158 270 1201 313 (v.
1221 269 1411 302 Lehmann
1434 267 1457 302 l.
1472 267 1522 313 L),

188 321 415 364 aliquantum
443 320 540 364 prof.
567 318 708 352 Manut.
741 317 862 351 Multa
899 318 1055 360 possunt
1086 315 1243 349 divinari
1273 315 1375 349 velut
1403 315 1522 358 facile,

189 368 268 409 eito,
294 371 405 401 caute.
432 387 477 390 —
503 369 545 399 25
567 366 713 410 possim
745 364 861 406 codd„
887 362 1030 407 Tyrrell
1054 373 1127 396 non
1145 373 1293 407 prorsus
1314 361 1522 404 intolerab.,

190 413 255 447 sed
280 413 355 447 veri
381 412 538 446 similius
566 414 622 446 est
647 411 791 446 codices
812 421 877 444 suo
897 420 996 444 more
1016 420 1155 444 errasse
1175 419 1284 452 quam
1312 408 1522 443 Ciceronem

191 463 318 494 contra
360 471 466 493 suum
504 469 642 492 morem
683 457 883 502 scripsisse.
935 456 986 490 Cf.
1013 468 1047 500 p.
1082 460 1159 490 233.
1186 459 1240 490 27.
1267 476 1312 480 —
1344 459 1387 489 26
1413 459 1445 490 et
1475 456 1523 489 ad

188 508 310 541 urbem
335 508 408 541 nisi
433 507 556 540 etesiae
581 505 770 539 Lehmann
797 504 960 545 Quaestt.
987 515 1021 547 p.
1045 506 1098 537 ΤΟ.
1124 523 1169 528 -—
1195 506 1238 536 27
1263 503 1402 545 reflant,
1427 502 1523 537 ‘red—

190 555 254 588 ire
274 554 407 597 plane
435 554 512 587 volo
540 552 634 586 Boot
660 551 792 585 Mnem.
823 555 910 584 1802
931 562 965 594 p.
989 553 1065 584 120.
1093 570 1138 574 -
1162 549 1214 583 Ib.
1230 550 1341 593 plane
1361 551 1404 591 Σ,
1424 549 1522 592 Ant„

189 601 229 642 F,
251 599 354 634 Card.
377 600 579 644 (Lehmann
598 599 674 632 Att.
689 610 722 642 p.
747 602 800 637 16,
814 600 883 641 47),
905 596 1089 639 Wesenb.,
1109 596 1213 638 Boot,
1233 607 1301 630 om.
1323 599 1366 639 Δ,
1386 595 1523 637 Baiter,

192 646 344 691 Tyr-rell.
371 667 416 672 -—
443 650 484 679 31
510 647 585 680 Issi
602 645 755 681 Manut,
781 643 966 685 Wesenb„
993 643 1096 685 Boot,
1117 642 1270 686 Tyrrell,
1290 653 1359 677 esse
1378 642 1426 684 M,
1453 653 1522 676 om.

191 694 327 727 Baiter.
370 695 381 737 11
424 693 469 727 P.
494 692 583 726 182.
605 696 624 725 6
657 693 710 725 II.
739 692 824 725 Kal.
853 701 871 724 e
897 690 1003 724 Torn.
1036 689 1209 723 &Vesenh
1236 689 1295 722 Ad
1324 701 1358 733 p.
1386 692 1462 722 269.
1492 693 1523 722 6.

192 762 237 765 -
263 745 282 774 9
309 751 430 774 meros
455 739 598 780 Muret,
624 738 765 782 Tyr-rell
787 749 842 782 ep.
864 741 929 771 281
950 748 1023 770 non
1042 735 1265 781 improbab.;
1292 736 1355 769 sed
1377 735 1420 769 cf.
1441 747 1470 769 V.
1494 747 1522 769 c.

191 800 226 832 p.
250 791 325 821 171.
348 791 378 829 1,
406 786 453 819 ad
480 790 556 820 188.
579 789 633 828 20,
654 789 731 818 504.
755 788 807 818 18.
836 806 880 809 —-
908 788 947 818 11
972 784 1156 818 Caesarem
1181 783 1289 816 inser.
1317 784 1403 816 ante
1427 793 1524 816 exer-

193 836 301 868 eitum
327 833 540 875 Cratander,
566 832 707 874 Bosius,
734 831 919 873 VVesenb„
950 831 1053 864 Boot.
1080 851 1126 855 —
1157 833 1200 863 18
1230 829 1526 864 vehementissimi

194 880 359 922 Gronov,
399 880 456 913 cui
500 878 700 913 assentitur
742 878 846 921 Boot,
890 877 1042 922 probab.
1087 897 1132 902 —-
1169 880 1211 910 29
1257 876 1389 910 ‘Acute
1432 875 1527 909 vidit

194 927 408 961 Schuetzius
436 926 669 960 scribendum
695 935 774 958 esse
800 936 906 968 queem
932 924 1083 959 consul
1108 923 1182 957 (1.8.
1210 924 1274 956 aut
1299 934 1406 966 quam
1425 922 1526 956 olim

194 975 296 1008 domo
320 975 401 1008 sua'
424 973 528 1016 Boot,
555 973 651 1007 domi
681 972 764 1005 add.
786 971 937 1015 Tyrrell.
976 970 1054 1014 Ego
1074 969 1203 1003 malim
1221 971 1261 1003 m
1280 969 1477 1003 consulatu.
1514 969 1526 1015 ΙΙ

240 1021 286 1055 Ρ.
308 1020 397 1054 183.
425 1024 445 1053 8
484 1020 571 1063 quia
606 1019 730 1061 Klotz,
768 1017 911 1061 Tyrrell
949 1028 1003 1061 ep.
1032 1020 1115 1059 282,
1153 1016 1255 1060 prob.
1282 1016 1391 1058 Boot,
1435 1027 1526 1059 quae

195 1068 316 1110 codd.,
355 1067 470 1110 vulg,
503 1066 587 1099 secl.
625 1069 707 1100 tuae
744 1064 928 1106 Lambin,
966 1063 1101 1097 Baiter.
1158 1084 1204 1088 —
1266 1066 1306 1096 12
1348 1063 1402 1108 [et
1438 1063 1526 1107 tibi]

194 1113 378 1155 Wesenb..
399 1114 501 1147 Boot.
528 1134 572 1137 -
595 1116 638 1145 14
663 1112 881 1146 incommodi
902 1110 1085 1154 Vollgraff
1107 1109 1207 1143 Stud.
1227 1109 1414 1153 palaeogr.
1438 1108 1524 1142 diss.

193 1161 309 1205 Lugd.
332 1160 412 1193 Bat.
434 1160 527 1193 thes.
542 1158 620 1201 XII,
646 1158 739 1192 Boot
764 1158 921 1191 fortasse
940 1160 1056 1199 recte,
1083 1156 1148 1190 sed
1167 1168 1198 1190 v.
1213 1156 1332 1189 Plaut.
1350 1155 1429 1189 Cas.
1446 1158 1524 1189 200.

194 1229 239 1232 —
268 1211 309 1240 16
335 1211 371 1241 te
391 1207 511 1240 amavi
531 1205 622 1241 coni.
637 1205 736 1239 Wes.
753 1206 790 1238 et
808 1205 911 1246 Boot,
938 1215 1004 1237 scr.
1021 1203 1133 1247 Tyria,
1160 1204 1280 1236 amavi
1292 1202 1400 1245 Vict,
1420 1202 1524 1243 Boot,

196 1265 278 1287 cum
304 1264 408 1287 cruce
428 1252 540 1295 Wes,
566 1253 719 1286 clamavi
738 1251 786 1293 M,
813 1252 908 1285 εκεῖ.
928 1251 1037 1292 Bait,
1064 1250 1234 1284 adamavi
1254 1249 1372 1291 Klotz,
1398 1248 1526 1282 malim

195 1301 379 1334 deamat-i.
411 1300 423 1345 Η
460 1299 505 1334 P.
526 1298 616 1333 185.
638 1302 680 1332 13
702 1299 870 1332 Piraeum
894 1297 941 1330 ad
960 1309 995 1341 p.
1017 1301 1093 1330 121.
1116 1300 1169 1330 27.
1190 1317 1235 1320 -
1257 1299 1298 1329 15
1317 1296 1415 1338 febri
1433 1295 1528 1329 Boot

863 1346 872 1360 e
936 1344 942 1350 ⁶
1118 1343 1127 1359 7
1194 1346 1211 1357 ν-

196 1345 857 1437 {33532‘23315}§tteffitffssgt.
878 1343 1111 1433 ξῗέἓξὲἓῆῑ
1146 1346 1526 1424 {ttetzae-..3²53

197 1441 246 1474 ad
271 1452 345 1474 eam
373 1439 457 1472 add.
478 1438 663 1480 Lambin.,
690 1438 800 1480 ἶνες,
826 1438 931 1479 Boot,
958 1437 1110 1481 Tyri-eli,
1136 1437 1327 1479 conferam
1360 1435 1527 1469 ‘Codices

195 1487 320 1529 Iunii’,
355 1486 533 1519 ‘deletum
570 1485 626 1518 Μ2
661 1485 700 1518 in
737 1485 931 1528 margine',
968 1485 1089 1526 confer
1131 1482 1408 1527 &superscripto
1446 1482 1525 1516 ead.

196 1544 318 1575 manu,
347 1533 410 1566 sed
438 1532 559 1566 deieto
585 1532 656 1576 te')
676 1532 725 1565 ad
744 1531 791 1565 M.
819 1552 863 1556 --
890 1535 908 1564 7
935 1530 1119 1576 [tantam]
1143 1530 1236 1563 Boot
1257 1529 1319 1562 ‘ab
1345 1528 1527 1573 imperitis

197 1579 473 1614 consuetudinis
504 1578 660 1612 Latinae
687 1578 869 1611 additum'
899 1589 981 1611 cum
1007 1576 1186 1610 Gronovio
1213 1575 1428 1610 existimans
1454 1585 1527 1608 non

197 1627 287 1660 satis
322 1626 457 1670 perite,
495 1627 537 1659 ut
572 1625 663 1658 mihi
701 1625 855 1659 videtur.
882 1645 927 1649 —
951 1624 1003 1658 Β).
1038 1635 1115 1666 sqq.
1148 1623 1222 1657 nisi
1257 1623 1348 1656 idem
1379 1642 1424 1647 ——
1455 1633 1527 1656 rem

192 1674 376 1717 publicam
418 1673 457 1706 in
498 1671 712 1716 parenthesi
752 1671 942 1713 KVesenb.,
987 1670 1095 1713 Boot,
1134 1668 1293 1713 Tyrrell,
1338 1668 1526 1702 Lehmann
1549 1703 1551 1708 .

198 1719 362 1761 Quaestt.
389 1732 424 1763 p.
447 1723 524 1752 124.
563 1719 621 1752 Ad
639 1731 673 1762 p.
698 1722 750 1752 16.
774 1722 827 1752 14.
849 1739 894 1742 —
915 1721 957 1751 14
977 1717 1165 1751 audissem
1185 1715 1364 1757 Lambin„
1390 1715 1526 1757 Baiter,

197 1766 340 1811 Tyrrell
365 1769 406 1800 ut
431 1778 464 1810 p.
487 1769 564 1799 280.
587 1769 641 1799 25.
668 1786 713 1789 ——
741 1769 783 1798 16
804 1766 850 1804 ὡς
871 1763 980 1798 οὐδὲν
1005 1763 1152 1808 γλύκιον
1179 1759 1221 1802 τῖς
1240 1760 1416 1805 πατρίδος
1442 1761 1526 1795 add.

196 1813 375 1856 Lambin.,
407 1813 550 1854 Baiter,
577 1811 761 1853 WVesenb„
788 1809 1031 1856 [πατρίδος].
1054 1837 1060 1844 .
1085 1837 1091 1844 .
1114 1837 1120 1843 .
1153 1809 1255 1842 Boot.
1283 1829 1328 1833 —
1355 1812 1397 1841 19
1423 1808 1529 1852 idque

196 1860 319 1904 potius
358 1870 470 1903 quam
506 1860 626 1903 itaque
664 1857 856 1899 Graevius,
895 1857 1004 1899 Boot,
1042 1855 1201 1900 Tyrrell,
1234 1860 1337 1899 atque
1374 1854 1528 1897 Manut„

196 1907 332 1941 Baiter.
365 1928 411 1931 —
451 1910 492 1940 21
521 1906 601 1940 Hoc
632 1904 817 1946 Wesenb.,
850 1904 952 1938 Boot.
1002 1903 1061 1936 Ad
1089 1915 1123 1946 p.
1154 1906 1207 1936 12.
1236 1905 1266 1935 6.
1305 1922 1350 1926 -
1388 1905 1431 1934 32
1463 1901 1529 1935 illa

197 1954 335 1995 ultima,
358 1953 440 1986 ‘das
460 1952 564 1986 nicht
584 1962 649 1985 aus
663 1951 711 1994 M,
733 1951 888 1984 sondern
910 1961 976 1984 aus
991 1950 1016 1984 C
1036 1949 1112 1983 und
1132 1949 1232 1982 einer
1242 1947 1429 1992 >jungerem
1448 1947 1528 1982 ital.

198 1999 440 2033 Handschrist
466 2001 627 2041 stammt,
653 1998 703 2031 ist
727 1998 866 2031 meiner
890 1997 1046 2030 Ansicht
1070 1995 1166 2029 nach
1191 1994 1305 2028 durch
1325 1993 1530 2038 Konjektur

199 2046 433 2079 entstanden'
463 2045 502 2080 Ο.
518 2046 557 2079 Ε.
580 2044 746 2079 Schmidt
773 2044 860 2078 ‘Der
879 2042 1151 2077 Briefwechsel'
1179 2053 1213 2085 p.
1237 2045 1278 2074 73
1295 2052 1346 2084 sq.
1373 2040 1415 2075 V.
1436 2041 1528 2074 Leh-

198 2103 310 2125 mann
342 2092 416 2125 Att.
444 2104 478 2136 p.
506 2097 560 2134 25,
581 2096 636 2134 40,
659 2095 735 2125 174.
779 2092 791 2135 11
833 2091 878 2124 P.
907 2090 995 2124 187.
1023 2093 1042 2122 2
1074 2093 1197 2123 tensae
1229 2087 1358 2128 Orelli,
1392 2088 1528 2130 Baiter,

199 2138 383 2176 Wesenb..
420 2138 523 2173 Boot.
562 2160 607 2163 —
645 2142 664 2171 8
703 2136 906 2179 ἀναθήσει
944 2136 989 2169 ab
1027 2135 1183 2168 Homero
1226 2134 1307 2178 ipso
1343 2134 1528 2176 Wesenb..

198 2185 307 2227 Boot,
350 2185 501 2228 Tyrrell.
538 2206 583 2210 —
618 2189 659 2218 12
686 2184 705 2218 ,9
729 2194 844 2228 ponas
880 2193 926 2216 an
951 2185 980 2225 !,
1013 2181 1107 2215 nihil
1136 2181 1306 2223 interest,
1340 2181 1405 2215 sed
1435 2180 1529 2214 falso

197 2233 377 2276 punctum
395 2234 595 2275 posuerunt
615 2232 709 2265 Boot
729 2233 766 2265 et
779 2229 929 2274 Tyrrell.
975 2228 1017 2262 V.
1032 2227 1142 2261 Hand
1162 2227 1263 2261 Turs.
1285 2228 1317 2261 H
1336 2240 1370 2272 p.
1392 2231 1460 2261 460
1476 2238 1528 2269 sq.

199 2299 243 2303 -
271 2282 312 2311 13
338 2279 361 2323 †
380 2277 473 2311 Boot
499 2278 589 2312 coni.
610 2279 738 2322 Itaque
758 2281 839 2319 esto,
863 2281 905 2310 ut
923 2276 1019 2310 alius
1033 2276 1174 2319 primus
1194 2275 1305 2308 aliam
1323 2274 1532 2309 sententiam
