1665 2553
376 99 719 134 EPISTULARUM
743 100 808 135 AD
834 100 1038 135 BRUTUM
1062 101 1096 135 Π
1121 105 1152 145 3,
1179 106 1211 137 4.
1380 103 1462 143 557

127 211 231 251 ram,
262 198 304 237 et
336 196 483 237 statim
508 196 582 251 ire,
607 195 688 236 1100
713 196 933 250 paululum
958 197 1127 237 exaravi
1153 197 1246 250 ipsa
1271 197 1315 238 in
1339 198 1466 238 turba

126 255 361 296 matutinae
394 255 676 296 salutationis.

216 313 280 354 De
319 312 466 355 Cassio
510 313 646 354 laetor
688 316 728 354 et
772 314 833 354 rei
876 314 1069 368 publicae
1107 314 1318 369 gratulor,
1360 314 1464 355 mihi

128 373 274 427 etiam,
318 373 390 426 qui
428 374 691 427 repugnante
730 375 771 413 et
809 373 1015 413 irascente
1046 372 1182 413 Pansa
1214 373 1467 413 sententiam

92 449 109 474 5
129 431 323 484 dixerim,
367 433 415 471 ut
458 430 726 472 Dolabellam
769 431 881 472 bello
927 430 1096 472 Cassius
1137 434 1466 485 persequeretur.

128 490 188 531 Et
224 490 394 544 quidem
427 490 622 530 audacter
654 489 842 530 dicebam
876 490 964 530 sine
995 493 1143 530 nostro
1177 492 1348 530 senatus
1374 504 1468 530 con—

130 549 242 590 sulto
274 549 358 589 iam
389 548 495 588 illud
526 563 622 589 eum
652 548 812 589 bellum
845 562 999 603 gerere.
1055 548 1118 589 De
1149 551 1191 589 te
1224 549 1351 589 etiam
1383 548 1469 589 dixi

129 611 234 662 tum,
266 621 371 661 quae
404 607 576 647 dicenda
606 607 764 660 putavi.
815 606 931 648 Haec
963 607 1014 647 ad
1045 610 1087 648 te
1120 607 1256 648 oratio
1288 607 1467 660 perfere-

129 669 212 720 tur,
245 666 446 720 quoniam
477 668 519 706 te
550 666 670 706 video
705 665 904 707 delectari
934 665 1185 719 Philippicis
1216 666 1387 706 nostris.

76 743 110 767 ιο
219 723 339 773 Quod
369 739 435 765 me
468 724 517 765 de
541 723 731 765 Antonio
758 724 956 778 consulis,
989 724 1126 777 quoad
1158 724 1282 765 Bruti
1307 725 1468 765 exitum

131 783 414 838 cognorimus,
450 783 771 824 custodiendum
801 786 918 836 puto.
979 783 1047 823 Ex
1078 783 1131 824 iis
1161 782 1332 838 litteris,
1364 797 1467 836 quas

130 842 235 883 mihi
278 842 453 895 misisti,
496 841 719 882 Dolabella
758 841 908 882 Asiam
951 856 1102 882 vexare
1139 841 1306 882 videtur
1344 844 1383 882 et
1425 841 1470 881 in

132 916 179 942 ea
211 915 254 941 se
286 914 428 955 gerere
460 900 711 941 taeterrime.
763 899 1065 954 Compluribus
1092 903 1233 941 autem
1261 900 1469 953 scripsisti

1490 325 1509 354 2

131 959 399 1000 Dolabellam
430 974 454 1000 a
485 958 665 1000 Rhodiis
698 973 787 999 esse
820 959 1047 1000 exclusum.
1100 958 1181 1008 Qui
1214 959 1249 999 si
1281 959 1332 999 ad
1357 958 1469 999 Rho-
1499 998 1507 1002 ,

78 1036 111 1061 15
132 1019 231 1059 dum
264 1018 452 1073 accessit,
482 1018 648 1058 videtur
679 1017 787 1058 mihi
812 1016 961 1058 Asiam
991 1017 1222 1071 reliquisse.
1273 1016 1322 1058 Id
1348 1017 1383 1057 si
1409 1017 1469 1057 ita

131 1080 214 1132 est,
251 1076 348 1117 istic
385 1076 467 1117 tibi
498 1091 646 1117 censeo
679 1076 1039 1130 commorandum,
1078 1076 1145 1116 sin
1174 1076 1309 1128 †eam
1341 1075 1471 1116 semel

131 1136 255 1190 cepit,
285 1135 391 1176 mihi
418 1135 547 1188 crede,
578 1149 665 1176 non
691 1135 771 1176 erit
796 1135 854 1176 Id.
881 1135 982 1188 Apr.
1011 1138 1053 1175 at
1078 1134 1123 1175 in
1147 1134 1296 1175 Asiam
1322 1148 1468 1175 censeo

132 1194 481 1248 persequendum.
531 1193 654 1235 Nihil
684 1193 791 1234 mihi
821 1193 974 1233 videris
999 1193 1079 1234 hoc
1103 1195 1294 1247 tempore
1319 1193 1470 1233 melius

133 1255 313 1294 acturus.
366 1252 487 1301 Quod
519 1266 639 1306 egere
671 1254 712 1292 te
745 1252 907 1293 duabus
938 1251 1186 1292 necessariis
1217 1252 1344 1292 rebus
1372 1251 1468 1292 scri-

79 1330 112 1354 20
132 1311 216 1364 bis,
262 1311 556 1365 supplemento
599 1313 640 1351 et
682 1312 875 1364 pecunia,
919 1310 1089 1351 difficile
1133 1310 1356 1351 consilium
1395 1313 1468 1350 est.

131 1370 231 1411 Non
275 1370 386 1410 enim
428 1369 534 1410 mihi
576 1372 801 1410 occurrunt
843 1369 1083 1424 facultates,
1128 1369 1282 1423 quibus
1325 1368 1391 1409 uti
1427 1371 1469 1409 te

133 1442 256 1482 posse
287 1428 468 1482 videam,
508 1431 673 1481 praeter
704 1428 820 1482 illas,
858 1442 961 1481 quas
995 1430 1165 1469 senatus
1197 1427 1391 1480 decrevit,
1422 1430 1470 1467 ut

133 1487 331 1541 pecunias
375 1501 398 1526 a
443 1486 687 1527 civitatibus
731 1489 900 1526 mutuas
940 1500 1136 1527 sumeres.
1204 1485 1266 1526 De
1305 1485 1470 1539 supple—

134 1548 277 1586 mento
321 1547 462 1585 autem
504 1559 591 1585 non
634 1544 755 1585 video
801 1545 902 1597 quid
944 1545 1037 1584 fieri
1072 1545 1219 1598 possit.
1287 1543 1470 1584 Tantum

81 1622 114 1647 25
136 1604 246 1645 enim
279 1603 409 1657 abest,
442 1606 490 1643 ut
521 1602 657 1643 Pansa
690 1602 739 1643 de
773 1603 956 1643 exercitu
989 1617 1064 1643 suo
1098 1605 1170 1643 aut
1203 1602 1358 1642 dilectu
1389 1601 1469 1642 tibi

135 1663 295 1717 aliquid
325 1662 502 1717 tribuat,
532 1664 580 1702 ut
613 1662 740 1702 etiam
771 1661 948 1701 moleste
979 1661 1088 1702 ferat
1119 1663 1208 1701 tam
1233 1661 1392 1701 multos
1419 1660 1470 1701 ad

134 1724 176 1762 te
208 1722 268 1762 ire
299 1720 579 1775 voluntarios,
611 1734 692 1773 quo
725 1719 848 1760 modo
882 1719 1075 1773 equidem
1107 1719 1241 1773 credo,
1273 1719 1382 1773 quod
1416 1719 1468 1759 iis

134 1779 274 1834 rebus,
307 1794 411 1833 quae
443 1779 488 1819 in
519 1778 643 1819 Italia
676 1778 967 1831 decernuntur,
997 1777 1136 1818 nullas
1169 1777 1310 1831 copias
1341 1777 1468 1818 nimis

135 1852 310 1892 magnas
343 1852 433 1878 esse
466 1837 707 1890 arbitretur,
741 1850 822 1890 quo
854 1836 978 1876 modo
1006 1839 1147 1876 autem
1178 1836 1303 1876 multi
1335 1836 1469 1889 suspi-

83 1913 117 1939 30
137 1901 302 1950 cantur,
339 1897 446 1949 quod
478 1910 530 1936 ne
569 1898 611 1936 te
649 1895 818 1949 quidem
854 1895 982 1935 nimis
1019 1895 1189 1935 firmum
1227 1909 1318 1935 esse
1349 1894 1469 1949 velit,

138 1955 250 2009 quod
281 1968 358 2009 ego
390 1969 477 1995 non
508 1954 706 2007 suspicor.

225 2013 345 2062 Quod
390 2013 539 2053 scribis
582 2016 624 2053 te
667 2012 719 2052 ad
759 2012 946 2052 Tertiam
991 2026 1179 2052 sororem
1221 2015 1259 2052 et
1299 2014 1467 2052 mat-rem

138 2072 366 2125 scripsisse,
398 2074 445 2112 ut
476 2085 528 2111 ne
559 2072 677 2124 prius
710 2071 879 2112 ederent
907 2085 965 2125 ea,
997 2084 1102 2123 quae
1128 2072 1247 2124 gesta
1272 2084 1296 2109 a
1323 2068 1467 2109 Cassio

139 2133 289 2185 essent,
322 2145 447 2184 quam
479 2129 583 2170 mihi
615 2130 753 2171 visum
787 2132 907 2182 esset,
938 2129 1059 2169 video
1092 2131 1135 2168 te
1159 2128 1342 2168 veritum
1368 2141 1470 2182 esse,

85 2205 118 2230 35
138 2189 181 2229 id
223 2189 334 2242 quod
377 2188 601 2229 verendum
647 2188 746 2243 fuit,
788 2202 841 2228 ne
878 2188 1007 2227 animi
1044 2187 1229 2240 partium
1267 2185 1471 2240 Caesaris,

139 2261 222 2301 quo
253 2246 377 2287 modo
411 2247 538 2286 etiam
567 2261 678 2287 nunc
709 2249 850 2300 partes
883 2245 1168 2299 appellantur,
1205 2244 1472 2285 vehementer

139 2308 511 2346 commoverentur.
575 2304 674 2358 Sed,
718 2307 944 2358 antequam
980 2307 1076 2344 tuas
1113 2303 1278 2344 litteras
1316 2302 1472 2356 accepi-

1494 1263 1516 1291 4
1542 1262 1598 1293 (ep-
1618 1261 1661 1286 VI

1496 2020 1515 2051 5
1532 2018 1578 2059 (2,
