1665 2553
182 86 269 127 210
607 85 655 120 Μ.
683 85 823 120 TULLI
848 85 1096 121 CICERONIS

180 181 282 222 bani
318 181 535 235 voluntas,
574 196 679 235 quae
717 183 792 222 tua
831 181 1072 222 coniectura
1111 181 1160 222 de
1191 181 1317 222 rebus
1348 180 1517 222 futuris.

180 240 296 281 Haec
326 240 453 281 velim
485 240 644 293 crebro,
678 242 719 280 et
752 240 853 293 quid
883 240 965 280 tibi
996 239 1045 280 de
1075 240 1327 281 mulieribus
1358 239 1518 281 nostris

180 299 355 353 placeat,
389 302 429 339 et
456 298 556 352 quid
583 301 752 339 acturus
778 298 870 351 ipse
897 299 966 352 sis,
999 298 1168 339 scribas.
1220 297 1265 339 Si
1292 298 1519 339 scriberem

180 358 283 412 ipse,
314 357 483 412 longior
516 357 698 410 epistula
723 356 887 410 fuisset,
921 356 992 397 sed
1018 357 1172 398 dictavi
1198 360 1371 411 propter
1396 356 1519 410 lippi-

181 417 381 457 tudinem.
1557 431 1572 457 5

793 531 907 572 XIV.

398 613 472 649 Ser.
497 613 643 648 Calibus
670 623 702 647 a.
723 613 757 647 d.
786 613 912 646 VIK.
934 613 1040 648 Febr.
1062 625 1094 647 a.
1118 616 1189 648 705
1216 615 1305 657 (49).

605 693 772 728 CICERO
799 693 971 728 ATTICO
1000 694 1096 729 SAL.

270 766 319 807 A.
353 766 390 807 d.
422 778 469 808 VI
505 765 599 807 Kal.
632 765 753 807 Febr.
787 764 974 820 Capuam
1019 764 1191 807 Calibus
1235 766 1519 822 proficiscens,

183 839 277 866 cum
302 825 451 866 leviter
476 825 685 879 lippirem,
710 824 786 865 has
811 825 976 865 litteras
1004 825 1106 866 dedi.
1154 824 1198 866 L.
1227 824 1379 866 Caesar
1403 840 1518 866 man-
1538 842 1571 866 10

184 883 281 924 data
308 882 498 924 Caesaris
531 884 683 924 detulit
716 884 767 924 ad
791 883 1040 937 Pompeium
1067 899 1099 924 a.
1122 883 1156 924 d.
1178 895 1260 924 VIII
1284 882 1392 939 Kal,
1423 898 1518 925 cum

183 942 218 983 is
258 946 367 983 esset
400 957 494 983 cum
526 942 770 983 consulibus
802 942 942 983 Teani.
1004 942 1190 983 Probata
1221 943 1409 983 condicio
1442 945 1518 997 est,

185 1001 256 1042 sed
291 1001 369 1056 ita,
405 1004 454 1042 ut
495 1001 566 1041 ille
599 1001 647 1041 de
678 1001 730 1041 iis
765 1001 947 1055 oppidis,
986 1016 1091 1054 quae
1124 1004 1241 1041 extra
1274 1015 1393 1042 suam
1423 1016 1518 1055 pro-

183 1059 364 1100 vinciam
409 1060 717 1113 occupavisset,
760 1060 968 1113 praesidia
1006 1060 1237 1100 deduceret.
1304 1058 1352 1100 Id
1390 1059 1426 1100 si
1462 1060 1516 1100 fe-

185 1118 322 1172 cisset,
362 1132 612 1171 responsum
644 1122 708 1158 est
740 1118 791 1158 ad
821 1118 969 1159 urbem
1001 1133 1078 1159 nos
1110 1119 1321 1159 redituros
1353 1132 1444 1159 esse
1475 1121 1517 1159 et
1536 1134 1568 1160 15

183 1190 273 1217 rem
311 1191 385 1230 per
423 1179 615 1217 senatum
655 1176 929 1217 confecturos.
994 1175 1124 1230 Spero
1162 1191 1285 1230 posse
1321 1176 1366 1217 in
1402 1191 1516 1230 prae-

186 1234 320 1276 sentia
346 1249 491 1288 pacem
516 1249 594 1275 nos
619 1234 790 1288 habere,
821 1249 918 1275 nam
946 1236 987 1276 et
1011 1235 1134 1275 illum
1158 1235 1313 1275 furoris
1340 1236 1381 1275 et
1406 1235 1516 1275 hunc

140 1326 157 1335 s
184 1296 379 1334 nostrum
411 1293 627 1347 copiarum
654 1293 931 1347 suppaenitet.
981 1292 1050 1333 Me
1075 1292 1301 1346 Pompeius
1329 1291 1515 1347 Capuam

184 1352 324 1393 venire
355 1352 492 1392 voluit
525 1355 565 1392 et
599 1352 794 1392 adiuvare
823 1352 1038 1404 dilectum,
1070 1351 1116 1392 in
1142 1366 1224 1405 quo
1250 1366 1399 1405 parum
1423 1366 1515 1405 pro-

183 1411 267 1451 lixe
298 1411 552 1464 respondent
578 1409 781 1463 Campani
812 1410 960 1451 coloni.
1022 1409 1286 1451 Gladiatores
1315 1409 1516 1465 Caesaris,
1536 1427 1569 1451 20

185 1469 257 1524 qui
295 1467 461 1523 Capuae
507 1472 622 1523 sunt,
666 1469 714 1510 de
759 1468 913 1522 quibus
958 1470 1054 1509 ante
1098 1468 1148 1509 ad
1189 1471 1231 1509 te
1274 1468 1428 1509 falsum
1465 1483 1516 1510 ex

183 1528 233 1569 A.
260 1527 466 1581 Torquati
508 1527 663 1568 litteris
702 1528 968 1582 scripseram,
1007 1541 1105 1568 sane
1143 1527 1359 1568 commode
1394 1526 1516 1568 Pom-

183 1586 302 1642 peius
352 1586 570 1627 distribuit
613 1586 735 1627 binos
786 1586 964 1640 singulis
1010 1586 1204 1640 patribus
1247 1586 1515 1627 familiarum.

185 1644 410 1686 Scutorum
451 1645 497 1685 in
538 1645 636 1685 ludo
679 1656 751 1688 100
795 1645 978 1685 fuerunt.
1044 1643 1326 1698 Eruptionem
1362 1644 1516 1684 facturi

183 1704 314 1744 fuisse
358 1703 612 1744 dicebantur.
682 1701 789 1744 Sane
832 1703 1016 1744 multum
1058 1703 1103 1743 in
1141 1717 1188 1744 eo
1225 1703 1287 1743 rei
1323 1702 1515 1756 publicae
1535 1718 1568 1744 25

183 1762 401 1816 provisum
433 1764 507 1802 est.

271 1819 335 1861 De
375 1820 623 1861 mulieribus
657 1820 835 1874 nostris,
877 1820 922 1861 in
966 1820 1119 1874 quibus
1165 1822 1228 1860 est
1271 1821 1345 1859 tua
1383 1832 1516 1874 soror,

185 1893 339 1933 quaeso
371 1879 524 1933 videas,
554 1881 603 1919 ut
635 1879 738 1919 satis
769 1878 997 1919 honestum
1027 1878 1154 1919 nobis
1179 1878 1234 1918 sit
1261 1891 1329 1918 eas
1354 1875 1515 1918 Romae

185 1951 286 1993 esse,
312 1952 406 1978 cum
427 1940 586 1978 ceterae
605 1937 679 1977 illa
699 1937 905 1991 dignitate
926 1937 1205 1977 discesserint.
1252 1935 1346 1976 Hoc
1365 1934 1515 1988 scripsi

185 1996 236 2036 ad
276 2010 344 2036 eas
383 1998 423 2036 et
461 1996 513 2036 ad
549 1999 592 2036 te
629 1996 770 2049 ipsum
809 1998 942 2036 antea.
1004 1994 1144 2036 Velim
1183 2008 1251 2035 eas
1283 1993 1514 2048 cohortere,
1533 2010 1567 2035 30

184 2057 232 2094 ut
264 2056 425 2109 exeant,
456 2054 705 2108 praesertim
738 2068 832 2095 cum
863 2068 910 2095 ea
941 2053 1110 2119 praedia
1134 2053 1180 2093 in
1205 2067 1278 2093 ora
1302 2051 1516 2093 maritima

184 2111 431 2167 habeamus,
468 2113 568 2167 quoi
607 2126 683 2167 ego
722 2126 937 2167 praesum,
972 2115 1020 2152 ut
1056 2111 1101 2152 in
1136 2111 1189 2152 iis
1227 2125 1303 2165 pro
1340 2125 1385 2151 re
1415 2112 1516 2150 nata

185 2185 270 2211 non
295 2171 555 2212 incommode
581 2171 745 2225 possint
773 2185 872 2211 esse.
922 2168 1046 2224 Nam,
1078 2170 1114 2210 si
1140 2170 1240 2223 quid
1266 2168 1514 2210 offendimus

184 2228 229 2268 in
260 2243 412 2282 genero
444 2233 605 2284 nostio,
638 2229 750 2295 quod
781 2229 951 2283 quidem
986 2241 1063 2283 ego
1095 2230 1308 2282 piwaestaie
1337 2241 1425 2268 non
1450 2226 1515 2267 de-

185 2286 275 2340 beo,
306 2288 418 2340 †sed
449 2288 492 2328 id
522 2288 571 2328 fit
601 2288 749 2342 maius,
782 2287 895 2341 quod
925 2287 1121 2327 mulieres
1153 2290 1323 2327 nostrae
1348 2286 1514 2339 praeter
1533 2300 1566 2326 35
