1665 2553
142 193 163 224 9

124 1070 168 1100 10

150 2004 170 2033 10

191 86 275 127 152
612 83 661 118 Μ.
688 83 828 118 TULLI
854 81 1103 117 CICERONIS

278 181 393 235 Ego,
425 195 520 221 cum
550 179 800 221 Laodiceam
831 192 1004 233 venero,
1042 177 1218 232 Quinto,
1249 176 1407 218 sororis
1432 178 1530 218 tuae

191 239 294 294 filio,
324 243 470 294 togam
500 254 651 293 puram
683 238 832 278 iubeor
864 237 972 278 dare.
1035 235 1114 277 Cui
1150 235 1402 276 moderabor
1439 235 1531 275 dili-

191 298 372 353 gentius.
433 297 679 350 Deiotarus,
718 296 837 336 cuius
876 294 1045 336 auxiliis
1082 294 1247 349 magnis
1284 309 1386 334 usus
1424 308 1531 348 sum,

192 357 245 397 ad
281 371 366 411 me,
402 359 451 397 ut
490 355 676 409 scripsit,
714 369 809 395 cum
850 353 1121 394 Ciceronibus
1153 352 1404 394 Laodiceam
1434 366 1530 393 ven-

191 418 314 456 turus
354 417 454 455 erat.
516 414 628 455 Tuas
667 413 796 454 etiam
832 412 1074 466 Epiroticas
1115 414 1311 465 exspecto
1351 411 1530 465 litteraS,

191 477 239 514 ut
270 474 448 514 habeam
479 473 688 513 rat-ionem
718 486 806 512 non
842 471 966 511 modo
1003 470 1184 526 negotii,
1219 484 1366 511 verum
1403 469 1532 510 etiam

193 533 271 573 otii
314 532 389 573 tui.
451 530 637 572 Nicanor
680 531 726 570 in
771 530 910 571 officio
955 532 1020 570 est
1057 531 1099 570 et
1137 544 1160 569 a
1195 543 1262 569 me
1297 527 1531 579 liberaliter

192 593 412 631 tractatur.
476 589 619 643 Quem,
649 592 698 629 ut
729 592 847 642 puto,
878 587 1059 628 Romam
1090 601 1185 627 cum
1208 587 1364 628 litteris
1395 585 1532 640 publi-

192 650 251 690 cis
282 650 469 703 mittam,
506 651 554 688 ut
586 651 628 688 et
660 647 906 702 diligentius
938 646 1220 700 perferantur,
1259 648 1301 686 et
1337 645 1448 686 idem
1479 644 1532 685 ad

193 723 260 749 me
304 710 417 748 certa
460 707 509 747 de
552 709 595 747 te
639 708 680 747 et
725 721 748 746 a
791 708 833 746 te
870 705 1036 746 referat.
1097 704 1244 745 Alexis
1278 703 1390 757 quod
1425 703 1531 743 mihi

192 767 351 807 totiens
379 766 558 806 salutem
584 764 799 819 adscribit,
824 767 889 804 est
915 766 1101 818 gratum3
1135 763 1208 804 sed
1233 777 1306 803 cur
1330 776 1417 802 non
1442 761 1530 802 suis

192 826 348 865 litteris
374 825 484 865 idem
509 824 623 877 facit,
654 824 766 877 quod
791 838 908 863 meus
935 822 987 862 ad
1012 825 1053 862 te
1074 821 1220 862 Alexis
1251 820 1382 862 facit?
1425 819 1532 860 Phe-

193 884 279 924 mio
318 883 534 937 quaeritur
571 882 708 936 κέρας.
778 880 858 922 Sed
895 881 997 921 haec
1040 880 1256 920 hactenus.
1321 878 1447 933 Cura,
1483 880 1532 919 ut

194 942 352 997 valeas,
392 944 433 982 et
470 944 518 982 ut
558 941 704 996 sciam,
743 940 909 994 quando
943 939 1103 994 cogites
1135 937 1326 979 Romam.
1386 937 1532 978 Etiam

196 1003 322 1054 atque
354 1000 482 1041 etiam
512 1000 614 1040 vale.

283 1059 373 1099 Tua
409 1061 590 1111 tuosque
621 1057 804 1099 Thermo
843 1060 885 1098 et
922 1070 1120 1110 praesens
1157 1055 1320 1109 Ephesi
1357 1054 1532 1109 diligen-

194 1117 359 1158 tissime
391 1116 726 1157 commendaram
763 1119 805 1156 et
841 1130 954 1156 nunc
991 1129 1066 1168 per
1102 1115 1268 1154 litteras
1306 1114 1531 1167 ipsumque

194 1176 386 1216 intellexi
419 1189 509 1215 esse
539 1174 853 1228 perstudiosum
877 1174 952 1214 tui.
1003 1173 1067 1213 Tu
1093 1173 1231 1226 velim,
1265 1171 1375 1225 quod
1407 1174 1532 1211 antea

195 1234 247 1274 ad
278 1237 319 1274 te
352 1233 513 1286 scripsi,
546 1233 594 1273 de
620 1233 742 1272 domo
769 1232 985 1272 Pammeni
1012 1231 1083 1271 des
1110 1245 1292 1284 operam,
1323 1232 1385 1284 ut,
1417 1229 1530 1282 quod

194 1295 268 1333 tuo
294 1306 471 1345 meoque
496 1291 698 1331 beneficio
724 1305 828 1344 puer
852 1290 993 1344 habet,
1018 1303 1148 1342 cures,
1179 1303 1231 1329 ne
1257 1303 1340 1342 qua
1364 1287 1529 1328 ratione
1549 1304 1564 1327 2

193 1350 465 1391 convellatur.
515 1348 698 1403 Utrique
722 1352 916 1389 nostrum
939 1348 1166 1389 honestum
1193 1347 1407 1401 existimo,
1438 1348 1530 1386 tum

193 1409 299 1449 mihi
331 1409 410 1449 erit
442 1411 699 1463 pergratum.

799 1522 911 1564 XXI.

466 1604 539 1640 Ser.
567 1605 769 1639 Laodiceae
794 1604 851 1638 Id.
879 1603 985 1638 Febr.
1012 1614 1044 1637 a.
1074 1605 1145 1637 704
1171 1604 1262 1646 (50).

620 1685 786 1720 CICERO
813 1684 985 1719 ATTICO
1014 1684 1110 1718 SAL.

284 1759 343 1799 Te
380 1759 425 1799 in
461 1758 643 1812 Epirum
680 1757 844 1799 salvum
881 1756 1045 1797 venisse
1083 1758 1143 1810 et,
1186 1757 1233 1795 ut
1271 1754 1436 1807 scribis,
1481 1768 1531 1794 ex

199 1817 408 1858 sententia
428 1817 649 1871 navigasse
669 1816 938 1857 vehementer
957 1815 1132 1869 gaudeo,
1156 1828 1243 1854 non
1263 1827 1352 1854 esse
1371 1812 1531 1853 Romae

196 1891 289 1917 meo
322 1879 510 1929 tempore
542 1875 852 1929 pernecessario
892 1874 1149 1914 submoleste
1170 1872 1279 1912 fero.
1341 1871 1434 1911 Hoc
1464 1885 1530 1911 me

197 1937 339 1975 tamen
370 1934 565 1975 consolor
605 1948 709 1988 uno,
749 1947 870 1986 spero
913 1934 955 1972 te
993 1932 1091 1972 istic
1129 1930 1307 1971 iucunde
1346 1929 1531 1970 hiemare

198 1995 239 2033 et
279 1993 462 2034 libenter
504 1992 774 2046 requiescere.
840 1990 881 2032 C.
914 1989 1103 2043 Cassius,
1142 1989 1274 2029 frater
1314 1987 1359 2036 Q.
1399 1986 1531 2042 Cassi,

197 2051 418 2091 familiaris
462 2051 543 2104 tui,
586 2050 858 2104 pudentiores
899 2049 994 2089 illas
1035 2048 1200 2088 litteras
1247 2047 1437 2100 miserat,
1481 2046 1530 2086 de

198 2109 352 2162 quibus
385 2112 433 2150 tu
464 2124 514 2149 ex
544 2124 612 2150 me
649 2107 846 2161 requiris,
888 2107 989 2160 quid
1026 2105 1108 2146 sibi
1139 2105 1369 2160 voluerint,
1405 2119 1532 2158 quam

198 2181 284 2222 eas,
323 2182 427 2221 quas
469 2170 616 2220 postea
652 2167 787 2219 misit,
826 2166 980 2219 quibus
1012 2178 1086 2217 per
1118 2177 1161 2203 se
1193 2163 1341 2204 scribit
1373 2162 1532 2203 confec-

197 2227 290 2265 tum
321 2240 410 2266 esse
440 2224 686 2266 Parthicum
716 2224 885 2265 bellum.
947 2222 1222 2263 Recesserant
1260 2222 1325 2262 illi
1363 2220 1531 2275 quidem

197 2283 250 2323 ab
277 2282 505 2324 Antiochia
538 2286 634 2324 ante
665 2283 810 2324 Bibuli
843 2282 1085 2336 adventum,
1126 2280 1197 2321 sed
1232 2280 1351 2320 nullo
1382 2281 1529 2320 nostro

1550 720 1585 744 10

1550 1010 1583 1036 15

1550 1711 1585 1737 25

1549 2003 1585 2028 30

1550 2293 1584 2320 35
