1665 2553
232 119 318 160 550
655 120 704 155 M.
730 120 871 154 TULLI
898 119 1146 155 CICERONJS

319 214 377 256 Te
408 215 492 256 nisi
522 217 691 256 tantum
725 229 920 269 amarem,
952 217 1157 269 quantum
1183 212 1376 256 Ciceroni
1401 228 1570 268 persua-

232 287 326 314 sum
358 276 421 315 est
453 274 574 328 diligi
605 274 656 314 ab
684 272 873 329 Octavio,
903 273 1005 315 haec
1040 273 1092 314 ad
1116 276 1159 314 te
1182 287 1270 314 non
1295 273 1567 327 scripsissem.

230 331 359 374 Dolet
396 332 520 387 mihi,
561 332 674 386 quod
711 335 760 373 tu
795 346 907 373 nunc
940 331 1217 373 stomacharis
1250 332 1568 373 amantissimus

231 405 325 431 cum
356 393 529 432 tuorum
561 391 748 432 omnium
779 394 871 432 tum
898 389 1129 445 Ciceronis3
1163 390 1234 431 sed
1258 390 1462 444 persuade
1487 390 1569 431 tibi

231 449 280 490 de
312 449 532 490 voluntate
564 450 737 504 propria
767 465 859 490 mea
890 450 999 490 nihil
1032 464 1122 490 esse
1153 449 1391 504 remissum,
1430 449 1480 490 de
1509 449 1569 490 iu·
1606 466 1622 491 5

232 508 339 548 dicio
383 508 570 563 largiter.
639 507 787 562 Neque
833 509 945 549 enim
987 508 1207 563 impetrari
1249 510 1410 562 potest,
1455 507 1569 562 quin,

232 566 354 620 quale
393 567 577 621 quidque
607 567 800 608 videatur
833 568 887 622 01,
925 566 1053 608 talem
1085 567 1264 621 quisque
1296 567 1345 608 de
1376 566 1450 608 illo
1483 566 1569 620 opi-

229 625 401 666 1110110111
432 625 596 666 habeat.

186 695 204 724 7
318 683 483 725 Vellem
525 684 630 725 mihi
674 684 932 738 scripsisses,
978 698 1083 738 quae
1121 683 1387 725 condiciones
1429 685 1569 724 essent

230 741 399 783 Atticae
429 746 617 798 nostrae3
662 744 899 798 potuissem
931 743 1091 797 aliquid
1122 743 1204 783 tibi
1236 742 1285 783 de
1317 756 1410 783 meo
1445 756 1569 782 sensu
1589 759 1622 783 10

231 801 500 854 perscribere.
544 801 845 843 Valetudinem
876 802 1049 843 Porciae
1080 816 1198 842 meae
1223 801 1302 841 tibi
1331 815 1454 842 curae
1480 814 1569 841 esse

230 873 317 900 non
342 860 483 901 miror.
533 860 739 915 Denique,
772 861 885 915 quod
911 861 1033 915 petis,
1065 861 1215 901 faciam
1240 860 1440 914 libenter3
1471 873 1570 900 nam

232 918 358 959 etiam
391 933 556 960 sorores
588 934 654 960 1110
685 922 851 974 rogant.
908 919 967 960 Et
997 919 1214 960 hominem
1244 933 1364 977 noro,
1396 920 1437 959 et
1469 917 1568 972 quid

232 977 316 1018 sibi
348 978 542 1019 voluerit.

818 1117 976 1159 XVIII.
1590 1133 1623 1159 15

491 1210 619 1254 Seript.
641 1210 778 1245 Romae
809 1210 868 1244 VJ
888 1211 937 1245 K.
958 1210 1052 1246 Sext.
1074 1223 1106 1245 α.
1130 1214 1197 1245 711
1227 1212 1316 1254 (43).

660 1302 827 1337 CICERO
854 1302 1014 1336 BRUTO
1043 1302 1139 1337 SAL.

185 1397 203 1427 1
320 1384 427 1427 Cum
471 1400 593 1439 saepe
637 1388 679 1426 te
722 1386 878 1426 litteris
921 1385 1119 1426 hortatus
1166 1399 1318 1441 essem,
1356 1388 1405 1426 1113
1443 1401 1570 1440 quam

231 1444 417 1499 primum
460 1445 520 1485 rei
558 1444 751 1497 publicae
796 1445 1039 1485 subvenires
1078 1444 1123 1484 in
1161 1443 1414 1498 Italiamque
1454 1459 1570 1486 exer-

231 1503 362 1544 citum
406 1503 648 1558 adduceres,
696 1517 832 1557 neque
876 1503 918 1544 id
962 1503 1191 1544 arbitrarer
1235 1503 1429 1544 dubitare
1472 1506 1569 1544 tuos
1589 1520 1623 1545 20

231 1562 506 1616 necessarios,
544 1565 720 1616 rogatus
760 1576 854 1602 sum
893 1576 916 1602 a
953 1561 1283 1615 prudentissima
1321 1564 1362 1602 et
1395 1562 1570 1616 diligen-

232 1621 398 1661 tissima
434 1621 607 1673 femina,
645 1623 780 1661 matre
816 1623 908 1675 tua,
946 1621 1064 1661 cuius
1105 1634 1249 1660 omnes
1290 1634 1413 1660 curae
1445 1620 1497 1661 ad
1526 1622 1569 1660 te

231 1680 471 1720 referuntur
516 1682 557 1719 et
597 1679 643 1719 in
683 1682 724 1720 te
763 1682 1088 1733 consumuntur,
1126 1681 1173 1719 ut
1210 1679 1395 1719 venirem
1433 1678 1484 1719 ad
1526 1693 1569 1719 se

232 1753 265 1778 0.
293 1737 329 1778 (1.
356 1749 437 1778 VIII
463 1737 554 1778 Kal.
583 1737 774 1778 Sextiles.
826 1736 945 1786 Quod
973 1751 1062 1791 ego,
1093 1739 1142 1777 ut
1168 1736 1304 1792 debui,
1337 1737 1426 1777 sine
1451 1751 1570 1778 mora

231 1796 321 1838 feci.
378 1794 485 1837 Cum
518 1799 658 1837 autem
688 1796 907 1850 venissem,
941 1794 1072 1836 Casca
1104 1795 1248 1836 aderat
1280 1798 1321 1836 et
1352 1794 1494 1836 Labeo
1527 1798 1569 1836 et
1589 1811 1622 1837 25

233 1853 440 1908 Scaptius.
502 1854 561 1895 At
593 1855 666 1895 illa
696 1855 864 1895 rettulit
896 1854 1200 1910 quaesivitque,
1233 1853 1433 1907 quidnam
1464 1853 1570 1894 mihi

231 1913 462 1967 videretur,
501 1927 858 1954 arcesseremusne
896 1916 938 1953 te
977 1916 1103 1966 atque
1141 1912 1183 1953 id
1220 1912 1302 1953 tibi
1340 1912 1570 1953 conducere

233 1974 479 2024 putaremus
518 1986 572 2012 an
609 1972 777 2012 tardare
815 1974 858 2012 et
895 1971 1147 2012 commorari
1184 1973 1227 2011 te
1264 1971 1415 2011 melius
1449 1973 1568 2011 esset.

233 2029 461 2084 Respondi,
493 2030 536 2070 id
568 2030 681 2083 quod
712 2030 956 2084 sentiebam,
989 2033 1030 2070 et
1062 2029 1262 2083 dignitati
1290 2032 1332 2070 et
1358 2029 1570 2070 existima-

232 2089 340 2129 tiom'
383 2091 480 2128 tuae
517 2089 698 2129 maxime
736 2088 965 2129 conducere
1002 2090 1044 2128 te
1081 2088 1219 2141 primo
1258 2102 1425 2141 quoque
1460 2090 1570 2128 tem·
1589 2103 1624 2130 30

231 2161 332 2199 pore
369 2147 477 2187 ferre
515 2147 771 2200 praesidium
809 2146 969 2187 labenti
1007 2149 1048 2186 et
1089 2147 1314 2187 inclinatae
1346 2160 1477 2199 paene
1509 2145 1570 2186 rei

231 2205 434 2257 publicae.
497 2204 605 2253 Quid
643 2205 754 2246 enim
792 2205 938 2245 abesse
975 2219 1117 2245 censes
1156 2204 1257 2245 mali
1288 2205 1333 2244 in
1363 2218 1412 2245 eo
1443 2203 1570 2258 bello,

231 2263 277 2302 in
314 2277 396 2316 quo
434 2263 615 2305 victores
653 2263 860 2304 exercitus
901 2263 1135 2318 fugientem
1174 2263 1342 2304 hostem
1373 2262 1571 2316 persequi

230 2320 463 2377 noluerint,
508 2325 550 2364 et
593 2323 639 2363 in
683 2337 765 2376 quo
806 2321 1030 2363 incolumis
1068 2322 1298 2375 imperator
1334 2321 1570 2362 honoribus

186 2041 204 2069 [O
