1665 2553
342 71 684 107 EPISTULARUM
710 71 774 105 AD
801 71 1017 106 ATTICUM
1043 72 1093 106 III
1120 76 1268 107 10—12.
1420 72 1475 113 83

133 167 279 222 pedior
313 171 370 221 et,
410 167 522 222 quod
555 170 793 221 exspectem
825 167 969 222 istinc,
1000 168 1136 222 magis
1168 167 1316 222 habeo,
1349 182 1476 221 quam

135 227 247 280 quod
283 227 374 280 ipse
413 225 606 267 scribam.
675 225 788 274 Quae
827 226 863 266 si
901 228 1024 267 erunt
1063 226 1208 279 allata,
1245 226 1394 267 faciam
1432 229 1474 267 te

133 285 300 326 consilii
331 285 470 326 nostri
502 285 734 325 certiorem.
796 284 877 339 Tu,
909 287 957 325 ut
989 285 1124 326 adhuc
1154 284 1309 340 fecisti,
1348 299 1475 339 quam

133 344 330 398 plurimis
357 343 407 384 de
434 343 560 385 rebus
595 343 645 383 ad
675 358 742 384 1116
773 343 900 384 velim
933 344 1104 398 scribas,
1135 345 1184 384 ut
1215 358 1391 397 prorsus
1422 358 1474 384 116

99 418 113 444 5
135 402 236 456 quid
261 403 463 457 ignorem.
513 401 626 442 Data
651 413 751 443 X1111
776 401 869 443 Kal.
903 401 1112 450 Quintiles
1138 402 1474 444 Thessalonicae.

767 547 837 589 XI.

317 628 392 663 Sor.
421 628 693 663 Thessalonicae
718 629 781 662 IV
803 628 851 662 K.
881 628 1001 673 Quint.
1029 640 1062 663 α.
1091 631 1163 664 696
1191 631 1282 673 (58).

554 709 721 745 CICERO
748 709 921 745 ATTICO
949 709 1045 745 SAL.

220 781 288 823 Me
327 785 369 823 et
406 785 503 823 tuae
539 781 708 823 litterae
747 785 788 823 et
827 782 996 836 quidam
1039 783 1140 824 boni
1183 784 1343 840 nuntii,
1385 799 1472 826 non
1499 793 1515 823 1

78 853 111 877 10
133 841 306 896 optimis
350 843 493 882 tamen
536 841 798 895 auctoribus,
849 844 890 882 et
933 842 1191 895 exspectatio
1235 845 1472 885 vestrarum

131 900 388 954 litterarum,
427 902 469 940 et
507 900 620 954 quod
657 900 738 940 tibi
768 900 830 940 ita
860 900 1094 955 placuerat,
1130 901 1264 942 adhuc
1295 901 1472 943 Thessa-

131 959 293 1000 lonicae
330 957 512 999 tenebat.
579 956 625 998 Si
663 972 858 1012 accepero
896 959 1080 1013 litteras,
1119 973 1223 1013 quas
1262 963 1495 1016 exspecto„

132 1017 168 1058 si
194 1031 289 1071 spes
319 1017 400 1058 erit
432 1031 490 1070 ea,
523 1031 629 1070 quae
661 1016 904 1057 rumoribus
938 1017 1216 1072 adserebatur,
1248 1019 1299 1059 acl
1331 1022 1372 1060 136
1404 1035 1470 1061 1116

131 1076 359 1130 conferam3
385 1075 420 1116 si
439 1089 526 1116 non
552 1075 645 1131 erit,
669 1075 821 1116 faciam
846 1077 888 1116 136
915 1076 1147 1131 certiorem,
1174 1077 1275 1131 quid
1301 1078 1468 1132 egerim.

77 1144 110 1170 15
131 1134 195 1175 Tu
225 1149 303 1189 me,
336 1136 384 1174 ut
409 1134 524 1188 facis,
557 1148 695 1189 opera,
727 1133 917 1187 consilio,
949 1135 1087 1189 gratia
1112 1136 1227 1190 iuva3
1260 1136 1469 1178 consolari
1496 1144 1514 1174 2

130 1193 216 1234 iam
253 1193 413 1247 desine,
455 1192 680 1247 obiurgare
710 1207 809 1234 vero
840 1193 948 1247 noli3
989 1194 1102 1248 quod
1133 1208 1228 1235 cum
1264 1195 1386 1251 facis,
1422 1199 1470 1236 ut

131 1265 209 1306 ego
242 1254 364 1292 tuum
397 1266 581 1292 amorem
613 1253 655 1292 et
687 1251 875 1293 dolorem
906 1252 1111 1293 desidero!
1163 1267 1288 1306 quem
1312 1254 1374 1295 ita
1402 1254 1470 1294 ad-

129 1311 287 1351 fectum
323 1324 416 1351 mea
453 1324 652 1351 aerumna
684 1324 773 1351 esse
806 1310 1007 1365 arbitror,
1044 1314 1093 1352 ut
1124 1313 1166 1352 te
1203 1312 1344 1365 ipsum
1375 1326 1470 1354 con-

132 1369 261 1410 solari
290 1383 415 1409 nemo
446 1369 595 1422 possit.
646 1367 850 1417 Quintum
881 1369 1055 1410 fratrem
1089 1370 1296 1424 optimum
1324 1370 1470 1412 huma-

77 1438 111 1462 20
130 1427 438 1480 nissimumque
477 1429 678 1468 sustenta.
740 1427 808 1468 Ad
844 1442 911 1468 me
950 1428 1124 1470 obsecro
1163 1432 1205 1470 te
1242 1432 1290 1470 ut
1329 1431 1470 1471 omnia

131 1488 246 1527 certa
276 1485 523 1539 perscribas.
584 1484 697 1526 Data
727 1498 796 1526 1111
826 1485 919 1527 Kal.
954 1485 1174 1535 Quintiles.

747 1631 841 1673 XII.

294 1710 367 1746 Ser.
399 1712 670 1746 Thessalonicae
695 1712 800 1747 XVI
820 1712 907 1746 Kal.
935 1712 1029 1747 Sext.
1057 1725 1089 1747 α.
1118 1716 1190 1748 696
1216 1716 1308 1757 (58).

555 1792 722 1827 CICERO
749 1792 920 1828 ATTICO
949 1793 1045 1828 SAL.

77 1880 110 1906 25
218 1864 282 1906 Tu
321 1865 490 1919 quidem
530 1865 672 1906 sedulo
713 1866 1037 1920 argumentaris,
1076 1866 1176 1920 quid
1214 1866 1269 1907 sit
1301 1881 1467 1921 speran-
1495 1881 1512 1911 1

132 1922 231 1964 dum
257 1926 298 1964 et
321 1924 503 1965 maxime
529 1938 603 1977 per
630 1926 835 1978 senatum,
860 1924 1055 1978 idemque
1081 1927 1206 1978 caput
1231 1926 1467 1979 rogationis

130 1982 314 2035 proponi
345 1982 506 2036 scribis,
539 1997 668 2036 quare
699 1982 744 2022 in
776 1985 924 2023 senatu
955 1983 1037 2023 dici
1067 1983 1176 2023 nihil
1200 1983 1335 2025 liceat.
1384 1983 1469 2026 Ita-

132 2053 212 2093 que
251 2040 409 2082 siletur.
471 2040 553 2082 Hic
590 2044 637 2081 tu
675 2055 742 2081 me
774 2055 963 2096 accusas,
1005 2042 1117 2095 quod
1147 2057 1214 2083 me
1247 2042 1468 2100 adflictem,

132 2112 226 2138 cum
268 2098 329 2138 ita
369 2099 448 2140 sim
485 2099 676 2140 adflictus
714 2101 762 2140 ut
799 2114 921 2140 nemo
960 2114 1177 2156 umquam,
1221 2101 1333 2154 quod
1375 2104 1467 2144 tute

79 2173 112 2198 30
132 2156 354 2211 intellegis.
425 2158 551 2212 Spem
593 2157 779 2199 ostendis
824 2158 1053 2199 secundum
1098 2159 1280 2201 comitia.
1354 2159 1467 2209 Quae

132 2215 215 2256 ista
241 2218 305 2255 est
332 2216 476 2257 eodem
500 2217 673 2258 tribuno
699 2217 753 2271 pl.
775 2219 816 2257 et
835 2216 1005 2257 inimico
1026 2217 1196 2259 consule
1215 2218 1464 2273 designato?

129 2272 380 2315 Percussisti
420 2277 558 2315 autem
593 2289 660 2316 me
693 2275 818 2315 etiam
851 2274 899 2315 de
933 2275 1123 2317 oratione
1155 2276 1329 2330 prolata.
1387 2277 1465 2319 Cui
1492 2290 1511 2319 2
