1665 2553
205 86 292 126 410
630 84 678 118 M.
707 83 847 117 TULLI
873 82 1120 118 CICERONIS

209 181 243 221 si
274 180 355 221 tibi
380 179 604 232 videbitur,
636 178 816 220 mittam.
867 178 977 228 Quid
1002 181 1145 219 autem
1172 178 1413 232 dubitarim,
1445 192 1539 219 cum

208 239 349 280 videro
382 241 435 291 te,
470 238 584 279 scies.

295 297 543 338 Attributos
570 296 682 350 quod
708 295 906 351 appellas,
930 295 1050 336 valde
1074 295 1220 349 probo.
1271 295 1329 336 Te
1354 296 1403 336 de
1428 310 1543 350 prae-

210 357 278 397 dio
320 355 448 397 Oviae
492 355 673 396 exerceri
716 354 893 395 moleste
937 355 1036 394 fero.
1111 353 1173 394 De
1220 353 1354 395 Bruto
1395 357 1541 395 nostro

208 415 495 468 perodiosum,
534 413 604 454 sed
642 414 729 454 Vita
766 413 859 453 fert.
921 413 1119 454 Mulieres
1158 415 1300 453 autem
1337 413 1407 453 vix
1439 413 1542 453 satis
1582 429 1597 454 5

207 474 401 526 humane,
434 487 539 526 quae
570 472 716 525 iniquo
743 472 883 512 animo
910 472 1058 525 ferant,
1089 485 1184 512 oum
1210 472 1256 512 in
1281 473 1459 525 utraque
1487 471 1544 511 of-

208 532 302 573 ficio
341 534 496 585 pareat.
560 531 747 571 Tullium
786 530 966 571 scribam
1004 529 1112 570 nihil
1149 530 1230 570 fuit
1263 530 1376 583 quod
1408 530 1544 583 appel-

208 591 334 644 lares,
364 605 463 631 nam
493 590 586 630 tibi.
606 590 882 642 mandassem,
915 589 950 629 si
982 589 1143 629 fuisset.
1193 588 1315 629 Nihil
1346 589 1457 630 enim
1484 591 1547 629 est

209 649 319 703 apud
352 664 448 689 eum
481 649 670 702 positum
697 648 866 688 nomine
892 647 994 702 voti,
1027 647 1097 687 sed
1124 649 1187 687 est
1214 647 1411 700 quiddam
1438 647 1547 700 apud

208 708 329 749 illum
368 722 517 748 meum.
568 706 617 747 Id
643 720 720 761 ego
747 707 791 747 in
816 706 922 747 hane
947 721 1035 747 rem
1063 705 1194 746 statui
1219 706 1417 746 conferre.
1466 704 1548 746 Ita·
1566 723 1600 747 10

212 782 290 820 que
323 769 364 807 et
397 780 474 821 ego
506 768 617 806 reete
650 766 729 806 tibi
763 765 860 818 dixi,
892 765 965 805 ubi
999 767 1117 818 esset,
1149 767 1190 805 et
1222 764 1302 804 tibi
1334 764 1405 805 ille
1436 767 1548 805 reete

210 825 391 880 negavit.
455 824 535 866 Sed
572 823 653 865 1106
693 838 859 878 quoque
891 824 1030 877 ipsum
1063 823 1263 864 continuo
1296 823 1546 864 adoriamur.

212 884 373 925 Lucum
404 883 650 924 hominibus
681 897 768 923 non
799 896 896 923 sane
928 882 1074 936 probo,
1106 881 1218 935 quod
1245 884 1308 922 est
1335 881 1549 936 desertior,

211 943 281 983 sed
312 942 440 983 habet
473 942 689 995 εὐλογιαν.
738 941 898 982 Veium
929 940 1009 981 1106
1041 955 1220 995 quoque,
1251 943 1298 980 ut
1324 941 1547 995 censueris,

212 1002 367 1055 quippe
412 1001 485 1055 qui
523 1000 674 1041 omnia.
737 1000 851 1054 Ego,
892 1001 939 1039 ut
978 999 1197 1053 constitui,
1238 999 1380 1052 adero,
1421 1001 1546 1052 atque
1567 1015 1601 1041 15

212 1060 374 1101 utinam
406 1062 454 1100 tu
487 1074 654 1113 quoque
687 1058 831 1099 eodem
863 1058 945 1098 die!
991 1057 1065 1099 Sin
1092 1058 1193 1111 quid
1225 1057 1379 1113 (multa
1405 1056 1547 1122 enim),

212 1119 359 1172 utique
397 1118 612 1172 postridie.
674 1117 846 1158 Etenim
886 1116 1159 1169 coheredes†
1197 1131 1219 1156 a
1258 1116 1351 1169 quis
1385 1131 1473 1157 sme
1505 1118 1547 1156 te

213 1177 394 1231 opprimi
432 1176 586 1217 militia
629 1179 702 1216 est.
764 1174 924 1215 Alteris
956 1176 1041 1215 iam
1072 1174 1227 1215 litteris
1258 1174 1367 1214 nihil
1399 1175 1448 1215 ad
1480 1189 1547 1215 me

212 1238 258 1277 de
289 1236 442 1275 Attica.
506 1234 587 1275 Sed
626 1234 665 1274 id
706 1233 873 1287 quidem
906 1233 951 1273 in
983 1233 1143 1286 optima
1175 1247 1247 1286 spe
1279 1247 1409 1287 pono,
1442 1233 1545 1273 illud

212 1309 358 1335 accuso
390 1308 476 1333 non
507 1296 566 1346 te,
605 1293 675 1332 sed
706 1292 835 1346 illam,
873 1306 925 1332 ne
958 1291 1135 1331 salutem
1168 1291 1346 1344 quidem.
1408 1290 1466 1331 At
1498 1294 1546 1332 tu
1565 1309 1600 1333 20

212 1356 253 1393 et
290 1353 353 1393 illi
392 1355 432 1392 et
463 1351 595 1391 Piliae
626 1350 872 1405 plurimam,
912 1364 987 1390 1166
1017 1365 1083 1390 1116
1115 1352 1258 1390 tamen
1290 1350 1412 1390 irasci
1443 1350 1547 1390 indi-

214 1411 331 1452 caris.
395 1409 636 1464 Epistulam
670 1408 862 1449 Caesaris
895 1409 1003 1462 misi,
1035 1408 1070 1449 si
1100 1408 1241 1449 minus
1272 1408 1458 1463 legisses.

803 1524 960 1567 XXIII.

407 1607 480 1642 Ser.
502 1608 542 1641 z'fn
572 1607 776 1641 Tusculano
808 1606 866 1640 VI
886 1606 942 1639 Jd.
967 1605 1087 1650 Quint.
1110 1617 1142 1639 a.
1165 1608 1236 1640 709
1262 1608 1351 1649 (45).

613 1688 802 1722 CICERO
827 1687 1017 1722 ATTICO
1043 1687 1151 1721 SAL.

300 1761 658 1802 Antemeridianis
699 1760 784 1800 tuis
824 1760 979 1800 litteris
1020 1759 1111 1800 heri
1150 1759 1294 1799 statim
1332 1759 1545 1814 rescripsi3

213 1835 323 1861 1111116
369 1819 600 1874 respondeo
642 1818 905 1871 vespertinis.
971 1817 1129 1858 Brutus
1169 1818 1337 1858 mallem
1378 1832 1444 1858 me
1485 1833 1545 1858 ar-

215 1881 403 1920 cesseret.
466 1878 524 1918 Et
565 1877 740 1931 aequius
783 1879 888 1929 erat,
933 1891 1027 1917 oum
1071 1876 1134 1916 illi
1173 1876 1254 1916 iter
1295 1876 1472 1916 instaret
1504 1879 1545 1917 et

215 1938 402 1978 subitum
436 1939 477 1977 et
508 1937 696 1990 longum,
729 1938 769 1975 et
794 1910 1029 1975 melieieule
1055 1949 1177 1987 nunc,
1208 1948 1301 1974 611111
1327 1935 1387 1975 ita
1413 1935 1543 1975 simus

215 1996 378 2051 rdfeeti,
409 1998 457 2035 ut
487 2009 573 2036 non
604 1994 817 2059 possimus
848 1994 971 2046 plane
997 1993 1123 2033 simul
1148 1993 1285 2033 vivere
1312 1992 1543 2047 (intellegis
1564 2009 1598 2034 30

215 2055 325 2095 enim
362 2031 568 2108 profecto,
609 2053 653 2093 in
686 2067 767 2106 quo
800 2052 982 2092 maxime
1013 2051 1153 2105 posita
1186 2051 1240 2091 sit
1274 2050 1545 2106 συμβιωσις),

214 2113 333 2153 freile
373 2112 564 2165 patiebar
603 2125 682 2152 nos
720 2110 863 2164 potius
900 2109 1059 2150 Romae
1096 2124 1180 2149 una
1221 2123 1310 2150 esse
1344 2124 1470 2163 quam
1501 2110 1545 2150 111

214 2171 462 2211 Tusculano.

302 2229 419 2269 Libri
463 2229 513 2269 ad
553 2227 788 2268 Varronem
829 2241 915 2267 non
955 2227 1248 2280 morabantur,
1293 2228 1392 2267 sunt
1432 2226 1543 2266 enim

215 2287 384 2340 detexti,
424 2290 471 2327 ut
503 2287 665 2341 vidisti,
708 2288 874 2326 tantum
907 2285 1179 2326 librariorum
1209 2285 1359 2325 menda
1390 2284 1543 2325 tollun-
1564 2300 1596 2325 35

1565 1648 1598 1673 25
