1665 2553
287 54 627 90 EPISTULARUM
652 54 717 88 AD
745 52 961 87 ATTIOUM
987 53 1019 86 X
1046 55 1194 87 13—15.
1302 51 1385 91 317

44 153 246 194 diuturna
282 151 454 192 miseria
489 165 579 191 non
615 149 839 190 exaruisse.
902 148 1010 189 Mihi
1049 148 1219 201 quidem
1258 147 1387 187 etiam

45 211 258 265 lippitudo
299 210 419 265 haec,
457 211 632 263 propter
671 223 797 262 quam
837 222 926 248 non
956 207 1046 260 ipse
1079 206 1131 247 ad
1161 208 1203 246 te
1237 205 1389 260 scribo,

48 271 137 311 sine
175 269 264 310 ulla
299 268 473 309 lacrima
512 271 593 322 est,
633 267 704 308 sed
743 266 909 320 saepius
943 265 1087 306 odiosa
1119 267 1183 305 est
1215 266 1389 318 propter

47 328 228 383 vigilias.
290 327 426 376 Quam
458 327 510 368 ob
544 341 652 379 rem,
695 325 895 379 quicquid
925 324 1057 365 habes
1090 323 1140 364 ad
1172 323 1388 364 consolan-

14 387 166 441 adum,
206 386 358 441 collige
397 388 438 427 et
475 385 549 426 illa
582 385 716 425 scribe
747 399 835 425 non
867 398 916 424 ex
949 382 1140 424 doctrina
1170 396 1306 435 neque
1339 395 1388 421 ex

25 441 170 509 jlibris
203 443 319 500 (nam
350 444 393 485 id
425 444 596 498 quidem
628 443 742 484 domi
774 445 851 498 est,
882 441 954 483 sed
984 442 1126 482 nescio
1154 455 1237 494 quo
1264 439 1388 481 modo

49 504 301 546 imbecillior
339 506 402 544 est
439 502 645 543 medicina
687 517 812 556 quam
850 499 1065 555 morbus),
1101 500 1205 540 haec
1245 499 1389 553 potius

51 563 250 617 conquire
283 562 332 603 de
362 561 597 617 Hispaniis,
629 560 678 601 de
711 559 919 613 Massilia3
951 574 1058 613 quae
1091 558 1259 612 quidem
1286 557 1389 598 satis

0 646 1 672 2
50 622 162 663 bella
195 620 365 662 Servius
404 620 556 674 adfert3
599 620 671 673 qui
713 620 840 660 etiam
873 619 922 658 de
954 618 1116 658 duabus
1149 616 1390 672 legionibus

51 681 288 722 luculentos
321 682 514 720 auctores
542 693 632 719 esse
659 678 834 718 dicebat.
885 676 1001 718 Haec
1028 676 1172 731 igitur,
1206 676 1242 716 si
1266 675 1391 716 habe-

52 740 132 794 bis,
166 742 208 779 et
238 739 351 779 talia.
413 738 472 778 Et
505 737 674 791 quidem
704 736 849 791 paucis
884 736 1031 776 diebus
1064 734 1224 788 aliquid
1256 733 1392 775 audiri

52 812 219 839 necesse
250 800 326 838 est.

144 856 225 897 Sed
255 856 379 897 redeo
411 855 462 895 ad
495 854 697 897 Servium.
748 853 1005 894 Distulimus
1039 853 1211 893 omnino
1239 865 1393 892 sermo-

53 930 151 956 nem
182 915 227 955 in
258 917 488 968 posterum,
530 914 602 955 sed
632 912 780 954 tardus
813 913 864 953 ad
897 911 1134 952 exeundum
1167 910 1316 951 ‘multo
1350 923 1393 950 se

9 998 11 1004 ‹
55 975 100 1015 in
137 988 213 1014 suo
251 973 406 1014 lectulo
445 973 588 1027 malle,
627 971 826 1026 quicquid
865 971 1003 1011 foret’.
1066 969 1247 1010 Odiosus
1282 982 1394 1008 scru-

56 1032 181 1087 pulus
220 1032 269 1072 de
311 1032 389 1072 filii
419 1031 574 1072 militia
606 1030 871 1071 Brundisina.
933 1028 1077 1070 Unum
1107 1028 1213 1069 illud
1243 1027 1394 1067 firmis-

58 1092 161 1132 sime
188 1090 473 1145 adseverabat,
499 1090 535 1130 si
560 1088 746 1130 damnati
772 1089 1109 1142 restituerentur,
1128 1087 1173 1127 in
1198 1086 1394 1127 exsilium

58 1165 102 1191 se
145 1150 316 1190 iturum.
377 1148 469 1189 Nos
515 1151 656 1189 autem
695 1148 746 1188 ad
785 1147 887 1187 haec
925 1147 983 1187 ‘et
1019 1147 1066 1187 id
1100 1146 1242 1199 ipsum
1279 1146 1393 1185 certo

57 1209 147 1249 fore
180 1211 238 1262 et,
276 1223 382 1261 quae
414 1208 499 1248 iam
530 1207 690 1260 fierent,
721 1220 807 1246 non
839 1220 928 1246 esse
959 1205 1146 1258 leviom’,
1176 1203 1393 1256 multaque

59 1267 372 1321 colligebamus.
434 1265 595 1306 Verum
627 1280 674 1306 ea
709 1279 795 1305 non
828 1265 1015 1305 animum
1048 1263 1138 1304 eius
1171 1262 1395 1316 augebant,

60 1326 132 1367 sed
168 1326 381 1379 timorem,
418 1327 466 1365 ut
503 1324 587 1364 iam
625 1324 821 1364 celandus
863 1323 998 1376 magis
1040 1322 1089 1362 de
1120 1324 1268 1362 nostro
1302 1335 1396 1361 con-

61 1384 156 1425 silio
195 1399 319 1437 quam
359 1383 617 1424 adhibendus
657 1382 877 1423 videretur.
941 1381 1076 1429 Quare
1115 1380 1159 1420 in
1198 1380 1279 1420 hoc
1309 1393 1397 1419 non

59 1442 243 1542 &ultum
288 1444 363 1482 est.
429 1440 520 1482 Nos
565 1456 589 1482 a
632 1444 674 1481 te
718 1440 923 1481 admoniti
967 1440 1015 1480 de
1054 1438 1196 1480 Caelio
1241 1438 1397 1492 cogita-

91 1515 211 1541 nnus.

719 1615 810 1656 XV.

301 1697 375 1732 Ser.
394 1698 434 1731 in
463 1696 624 1731 Cumano
650 1696 713 1729 IV
733 1696 789 1729 Id.
810 1695 904 1729 Mai.
923 1707 956 1729 a.
976 1697 1045 1729 705
1073 1696 1164 1738 (49).

467 1777 656 1812 CICERO
681 1777 873 1811 ATTICO
898 1776 1006 1811 SAL.

154 1851 323 1892 Servius
350 1865 444 1891 cum
478 1852 587 1890 esset
620 1849 730 1902 apud
761 1863 838 1903 me,
871 1846 1073 1901 Cephalio
1101 1861 1196 1887 cum
1222 1846 1307 1886 tuis
1334 1846 1400 1886 lit-

65 1909 168 1949 teris
199 1921 247 1949 V1
278 1909 377 1949 Idus
409 1909 540 1962 venit3
582 1922 688 1961 quae
719 1907 843 1948 nobis
875 1920 1072 1961 magnam
1104 1919 1221 1959 spem
1252 1904 1401 1945 attule-

66 1969 168 2007 runt
198 1967 421 2008 meliorum
452 1981 595 2007 rerum
627 1966 676 2006 de
703 1968 797 2006 octo
824 1965 1080 2006 cohortibus.
1131 1963 1302 2004 Etenim
1329 1977 1400 2004 eae

69 2040 249 2079 quoque,
280 2040 385 2079 quae
416 2025 461 2065 in
491 2025 557 2065 his
589 2024 694 2065 locis
728 2026 837 2077 sunt,
868 2023 1012 2064 labare
1044 2023 1251 2062 dicuntur.
1320 2021 1402 2061 Eo-

68 2084 161 2124 dem
201 2083 266 2123 die
297 2083 580 2124 Funisulanus
624 2098 646 2123 a
687 2086 729 2123 te
768 2082 914 2123 attulit
946 2082 1112 2122 litteras
1123 2116 1132 2136 ,
1170 2080 1216 2120 111
1248 2079 1402 2133 quibus

69 2145 158 2183 erat
199 2141 487 2182 confirmatius
531 2142 641 2182 idem
678 2141 794 2181 illud.
855 2140 909 2180 Ei
950 2140 999 2180 de
1031 2154 1107 2180 suo
1138 2138 1311 2192 negotio
1343 2152 1403 2178 re-

70 2200 220 2254 spondi
262 2200 470 2240 cumulate
511 2214 605 2240 eum
647 2199 762 2239 omni
802 2201 876 2238 tua
920 2198 1066 2252 gratia.
1130 2196 1280 2237 Adhuc
1315 2210 1403 2236 non

17 2284 19 2290 ν
70 2259 173 2299 satis
206 2258 403 2312 faciebat3
448 2257 570 2298 debet
602 2260 743 2298 autem
774 2257 880 2297 mihi
912 2256 1069 2296 multos
1101 2269 1296 2296 nummos
1328 2269 1403 2295 nec

1415 334 1434 362 m
