1665 2553
195 1639 213 1666 Ν)

193 2276 212 2304 3

241 69 328 110 480
682 70 730 105 Μ.
758 69 897 104 TULL1
923 69 1171 105 CICERONIS

242 165 295 205 in
324 165 476 205 fidem
508 167 643 206 tuam
676 180 698 205 a
730 179 906 219 meque
939 165 1090 206 etiam
1124 168 1274 219 atque
1300 166 1453 206 etiam
1478 165 1577 206 tibi

243 224 634 264 commendatam
679 224 998 265 auctoritate
1039 226 1087 265 et
1125 224 1315 264 auxilio
1353 227 1439 264 tuo
1478 226 1576 265 tec-

242 284 341 322 tam
387 282 515 322 velis
557 296 674 322 esse.
742 280 876 322 Satis
919 282 1016 322 erit
1056 282 1107 322 in
1146 285 1443 336 perpetuum
1484 282 1576 323 Bu-

242 340 455 381 throtiis
488 340 752 395 praesidii,
782 354 1062 394 magnaque
1093 355 1209 381 cura
1240 343 1290 381 et
1323 341 1576 381 sollicitu-

244 398 359 439 dine
396 398 626 439 Atticum
663 402 710 439 et
747 413 819 439 me
856 399 1114 454 liberaris,
1156 399 1196 439 si
1233 399 1327 439 hoc
1366 398 1575 440 honoris
1614 416 1629 442 5

242 458 335 498 mei
377 472 524 498 causa
568 458 869 511 susceperis,
910 460 964 498 ut
1001 472 1082 498 eos
1122 472 1314 511 semper
1352 472 1376 498 a
1412 460 1460 498 te
1499 457 1576 498 de-

243 516 413 556 fensos
458 516 597 556 velis.
670 515 809 564 Quod
852 518 906 556 ut
946 516 1123 570 facias,
1166 519 1213 556 te
1256 515 1576 557 vehementer

244 575 394 615 etiam
432 576 582 627 atque
620 574 774 615 etiam
812 574 960 629 rog0.’

331 632 410 673 His
450 629 605 673 litteris
651 632 819 686 scriptis
863 647 928 673 me
967 632 1017 673 ad
1056 632 1279 682 συντάξεις
1317 632 1427 685 dedi3
1471 646 1577 686 quae
1664 682 1665 688 ἵ

244 691 412 745 quidem
455 706 601 732 vereor
642 705 694 731 ne
738 691 914 731 miniata
951 691 1090 732 cerula
1127 694 1200 731 tua
1239 691 1433 745 pluribus
1471 691 1575 731 locis
1596 709 1629 734 ιο

242 750 450 791 notandae
496 750 592 790 sint.
654 751 720 790 Ita
759 764 851 790 sum
888 748 1099 804 μετέωρος
1138 752 1179 790 et
1216 749 1381 803 magnis
1419 749 1576 804 cogita-

242 809 432 850 tionibus
464 808 702 862 impeditus.

862 924 954 966 xv.

530 1005 604 1039 Scr.
626 1006 665 1039 in
691 1005 838 1039 Antiati
862 1005 919 1040 Id.
940 1006 1023 1039 Iun.
1047 1017 1079 1040 α.
1103 1009 1173 1040 710
1201 1008 1286 1049 (44).

643 1086 831 1121 CICERO
856 1086 1047 1121 ATTICO
1073 1087 1178 1121 SAL.
1594 1094 1627 1120 15

331 1158 374 1199 L.
402 1158 591 1199 Antonio
618 1158 725 1198 male
752 1158 818 1211 sit,
852 1158 887 1198 si
914 1158 1081 1211 quidem
1106 1158 1345 1199 Buthrotiis
1371 1158 1574 1200 molestus

243 1219 324 1257 est!
369 1217 463 1270 Ego
490 1216 784 1256 testimonium
810 1217 1040 1271 composui,
1072 1217 1195 1270 quod,
1227 1231 1320 1257 cum
1346 1217 1472 1271 voles,
1505 1217 1574 1258 ob-

242 1275 490 1329 signabitur.
547 1273 755 1315 Nummos
787 1274 1071 1329 Arpinatium,
1103 1275 1138 1315 si
1170 1274 1214 1315 L.
1241 1274 1394 1315 Fadius
1427 1276 1572 1316 aedilis

242 1337 373 1387 petet,
417 1333 483 1373 vel
528 1347 670 1373 omnes
715 1332 888 1373 reddito.
956 1332 1051 1387 Ego
1093 1333 1144 1373 ad
1184 1335 1225 1373 te
1270 1334 1351 1374 alia
1392 1334 1573 1387 epistula

242 1392 391 1445 scripsi
432 1392 478 1431 (Ie
520 1390 592 1431 HS
630 1393 707 1445 cri,
747 1405 852 1444 quae
892 1390 1028 1431 Statio
1071 1394 1327 1432 curarentur.
1391 1391 1435 1432 Si
1473 1406 1571 1447 ergo
1592 1410 1625 1434 20

241 1453 356 1504 petet
394 1449 571 1503 Fadius,
611 1449 647 1489 ei
688 1449 784 1489 volo
822 1449 957 1503 reddi,
994 1452 1159 1503 praeter
1190 1449 1367 1490 Fadium
1402 1451 1571 1491 nemini.

241 1508 366 1562 Apud
398 1523 463 1549 me
494 1509 523 1560 †
546 1508 648 1548 item
680 1510 783 1561 puto
816 1508 1064 1561 depositum.
1126 1508 1175 1548 Id
1206 1509 1355 1562 scripsi
1387 1509 1438 1549 ad
1468 1509 1572 1550 Ero-

241 1570 325 1608 tem
358 1570 404 1607 ut
436 1566 635 1607 redderet.

329 1625 537 1680 Reginam
570 1625 648 1665 odi.
698 1624 747 1664 Id
777 1639 843 1665 me
874 1624 964 1665 iure
995 1625 1129 1666 facere
1163 1625 1241 1666 scit
1274 1640 1454 1679 sponsor
1478 1640 1572 1679 pro-

240 1684 468 1724 missorum
506 1684 593 1724 eius
632 1683 901 1738 Ammonius,
940 1697 1045 1736 quae
1084 1684 1253 1737 quidem
1292 1687 1410 1724 erant
1448 1686 1572 1738 φιλό-
1590 1701 1623 1726 25

241 1746 348 1795 λογα
391 1746 432 1782 et
476 1741 696 1795 dignitatis
740 1756 873 1796 meae,
916 1745 964 1781 ut
1008 1742 1073 1782 vel
1115 1742 1159 1782 in
1200 1743 1394 1782 contione
1437 1742 1570 1783 dicere

241 1801 444 1841 auderem.
509 1799 641 1840 Saran
682 1803 843 1853 autem,
883 1803 1177 1854 praeterquam
1216 1800 1327 1854 quod
1363 1801 1570 1841 nefarium

239 1859 466 1913 hominem,
491 1858 670 1912 cognovi
695 1860 910 1912 praeterea
934 1858 979 1898 in
1004 1874 1069 1899 me
1096 1861 1391 1899 contumacem.
1435 1858 1571 1900 Semel

241 1932 335 1957 eum
368 1917 539 1957 omnino
573 1917 685 1956 domi
716 1931 831 1957 meae
857 1917 954 1957 vidi.
1006 1915 1111 1957 Cum
1138 1918 1420 1971 φιλοφρόνως
1445 1932 1496 1957 ex
1521 1931 1568 1958 eo

240 1990 493 2030 quaererem,
526 1975 626 2028 quid
651 1989 756 2028 opus
783 1978 905 2027 esset,
937 1974 1128 2015 Atticum
1156 1990 1198 2016 se
1226 1975 1332 2016 dixit
1360 1990 1567 2028 quaerere.
1589 1992 1622 2017 30

239 2033 488 2087 Superbiam
529 2036 669 2074 autem
700 2033 832 2086 ipsius
864 2034 1051 2087 reginae,
1088 2048 1182 2074 cum
1214 2036 1322 2074 esset
1354 2037 1470 2074 trans
1502 2033 1568 2074 Ti-

238 2092 371 2132 berim
403 2092 448 2132 in
477 2092 626 2146 hortis,
658 2106 982 2132 commemorare
1015 2092 1104 2132 sine
1134 2105 1286 2146 magno
1315 2092 1458 2132 dolore
1482 2106 1568 2132 non

239 2165 421 2202 possum.
479 2149 600 2190 Nihil
631 2150 764 2203 igitur
796 2164 889 2190 cum
921 2150 1033 2204 istis3
1064 2164 1139 2191 nec
1171 2153 1258 2191 tam
1290 2150 1477 2190 animum
1502 2164 1568 2190 me

240 2222 365 2260 quam
397 2208 658 2249 stomachum
689 2208 843 2248 habere
875 2208 1144 2249 arbitrantur.

326 2266 634 2307 Profectionem
674 2281 825 2320 meam,
862 2269 910 2306 ut
947 2266 1084 2321 video,
1121 2266 1266 2307 Erotis
1305 2265 1564 2320 dispensatio
1585 2281 1618 2307 35
