1665 2553
200 108 365 143 LXXXJ]
624 106 904 141 ADNOTATIO
931 105 1118 140 CRITICA

201 215 232 238 v.
254 202 293 237 O.
314 202 354 236 E.
377 200 543 235 Schmidt
571 200 658 234 ‘Der
682 199 844 234 Briefw.’
872 212 907 244 p.
930 203 1007 242 163,
1034 199 1097 234 IV
1113 200 1161 233 K.
1177 199 1267 243 Apr.
1282 198 1419 242 Baiter,
1445 199 1539 234 inter

208 250 267 283 VI
281 250 329 283 K.
351 253 382 283 et
400 249 475 282 ΙΙΙ
488 248 584 282 Non.
607 246 791 290 Wesenb„
818 247 952 281 March
976 249 1025 280 29
1049 246 1150 290 Tyrr.
1167 256 1221 290 ep.
1239 249 1316 281 376.
1343 267 1388 271 —
1414 249 1457 279 32
1483 257 1538 280 ve-

202 297 378 331 niremus
402 295 562 338 Manut.,
588 293 773 337 Wesenb,
805 293 909 335 Boot,
936 293 1087 337 Madvig
1112 293 1251 327 Adwss
1268 305 1303 337 p.
1320 296 1398 335 238,
1425 292 1538 336 Tyn„

206 343 401 378 venerimus
433 342 550 384 codd.,
575 341 679 375 Boot.
723 343 734 384 ΙΙ
776 340 822 374 P.
849 339 940 374 289.
968 343 1011 373 14
1043 339 1137 383 ἥρως
1168 340 1292 384 (heros)
1326 339 1423 374 Celei·
1446 339 1539 373 Leh-

202 400 314 423 mann
339 390 416 424 Att.
436 401 472 433 p.
494 392 560 422 202
576 399 645 431 sq.,
676 388 776 422 heros
803 386 838 421 C.
867 397 922 430 ep.
945 386 1007 421 sel.
1028 386 1079 420 HI
1100 391 1141 420 16
1174 397 1247 420 non
1278 387 1539 430 interpretans,

204 437 323 479 credo,
349 435 615 479 nequissimum
641 445 720 468 esse
746 434 874 476 heroa,
907 433 1006 476 quod
1030 433 1109 467 vult
1134 433 1172 468 O.
1194 433 1233 468 E.
1256 433 1423 467 Schmidt
1446 445 1538 468 mus

203 484 319 518 Rhen.
336 486 423 517 1897
444 495 479 526 p.
497 486 574 525 159,
601 482 666 515 sed
691 492 800 524 quem
825 480 873 513 ad
898 480 1048 513 modum
1065 493 1100 525 p.
1122 483 1176 515 28.
1198 484 1239 513 31
1268 479 1369 522 Cato,
1397 483 1474 514 207.
1496 483 1540 513 33

205 530 408 572 Labienus,
441 529 589 573 saepius
616 528 782 562 Caesaris
810 527 1064 561 interfectores
1090 529 1266 561 vocantur
1290 527 1431 570 heroes,
1458 526 1481 561 i.
1510 537 1539 561 e.

205 577 321 611 divini
345 576 529 619 homines,
563 586 745 618 nusquam
772 574 889 608 aliter.
936 573 1047 608 Codd.
1074 574 1215 608 habent
1239 574 1315 607 fere
1341 585 1416 608 eros
1441 574 1540 616 celer,

204 624 242 658 M
279 635 337 658 ero
371 623 507 664 sceleri,
548 622 586 656 in
629 633 700 664 quo
736 621 940 655 Schmidtio
972 620 1033 655 l.l.
1068 622 1104 654 et
1139 620 1225 654 ‘Der
1260 620 1537 654 Brieswechsel⁷

204 684 238 715 p.
262 674 327 704 163
349 682 400 713 sq.
424 672 564 703 certum
581 668 733 702 'videtur
758 668 874 701 latere
901 679 981 701 erus
999 668 1148 709 sceleris,
1174 667 1196 702 i.
1220 678 1249 702 e.
1270 666 1414 701 Caesar.
1457 667 1542 701 ‘Die

204 717 464 760 Bezeichnung
496 715 648 750 Caesars
682 715 736 748 als
776 715 838 748 des
870 714 1084 748 Hausherrn
1115 714 1205 748 iiber
1238 713 1297 748 ein
1327 714 1541 748 ver-breche-

204 764 342 798 risches
383 763 571 805 Gesinde’,
609 762 747 805 inquit,
788 761 1010 805 ‘entspricht
1052 771 1145 805 ganz
1191 761 1254 794 der
1290 760 1543 805 Anschauung

206 811 360 846 Ciceros.
421 810 494 844 Der
531 808 726 843 Ausdruck
762 808 872 842 kehrt
909 808 947 841 in
990 808 1181 842 ‘ahnlicher
1217 807 1543 852 Verstu'mmelung

206 858 343 892 wieder
368 856 400 890 X
420 861 450 891 5.
474 857 507 890 2’
537 856 679 890 scilicet
710 855 748 888 in
775 855 957 889 Schmidti
982 854 1075 888 libro
1101 867 1136 899 p.
1165 858 1242 897 171,
1270 854 1362 888 alibi
1386 864 1544 897 usquam

206 917 303 940 erum
324 904 463 937 dictum
484 914 563 937 esse
582 902 788 946 principem
808 904 873 935 aut
886 902 1106 945 magistrum
1118 902 1258 945 ignoro,
1276 901 1442 936 ‘sceleris'
1458 911 1543 935 vero

208 952 316 986 ‘erus’
338 950 461 984 nescio
483 950 572 993 quid
591 949 790 993 praecipue
815 948 985 982 mirabile
1005 948 1096 982 mihi
1116 948 1262 982 videtur
1280 948 1428 991 habere,
1449 948 1472 992 †
1485 958 1544 983 ero

205 999 327 1034 sceleri
351 997 493 1040 Baiter,
520 997 629 1039 Boot,
655 995 808 1039 Tyrrell,
835 996 931 1029 Eros
959 995 1088 1029 Celeris
1114 994 1273 1037 Corrad,
1299 994 1471 1029 Wesenb.
1499 1015 1543 1020 —

210 1049 252 1079 16
282 1045 391 1087 Tulli,
418 1055 490 1078 non
520 1044 636 1078 Titini
661 1042 840 1084 Lambin,
868 1041 1021 1085 Tyr-rell,
1051 1042 1158 1086 Quid,
1185 1042 1285 1075 Servi
1309 1042 1419 1084 filius,
1445 1042 1542 1075 Pon-

206 1093 279 1127 tizis
308 1092 519 1125 Titiiiiaizus
544 1091 584 1123 in
614 1090 670 1124 his
701 1090 827 1123 eastris
857 1090 1007 1131 fuerunt
1032 1087 1103 1122 —.9
1130 1088 1168 1122 Ο.
1190 1088 1230 1122 Ε.
1258 1087 1425 1121 Schmidt
1450 1100 1542 1123 mus.

206 1139 322 1172 Rhen.
345 1141 433 1171 1897
454 1149 489 1181 p.
507 1140 572 1170 160
587 1147 639 1179 sq.
656 1157 700 1160 —
717 1139 757 1169 17
779 1135 848 1170 Sese
867 1136 994 1169 habet
1015 1136 1166 1180 leyioiies
1186 1135 1353 1178 Schuetz,
1373 1135 1477 1169 Boot.
1499 1156 1543 1159 —

208 1189 250 1219 19
265 1186 289 1230 [
288 1185 369 1219 Hoc
381 1185 502 1227 fuerat
517 1183 731 1227 eoetremiim]
743 1182 943 1224 Meutzner,
965 1182 1066 1225 Tyrr.
1087 1203 1131 1206 ——
1152 1186 1194 1215 23
1209 1182 1410 1225 scripseras.
1440 1183 1543 1226 17196-

208 1230 357 1266 inivisti?
388 1230 540 1274 Tyrrell.
562 1251 607 1255 —
628 1234 671 1263 24
686 1230 779 1263 Pedi
792 1229 1009 1263 Norbanum.
1030 1228 1068 1263 O.
1084 1229 1123 1263 E.
1140 1228 1306 1262 Schmidt
1328 1228 1415 1262 ‘Der
1428 1228 1543 1262 Brief-

207 1277 379 1313 wechsel'
400 1290 435 1322 p.
453 1281 531 1319 165,
558 1277 745 1319 Pelaniim,
768 1276 953 1319 pellamini
981 1276 1097 1317 codd..
1124 1276 1313 1316 Pedctnum
1333 1275 1432 1317 Mal..
1460 1275 1542 1310 edd.

208 1347 251 1350 —
268 1329 310 1359 25
325 1325 409 1359 inde
423 1345 466 1349 —
482 1324 660 1368 Eoespecto
674 1323 814 1368 quidem
827 1322 1027 1365 Lehmann,
1039 1323 1143 1356 valde
1156 1326 1314 1366 exspecto
1327 1321 1370 1356 H.
1384 1322 1425 1356 A.
1441 1322 1544 1355 Koch

207 1383 328 1417 progr.
350 1371 447 1406 Port.
471 1374 559 1405 1868
580 1383 614 1414 p.
636 1374 690 1413 27,
718 1370 821 1404 avide
848 1374 1005 1412 eoespeeto
1032 1369 1087 1403 Fr.
1104 1369 1161 1404 W.
1178 1368 1344 1402 Schmidt
1363 1368 1542 1403 Fleckeis.

209 1419 331 1453 annal.
354 1422 443 1452 1874
457 1430 491 1462 p.
508 1421 586 1460 741,
607 1417 699 1451 coni.
714 1417 817 1451 Boot.
851 1415 890 1451 Ο.
906 1416 945 1450 Ε.
962 1416 1130 1450 Schmidt
1147 1416 1233 1449 ‘Der
1248 1415 1408 1449 Briefw.’
1425 1428 1460 1459 p.
1478 1419 1542 1449 167

208 1467 291 1500 inde
305 1466 571 1509 interpretatur
587 1464 645 1498 ‘ex
661 1475 702 1498 eo
718 1464 910 1508 tempore’,
929 1473 1002 1496 non
1017 1463 1216 1496 admodum
1230 1462 1484 1506 probabiliter.
1499 1483 1544 1487 -—

207 1513 258 1548 Ib.
279 1514 507 1556 λαλαγεῦσαν
526 1511 668 1553 Bosius,
693 1510 802 1554 vulg,
829 1511 1088 1544 ΑΛΛΤΕΛΕΑΝ
1115 1509 1164 1553 M,
1197 1521 1279 1543 cum
1305 1520 1410 1543 cruce
1440 1509 1544 1552 Boot,

208 1559 362 1603 Tyri-cll,
390 1556 426 1600 ἐξ
447 1558 585 1592 ἀδύτου
605 1556 782 1601 λέγουσαν
801 1557 900 1601 Bury
919 1556 1108 1591 Hermath.
1134 1556 1157 1589 V
1183 1559 1272 1590 1885
1292 1568 1326 1600 p.
1349 1560 1426 1598 273,
1453 1558 1544 1600 χελι-

208 1605 301 1641 δόνα
327 1608 555 1650 λαλαγεῦσαν
575 1604 667 1638 Ellis
694 1603 825 1638 Philol.
846 1603 926 1636 LIV
944 1616 979 1648 p.
1004 1608 1068 1637 746
1084 1615 1136 1646 sq.
1157 1624 1201 1628 —
1223 1606 1266 1636 26
1292 1603 1427 1636 malim
1451 1602 1547 1636 Boot

208 1653 341 1688 Mnem.
358 1656 448 1686 1890
474 1665 508 1696 p.
531 1655 597 1685 356
625 1654 662 1685 et
688 1654 776 1685 1892
803 1663 837 1695 p.-
861 1654 945 1692 123,
978 1649 1131 1694 Tyrrell,
1164 1650 1298 1683 malum
1329 1649 1385 1682 Μ1
1411 1648 1468 1693 (cf.
1497 1649 1545 1682 ad

207 1712 242 1744 p.
265 1704 342 1734 268.
365 1701 439 1744 21),
472 1699 588 1742 vulg,
624 1699 777 1732 ‘mallem
808 1697 866 1731 vel
897 1698 1001 1732 ‘mede’
1036 1696 1100 1731 ΜΞ.
1151 1696 1194 1731 V.
1223 1696 1271 1729 ad
1296 1695 1359 1731 off.
1378 1699 1507 1740 p.118.
1525 1699 1544 1729 7

209 1747 264 1781 ed.
287 1750 387 1781 1882.
455 1748 466 1788 ΙΙ
532 1746 578 1780 Ρ.
599 1745 689 1779 290.
711 1749 754 1778 20
787 1744 994 1778 ‘Praeclare
1027 1743 1229 1777 Gronovius
1263 1753 1350 1776 corr.
1377 1743 1544 1787 fuyisse-

208 1794 299 1828 mus’
328 1794 422 1827 Boot
453 1792 492 1826 in
525 1792 620 1835 adn,
653 1802 720 1825 nec
753 1791 926 1835 displicet
950 1790 1130 1834 Tyrrellio
1163 1801 1218 1834 ep.
1245 1792 1324 1831 377,
1355 1789 1447 1822 mihi
1472 1800 1546 1823 non

208 1841 343 1884 placet.
387 1843 398 1884 Η
440 1840 486 1874 P.
519 1839 608 1874 292.
642 1842 662 1872 8
689 1844 770 1873 tuas
806 1840 891 1882 post
918 1838 1054 1872 litteras
1085 1836 1259 1870 dubitans
1295 1835 1425 1869 addidi
1463 1847 1547 1870 cum

207 1886 474 1931 Wesenbergio
502 1888 538 1920 et
563 1885 710 1928 Bootio3
742 1895 829 1918 nam
854 1884 970 1918 nihilo
997 1884 1117 1917 minus
1144 1882 1338 1927 probabile
1365 1882 1435 1916 erit
1460 1895 1483 1917 a
1507 1887 1548 1917 te

209 1935 329 1977 accepi
354 1934 506 1976 litteras,
533 1934 570 1967 et
600 1932 757 1966 fortasse
782 1933 911 1965 neutro
939 1942 1029 1974 opus
1062 1932 1119 1964 est
1142 1931 1185 1963 ut
1208 1942 1242 1975 p.
1265 1933 1342 1963 326.
1365 1933 1394 1964 9.
1423 1951 1467 1954 —
1492 1929 1545 1964 Π).

211 1981 305 2015 lectis
332 1982 418 2014 ante
442 1981 619 2024 respiravi
644 1979 727 2013 add.
753 1977 937 2019 Cratand,
963 1977 1142 2019 Lambin,
1169 1976 1213 2009 2¹>
1240 1975 1443 2017 (Lehmann
1468 1976 1545 2011 Att.

209 2039 243 2070 p.
268 2031 321 2069 72,
349 2031 391 2060 99
407 2038 472 2068 ex„
508 2031 573 2060 122
589 2028 670 2070 ex.),
701 2025 891 2066 WVesenb.,
926 2024 1025 2058 intra
1051 2023 1234 2057 cancellos
1260 2023 1370 2065 Boot,
1398 2023 1549 2057 dubitat

212 2072 250 2107 O.
272 2073 312 2107 E.
334 2072 501 2107 Schmidt
531 2073 662 2107 Philol.
692 2075 782 2106 1896
813 2084 848 2115 p.
871 2074 948 2105 709.
1001 2091 1044 2095 —
1097 2073 1138 2103 16
1177 2068 1366 2103 ἀσπουὸεί
1403 2069 1548 2114 Tyrrell

212 2130 266 2163 ep.
289 2123 366 2153 378.
394 2141 438 2144 -
463 2121 513 2155 Ib.
535 2117 788 2165 [ἀπολοίμην]
813 2118 921 2160 Bait,
949 2129 1017 2152 om.
1039 2116 1087 2159 M,
1114 2116 1215 2160 Tyrr.
1244 2137 1288 2141 —
1316 2120 1359 2150 24
1385 2121 1548 2151 senatum

211 2167 305 2201 enim
329 2177 402 2200 ozon
422 2172 511 2210 puto
538 2166 732 2208 Graevius,
759 2165 895 2206 Baiter,
921 2164 1030 2206 Boot,
1058 2163 1217 2207 Tyrrell,
1244 2174 1318 2197 non
1343 2164 1435 2198 enim
1456 2167 1548 2208 puto

212 2212 328 2254 codd,
356 2223 438 2246 cum
457 2224 562 2247 cruce
587 2212 759 2247 Wesenb.
803 2214 814 2254 ΙΙ
856 2212 902 2245 P.
929 2210 1018 2244 293.
1042 2214 1058 2243 1
1088 2211 1249 2243 animum
1275 2221 1389 2244 *meum
1413 2210 1549 2244 detines

212 2259 303 2293 coni.
319 2259 503 2302 Wesenb,
525 2260 564 2295 O.
585 2260 625 2295 Ε.
647 2259 813 2293 Schmidt
833 2257 1011 2291 Fleckeis.
1034 2256 1156 2291 annal.
1181 2259 1269 2290 1896
1283 2269 1318 2301 p.
1335 2260 1413 2299 264,
1434 2267 1548 2290 meum

210 2307 346 2341 detines
366 2306 528 2351 (cletenes)
549 2307 665 2349 codd,
688 2317 770 2340 cum
789 2315 895 2339 cruce
913 2303 1025 2346 Wes.,
1046 2303 1150 2346 Boot,
1171 2315 1223 2338 me
1243 2304 1327 2338 inde
1346 2308 1440 2338 tenes
1452 2303 1548 2346 Bos,
