1665 2553
188 117 241 157 42
245 116 271 157 2
609 115 655 149 Μ.
684 115 825 149 TULLI
851 113 1099 149 CICERONIS

185 211 294 252 nihil
335 210 436 252 novi
481 210 638 265 adfers,
680 210 752 251 sed
789 210 899 251 idem
938 209 1050 264 quod
1088 223 1229 264 saepe,
1264 211 1407 250 tamen
1441 208 1523 250 hoc

187 270 310 312 audio
342 270 546 311 libentius
579 283 662 323 quo
696 269 874 323 saepius,
907 283 1039 322 eoque
1069 268 1174 308 mihi
1199 268 1422 309 iucundius
1448 270 1524 323 est,

188 329 301 383 quod
343 332 392 370 tu
435 343 483 370 eo
527 328 716 383 laetaris,
760 328 1000 382 certiusque
1043 341 1091 368 eo
1137 329 1200 368 est
1261 327 1374 381 quod
1417 341 1441 368 a
1480 329 1523 368 te

188 388 351 429 dicitur.

1206 362 1218 383 >

750 502 968 544 XXXVII.
1562 519 1577 545 5

375 585 449 620 Ser.
471 585 510 618 in
542 584 747 635 Tusculano
771 583 835 618 IV
857 584 953 618 Non.
975 583 1068 618 Seoet.
1090 594 1123 617 a.
1146 585 1168 617 7
1170 586 1218 618 09
1245 585 1335 627 (45).

589 665 780 700 CICERO
804 665 996 700 ATTICO
1020 665 1128 700 SAL.

276 738 365 780 Has
410 738 563 779 alteras
603 738 727 779 hodie
770 737 948 779 litteras.
1015 736 1080 778 De
1122 737 1310 778 Xenonis
1353 736 1525 778 nomine

189 801 230 839 et
268 798 317 838 de
347 797 580 852 Epiroticis
619 807 748 836 XXXX
784 796 893 837 nihil
928 798 1071 850 potest
1108 796 1201 837 fieri
1237 810 1313 837 nec
1345 810 1526 837 commo-

188 856 282 897 dius
311 871 387 897 nec
419 856 571 910 aptius,
603 869 730 909 quam
760 858 809 896 ut
841 855 1002 897 scribis.
1052 854 1100 895 Id
1131 857 1220 895 erat
1247 854 1416 896 locutus
1441 868 1524 895 me·
1544 871 1578 897 ιο

189 930 285 957 cum
317 915 463 956 eodem
494 914 619 955 modo
652 913 811 955 Balbus
840 914 990 955 minor.
1040 912 1163 954 Nihil
1186 913 1287 954 novi
1319 927 1417 954 sane
1441 912 1526 954 nisi

188 974 379 1015 Hirtium
411 988 505 1014 cum
537 972 694 1022 Quinto
727 974 925 1014 acerrime
956 987 1033 1026 pro
1060 987 1126 1014 1116
1151 972 1361 1026 litigasse3
1394 971 1526 1013 omni-

188 1034 268 1074 bus
318 1047 413 1074 eum
459 1032 564 1073 locis
606 1031 744 1072 furere
787 1032 1051 1085 maximeque
1095 1031 1139 1072 in
1182 1031 1387 1072 conviviis
1430 1045 1526 1071 eum

188 1092 324 1133 multa
364 1091 413 1132 de
450 1105 517 1131 me
557 1093 649 1131 tum
687 1091 823 1131 redire
855 1090 905 1131 ad
935 1093 1118 1145 patrem3
1160 1089 1269 1130 nihil
1300 1092 1441 1130 autem
1471 1089 1525 1130 ab

189 1165 238 1191 eo
282 1154 362 1190 tum
407 1149 664 1200 ἀξιοπίστως
707 1149 788 1190 dici
830 1163 956 1203 quam
1000 1149 1281 1190 alienissimos
1318 1162 1396 1189 nos
1435 1162 1525 1189 esse
1545 1164 1578 1190 15

190 1224 213 1249 a
246 1207 438 1262 Caesare3
482 1208 608 1248 fidem
638 1207 763 1248 nobis
796 1207 1034 1248 habendam
1065 1221 1152 1247 non
1183 1221 1293 1262 esse,
1327 1221 1394 1247 me
1424 1221 1523 1247 vero

189 1267 316 1308 etiam
352 1267 581 1307 cavendum
619 1264 832 1321 (φοβερὸν
872 1265 927 1307 ἂν
964 1263 1037 1319 ἦν,
1077 1266 1159 1306 nisi
1197 1265 1381 1306 viderem
1419 1265 1524 1306 scire

188 1339 331 1380 regem
361 1339 426 1365 me
459 1324 588 1365 animi
618 1324 727 1364 nihil
757 1322 945 1378 habere),
978 1323 1222 1365 Ciceronem
1252 1338 1351 1365 vero
1384 1338 1526 1365 meum

189 1384 348 1438 vexari3
400 1383 473 1424 sed
518 1383 563 1423 id
606 1383 775 1436 quidem
815 1383 1024 1423 arbitratu
1064 1397 1151 1424 suo.
1218 1381 1525 1423 Laudationem

188 1442 361 1483 Porciae
409 1441 572 1496 gaudeo
622 1456 689 1482 me
738 1444 835 1482 ante
882 1442 1045 1482 dedisse
1088 1441 1246 1496 Leptae
1289 1441 1524 1495 tabellario,
1544 1458 1578 1483 20

189 1516 315 1555 quam
356 1503 451 1541 tuas
483 1500 713 1553 acceperim
743 1500 921 1540 litteras.
983 1500 1092 1541 Eam
1123 1503 1171 1541 tu
1202 1500 1353 1555 igitur,
1393 1499 1427 1541 si
1458 1513 1525 1540 me

189 1574 317 1614 amas,
348 1559 526 1612 curabis,
560 1559 594 1599 si
626 1558 751 1600 modo
777 1559 983 1612 mittetur,
1015 1559 1098 1600 isto
1123 1559 1248 1600 modo
1274 1558 1526 1600 mittendam

191 1618 382 1659 Domitio
416 1621 457 1658 et
486 1617 632 1658 Bruto.

279 1676 342 1717 De
380 1676 705 1731 gladiatoribus,
742 1675 791 1716 de
829 1676 997 1730 ceteris,
1035 1690 1142 1730 quae
1183 1675 1332 1716 scribis
1370 1674 1526 1729 ἀνεμο-

190 1737 378 1789 φόρητα,
420 1735 547 1776 facies
584 1749 650 1776 me
687 1734 840 1776 cotidie
878 1735 1109 1776 certiorem.
1171 1734 1329 1787 Velim,
1370 1733 1407 1774 si
1443 1733 1525 1774 tibi
1544 1750 1578 1777 25

188 1795 371 1848 videtur,
415 1793 600 1847 appelles
645 1793 827 1834 Balbum
871 1796 912 1834 et
957 1792 1157 1834 Offilium.
1225 1792 1288 1833 De
1332 1791 1525 1833 auctione

188 1853 489 1907 proscribenda
520 1851 713 1905 equidem
743 1852 910 1893 locutus
943 1867 1037 1892 sum
1069 1866 1163 1892 cum
1192 1850 1336 1892 Balbo.
1386 1849 1526 1891 Place-

196 1912 266 1952 bat
299 1909 422 1965 (puto
454 1911 691 1964 conscripta
721 1911 876 1951 habere
907 1909 1098 1951 Offilium
1130 1909 1288 1963 omnia3
1319 1908 1449 1950 habet
1483 1911 1526 1950 et

188 1968 368 2025 Balbus)
408 1969 480 2010 sed
510 1969 644 2010 Balbo
683 1969 875 2023 placebat
914 1969 1202 2023 propinquum
1235 1968 1343 2008 (116111
1371 1970 1412 2008 et
1443 1966 1526 2008 Ro-

189 2043 301 2079 mae3
345 2028 381 2069 si
413 2026 567 2069 Caesar
603 2031 858 2081 moraretur,
901 2042 1024 2081 posse
1054 2028 1100 2068 in
1132 2027 1241 2067 diem
1272 2040 1321 2067 ex
1351 2025 1417 2067 die
1448 2025 1524 2066 dif-
1544 2043 1578 2068 30

188 2087 300 2128 ferri.
363 2084 444 2127 Sed
480 2087 516 2127 is
562 2086 730 2139 quidem
773 2086 916 2127 adesse
958 2085 1136 2127 videtur.
1199 2084 1356 2126 Totum
1392 2084 1525 2139 igitur

190 2144 426 2200 considera3
458 2145 596 2198 placet
628 2145 740 2185 enim
771 2144 983 2186 Vestorio.
