1665 2553
225 84 311 125 512
648 82 695 117 Μ.
723 82 863 117 TULLI
888 82 1137 117 CICERONIS

225 179 448 233 Philippus
475 181 548 219 aut
567 178 791 219 Marcellus
817 180 970 218 movet.
1012 176 1110 218 Alia
1142 177 1254 218 enim
1279 192 1424 219 eorum
1450 177 1561 219 ratio

225 242 284 279 est
314 241 367 292 et,
399 238 435 278 si
464 252 551 278 non
583 239 659 291 est,
689 240 833 277 tamen
862 236 1038 277 videtur.
1097 235 1177 277 Sed
1209 236 1255 276 in
1285 236 1368 277 isto
1401 237 1563 291 iuvene,

227 311 483 350 quamquam
509 295 639 336 animi
665 295 780 349 satis,
812 295 1078 336 auctoritatis
1104 310 1254 348 parum
1280 298 1355 336 est.
1405 295 1564 336 Tamen

226 355 340 409 vide,
381 355 415 395 si
454 355 563 395 forte
602 354 647 394 in
672 353 910 394 Tusculano
943 356 1054 394 recte
1087 368 1177 394 esse
1208 368 1401 407 possum,
1436 368 1489 394 ne
1520 354 1564 394 id

181 426 200 455 3
226 414 377 454 melius
416 413 483 454 sit.
543 412 630 453 Ero
668 412 890 466 libentius3
933 411 1042 453 nihil
1073 412 1182 452 enim
1215 412 1433 466 ignorabo.
1494 411 1565 452 An
1601 430 1617 453 5

225 472 307 527 hic,
338 487 432 513 cum
463 471 678 512 Antonius
710 471 900 512 venerit?

316 531 407 583 Sed,
446 533 494 570 ut
526 530 640 571 aliud
672 544 721 570 ex
754 529 849 584 alio,
879 529 985 569 mihi
1016 543 1102 569 non
1134 531 1199 569 est
1230 528 1416 583 dubium,
1450 529 1565 583 quin,

228 589 339 643 quod
372 588 520 629 Graeci
551 593 769 642 καθῆκον,
807 603 885 629 nos
919 587 1149 628 ‘officium’.
1209 586 1259 627 Id
1291 590 1432 628 autem
1464 587 1564 641 quid

227 648 396 689 dubitas
425 648 527 701 quin
553 647 679 688 etiam
704 647 749 687 in
773 661 862 687 rem
888 646 1101 700 publicam
1127 646 1338 700 praeclare
1358 646 1562 700 quadret?

226 706 379 748 Nonne
417 707 594 747 dicimus
633 706 869 747 ‘consulum
909 705 1113 759 officium,
1155 707 1325 745 senatus
1365 705 1563 759 officium,
1583 721 1617 746 ιο
1663 715 1665 717 ’

226 765 494 819 imperatoris
528 765 759 805 officium'?
801 763 1019 804 Praeclare
1051 763 1267 817 convenit3
1301 766 1373 804 aut
1406 763 1457 803 da
1482 777 1564 804 me-

186 835 207 864 4
226 824 321 865 lius.
383 823 493 864 Male
524 837 670 864 narras
704 823 753 863 de
785 821 967 876 Nepotis
1000 822 1100 862 filio.
1163 821 1296 862 Valde
1327 821 1564 862 mehercule

226 897 400 923 moveor
426 885 467 923 et
493 882 670 922 moleste
696 882 796 922 fero.
848 880 1093 922 Nescieram
1120 880 1290 921 omnino
1319 894 1408 921 esse
1433 881 1565 921 istum

227 956 414 996 puerum.
489 939 714 981 Caninium
758 940 938 994 perdidi,
982 939 1215 993 hominem,
1259 939 1372 992 quod
1410 939 1462 979 ad
1498 953 1564 979 me

228 1001 400 1055 attinet,
436 1014 521 1040 non
559 1000 784 1054 ingratum.
847 998 1169 1039 Athenodorum
1206 997 1315 1038 nihil
1352 999 1415 1038 est
1453 997 1564 1051 quod
1585 1012 1617 1038 15
1664 1023 1665 1060 1

227 1059 405 1099 hortere.
467 1058 587 1098 Misit
629 1058 741 1098 enim
775 1057 877 1098 satis
910 1057 1070 1098 bellum
1101 1057 1346 1110 ὑπόμνημα.
1410 1054 1564 1097 Grave-

228 1117 327 1172 dini,
359 1131 528 1171 quaeso,
560 1117 674 1157 omni
704 1117 868 1157 ratione
901 1115 1090 1156 subveni.
1141 1114 1223 1156 Avi
1255 1115 1319 1155 tui
1351 1129 1562 1168 pronepos

229 1176 374 1216 scribit
406 1176 457 1216 ad
487 1175 621 1229 patris
652 1175 736 1215 mei
766 1177 964 1228 nepotem
997 1189 1040 1214 se
1072 1189 1122 1214 ex
1148 1173 1284 1214 Nonis
1310 1173 1376 1228 iis,
1409 1174 1563 1227 quibus

226 1248 305 1275 nos
337 1248 490 1288 magna
520 1234 746 1288 gessimus,
786 1233 928 1273 aedem
961 1232 1063 1286 Opis
1097 1232 1405 1286 explicaturum
1437 1232 1563 1285 idque

228 1293 279 1333 ad
309 1292 523 1346 populum.
585 1291 761 1332 Videbis
805 1291 938 1345 igitur
977 1293 1018 1331 et
1063 1291 1230 1331 scribes.
1294 1290 1413 1331 Sexti
1458 1290 1562 1330 iudi-
1583 1307 1616 1331 20

228 1352 339 1392 cium
371 1353 577 1404 exspecto.

850 1465 940 1507 XV.

422 1547 495 1582 Ser.
515 1548 556 1581 in
581 1547 757 1590 Arpinati
782 1550 864 1580 ante
897 1546 931 1579 V
950 1546 1006 1580 ΙιΖ,
1027 1546 1112 1580 Dec.
1135 1557 1166 1579 α.
1190 1548 1260 1580 710
1285 1547 1374 1589 (44).

627 1628 817 1663 CICERO
842 1627 1033 1661 ATTICO
1059 1626 1166 1661 SAL.

184 1716 199 1744 1
314 1701 416 1742 Noli
466 1703 614 1754 putare
659 1700 835 1754 pigritia
877 1714 944 1740 me
987 1700 1139 1753 facere,
1188 1698 1300 1752 quod
1342 1712 1428 1738 non
1471 1712 1563 1739 mea
1582 1715 1614 1740 25

226 1775 354 1801 manu
397 1760 595 1813 scribam,
639 1760 711 1799 sed
754 1758 990 1799 mehercule
1033 1757 1218 1811 pigritia.
1286 1755 1409 1797 Nihil
1452 1757 1562 1797 enim

224 1819 359 1859 habeo
399 1818 528 1871 aliud,
567 1818 679 1871 quod
719 1817 863 1857 dicam.
925 1816 982 1857 Et
1022 1819 1164 1856 tamen
1204 1815 1248 1855 in
1278 1815 1364 1855 tuis
1397 1829 1563 1868 quoque

227 1877 417 1931 epistulis
444 1876 613 1917 Alexim
645 1875 787 1916 videor
815 1876 1079 1929 adgnoscere.
1132 1872 1212 1914 Sed
1238 1873 1289 1914 ad
1314 1888 1403 1914 rem
1429 1873 1562 1914 venio.

312 1936 419 1989 Ego,
451 1935 486 1975 si
518 1949 583 1976 me
615 1949 702 1975 non
733 1933 1046 1987 improbissime
1073 1932 1296 1973 Dolabella
1321 1934 1562 1986 tractasset,

226 1994 486 2034 dubitassem
517 1994 708 2048 fortasse,
739 1996 883 2032 utrum
915 1991 1129 2032 remissior
1156 2005 1291 2032 essem
1317 2004 1371 2030 an
1397 2005 1560 2031 summo
1582 2007 1615 2031 30

225 2053 315 2093 iure
347 2052 650 2093 contenderem.
701 2050 825 2091 Nunc
856 2065 954 2091 vero
989 2050 1114 2090 etiam
1148 2050 1308 2104 gaudeo
1335 2049 1440 2089 mihi
1465 2063 1562 2090 cau—

228 2126 316 2152 sam
349 2111 552 2163 oblatam,
589 2110 633 2150 in
665 2124 748 2163 qua
779 2112 820 2149 et
852 2109 941 2162 ipse
974 2109 1130 2149 sentiat
1157 2111 1198 2148 et
1229 2107 1382 2160 reliqui
1415 2121 1560 2148 omnes

227 2185 292 2210 me
337 2170 387 2209 ab
431 2169 505 2209 illo
550 2168 852 2221 abalienatum,
899 2167 1023 2220 idque
1062 2180 1160 2220 prae
1199 2180 1265 2206 me
1301 2166 1434 2206 feram
1471 2166 1562 2219 †et

227 2228 395 2280 quidem
438 2241 504 2268 me
548 2242 672 2268 causa
714 2227 849 2267 facere
894 2229 934 2266 et
983 2225 1043 2265 rei
1089 2225 1299 2278 publicae,
1349 2227 1396 2264 ut
1440 2224 1562 2265 illum

227 2286 402 2340 oderim,
448 2286 577 2341 quod,
621 2300 712 2326 cum
759 2299 850 2325 eam
891 2298 958 2325 me
1003 2286 1173 2324 auctore
1218 2282 1435 2323 defendere
1474 2296 1561 2323 coe·
1582 2297 1615 2323 35
