<?xml version="1.0" encoding="UTF-8"?>
<!DOCTYPE html PUBLIC "-//W3C//DTD XHTML 1.0 Transitional//EN"
    "http://www.w3.org/TR/xhtml1/DTD/xhtml1-transitional.dtd">
<html xmlns="http://www.w3.org/1999/xhtml" xml:lang="en" lang="en">
 <head>
  <title>
</title>
<meta http-equiv="Content-Type" content="text/html;charset=utf-8" />
  <meta name='ocr-system' content='tesseract 3.04.00' />
  <meta name='ocr-capabilities' content='ocr_page ocr_carea ocr_par ocr_line ocrx_word'/>
</head>
<body>
  <div class='ocr_page' id='page_1' title='image "./p2scriptaquaemanse03ciceuoft_0645.png"; bbox 0 0 1665 2553; ppageno 0'>
   <div class='ocr_carea' id='block_1_1' title="bbox 293 89 1449 134">
    <p class='ocr_par' dir='ltr' id='par_1_1' title="bbox 293 89 1449 134">
     <span class='ocr_line' id='line_1_1' title="bbox 293 89 1449 134; baseline -0.003 -8"><span class='ocrx_word' id='word_1_1' title='bbox 293 91 633 127; x_wconf 82' lang='lat' dir='ltr'><strong>EPISTULARUM</strong></span> <span class='ocrx_word' id='word_1_2' title='bbox 659 91 723 125; x_wconf 94' lang='lat' dir='ltr'>AD</span> <span class='ocrx_word' id='word_1_3' title='bbox 749 90 964 125; x_wconf 88' lang='lat' dir='ltr'><strong>ATTICUM</strong></span> <span class='ocrx_word' id='word_1_4' title='bbox 989 90 1074 124; x_wconf 88' lang='lat' dir='ltr'>XIV</span> <span class='ocrx_word' id='word_1_5' title='bbox 1102 94 1143 124; x_wconf 75' lang='lat'>17</span> <span class='ocrx_word' id='word_1_6' title='bbox 1153 90 1195 134; x_wconf 88' lang='lat' dir='ltr'>A,</span> <span class='ocrx_word' id='word_1_7' title='bbox 1223 93 1276 124; x_wconf 86' lang='grc'>18.</span> <span class='ocrx_word' id='word_1_8' title='bbox 1362 89 1449 130; x_wconf 77' lang='grc'>455</span> 
     </span>
    </p>
   </div>
   <div class='ocr_carea' id='block_1_2' title="bbox 63 185 1460 1474">
    <p class='ocr_par' dir='ltr' id='par_1_2' title="bbox 63 185 1460 1474">
     <span class='ocr_line' id='line_1_2' title="bbox 111 185 1448 241; baseline -0.003 -12"><span class='ocrx_word' id='word_1_9' title='bbox 111 191 250 230; x_wconf 89' lang='lat' dir='ltr'>tecum</span> <span class='ocrx_word' id='word_1_10' title='bbox 293 188 383 241; x_wconf 87' lang='lat' dir='ltr'>ipse</span> <span class='ocrx_word' id='word_1_11' title='bbox 422 190 565 229; x_wconf 87' lang='lat' dir='ltr'>certes.</span> <span class='ocrx_word' id='word_1_12' title='bbox 633 186 699 228; x_wconf 89' lang='lat' dir='ltr'>Ne</span> <span class='ocrx_word' id='word_1_13' title='bbox 736 186 835 227; x_wconf 86' lang='lat' dir='ltr'>licet</span> <span class='ocrx_word' id='word_1_14' title='bbox 873 185 1040 240; x_wconf 90' lang='lat' dir='ltr'>quidem</span> <span class='ocrx_word' id='word_1_15' title='bbox 1077 185 1158 226; x_wconf 90' lang='lat' dir='ltr'>tibi</span> <span class='ocrx_word' id='word_1_16' title='bbox 1195 185 1279 226; x_wconf 89' lang='lat' dir='ltr'>iam</span> <span class='ocrx_word' id='word_1_17' title='bbox 1316 185 1448 225; x_wconf 87' lang='lat' dir='ltr'>tantis</span> 
     </span>
     <span class='ocr_line' id='line_1_3' title="bbox 112 243 1451 302; baseline -0.003 -14"><span class='ocrx_word' id='word_1_18' title='bbox 112 248 238 288; x_wconf 89' lang='lat' dir='ltr'>rebus</span> <span class='ocrx_word' id='word_1_19' title='bbox 283 247 414 302; x_wconf 91' lang='lat' dir='ltr'>gestis</span> <span class='ocrx_word' id='word_1_20' title='bbox 459 261 546 287; x_wconf 98' lang='grc'>11011</span> <span class='ocrx_word' id='word_1_21' title='bbox 589 246 653 286; x_wconf 90' lang='lat' dir='ltr'>tui</span> <span class='ocrx_word' id='word_1_22' title='bbox 699 245 878 286; x_wconf 77' lang='lat' dir='ltr'>similem</span> <span class='ocrx_word' id='word_1_23' title='bbox 924 259 1024 286; x_wconf 90' lang='lat' dir='ltr'>esse.</span> <span class='ocrx_word' id='word_1_24' title='bbox 1093 243 1214 293; x_wconf 86' lang='lat' dir='ltr'>Quod</span> <span class='ocrx_word' id='word_1_25' title='bbox 1258 258 1352 284; x_wconf 87' lang='lat' dir='ltr'>cum</span> <span class='ocrx_word' id='word_1_26' title='bbox 1389 244 1451 284; x_wconf 85' lang='lat' dir='ltr'>ita</span> 
     </span>
     <span class='ocr_line' id='line_1_4' title="bbox 113 302 1450 361; baseline -0.004 -14"><span class='ocrx_word' id='word_1_27' title='bbox 113 306 187 361; x_wconf 89' lang='lat' dir='ltr'>sit,</span> <span class='ocrx_word' id='word_1_28' title='bbox 229 305 418 346; x_wconf 72' lang='lat' dir='ltr'>hortatio</span> <span class='ocrx_word' id='word_1_29' title='bbox 457 319 545 346; x_wconf 89' lang='grc'>11011</span> <span class='ocrx_word' id='word_1_30' title='bbox 582 307 645 345; x_wconf 89' lang='lat' dir='ltr'>est</span> <span class='ocrx_word' id='word_1_31' title='bbox 682 304 934 357; x_wconf 83' lang='lat' dir='ltr'>necessaria,</span> <span class='ocrx_word' id='word_1_32' title='bbox 978 303 1264 358; x_wconf 70' lang='lat' dir='ltr'>gratulatione</span> <span class='ocrx_word' id='word_1_33' title='bbox 1313 302 1450 356; x_wconf 82' lang='lat' dir='ltr'>magis</span> 
     </span>
     <span class='ocr_line' id='line_1_5' title="bbox 113 361 1452 417; baseline -0.003 -12"><span class='ocrx_word' id='word_1_34' title='bbox 113 364 318 406; x_wconf 87' lang='lat' dir='ltr'>utendum</span> <span class='ocrx_word' id='word_1_35' title='bbox 350 367 425 405; x_wconf 87' lang='lat' dir='ltr'>est.</span> <span class='ocrx_word' id='word_1_36' title='bbox 488 362 682 417; x_wconf 84' lang='lat' dir='ltr'>Contigit</span> <span class='ocrx_word' id='word_1_37' title='bbox 715 363 826 403; x_wconf 88' lang='lat' dir='ltr'>enim</span> <span class='ocrx_word' id='word_1_38' title='bbox 857 362 950 415; x_wconf 91' lang='lat' dir='ltr'>tibi,</span> <span class='ocrx_word' id='word_1_39' title='bbox 993 362 1106 416; x_wconf 90' lang='lat' dir='ltr'>quod</span> <span class='ocrx_word' id='word_1_40' title='bbox 1135 361 1247 402; x_wconf 84' lang='lat' dir='ltr'>haud</span> <span class='ocrx_word' id='word_1_41' title='bbox 1280 361 1364 402; x_wconf 87' lang='lat' dir='ltr'>scio</span> <span class='ocrx_word' id='word_1_42' title='bbox 1398 375 1452 401; x_wconf 87' lang='lat' dir='ltr'>an</span> 
     </span>
     <span class='ocr_line' id='line_1_6' title="bbox 79 419 1451 477; baseline -0.004 -13"><span class='ocrx_word' id='word_1_43' title='bbox 79 441 95 466; x_wconf 85' lang='lat'><strong>5</strong></span> <span class='ocrx_word' id='word_1_44' title='bbox 114 423 284 477; x_wconf 81' lang='lat' dir='ltr'>nemini,</span> <span class='ocrx_word' id='word_1_45' title='bbox 315 426 364 463; x_wconf 87' lang='lat' dir='ltr'>ut</span> <span class='ocrx_word' id='word_1_46' title='bbox 397 437 560 463; x_wconf 86' lang='lat' dir='ltr'>summa</span> <span class='ocrx_word' id='word_1_47' title='bbox 587 422 787 463; x_wconf 77' lang='lat' dir='ltr'>severitas</span> <span class='ocrx_word' id='word_1_48' title='bbox 813 420 1190 461; x_wconf 80' lang='lat' dir='ltr'>animadversionis</span> <span class='ocrx_word' id='word_1_49' title='bbox 1215 434 1302 461; x_wconf 87' lang='grc'>11011</span> <span class='ocrx_word' id='word_1_50' title='bbox 1325 419 1451 460; x_wconf 84' lang='grc' dir='ltr'>1110ᾶο</span> 
     </span>
     <span class='ocr_line' id='line_1_7' title="bbox 114 478 1451 536; baseline -0.004 -13"><span class='ocrx_word' id='word_1_51' title='bbox 114 497 201 523; x_wconf 89' lang='grc'>11011</span> <span class='ocrx_word' id='word_1_52' title='bbox 233 482 454 536; x_wconf 83' lang='lat' dir='ltr'>invidiosa,</span> <span class='ocrx_word' id='word_1_53' title='bbox 486 481 558 522; x_wconf 90' lang='lat' dir='ltr'>sed</span> <span class='ocrx_word' id='word_1_54' title='bbox 589 481 717 521; x_wconf 87' lang='lat' dir='ltr'>etiam</span> <span class='ocrx_word' id='word_1_55' title='bbox 748 480 966 534; x_wconf 85' lang='lat' dir='ltr'>popularis</span> <span class='ocrx_word' id='word_1_56' title='bbox 999 482 1110 520; x_wconf 88' lang='lat' dir='ltr'>esset</span> <span class='ocrx_word' id='word_1_57' title='bbox 1141 482 1183 519; x_wconf 89' lang='lat' dir='ltr'>et</span> <span class='ocrx_word' id='word_1_58' title='bbox 1208 493 1303 519; x_wconf 87' lang='lat' dir='ltr'>cum</span> <span class='ocrx_word' id='word_1_59' title='bbox 1328 478 1451 519; x_wconf 87' lang='lat' dir='ltr'>bonis</span> 
     </span>
     <span class='ocr_line' id='line_1_8' title="bbox 117 537 1452 593; baseline -0.003 -12"><span class='ocrx_word' id='word_1_60' title='bbox 117 540 314 582; x_wconf 84' lang='lat' dir='ltr'>omnibus</span> <span class='ocrx_word' id='word_1_61' title='bbox 353 543 445 580; x_wconf 87' lang='lat' dir='ltr'>tum</span> <span class='ocrx_word' id='word_1_62' title='bbox 482 540 627 580; x_wconf 83' lang='lat' dir='ltr'>infimo</span> <span class='ocrx_word' id='word_1_63' title='bbox 667 539 817 592; x_wconf 87' lang='lat' dir='ltr'>cuique</span> <span class='ocrx_word' id='word_1_64' title='bbox 856 538 1108 593; x_wconf 88' lang='lat' dir='ltr'>gratissima.</span> <span class='ocrx_word' id='word_1_65' title='bbox 1169 537 1263 578; x_wconf 90' lang='lat' dir='ltr'>Hoc</span> <span class='ocrx_word' id='word_1_66' title='bbox 1303 537 1340 578; x_wconf 92' lang='lat' dir='ltr'>si</span> <span class='ocrx_word' id='word_1_67' title='bbox 1370 537 1452 577; x_wconf 87' lang='lat' dir='ltr'>tibi</span> 
     </span>
     <span class='ocr_line' id='line_1_9' title="bbox 115 596 1453 652; baseline -0.004 -12"><span class='ocrx_word' id='word_1_68' title='bbox 115 600 288 640; x_wconf 79' lang='lat' dir='ltr'>fortuna</span> <span class='ocrx_word' id='word_1_69' title='bbox 326 598 505 652; x_wconf 87' lang='lat' dir='ltr'>quadam</span> <span class='ocrx_word' id='word_1_70' title='bbox 545 598 812 652; x_wconf 70' lang='lat' dir='ltr'>contigisset,</span> <span class='ocrx_word' id='word_1_71' title='bbox 851 597 1087 652; x_wconf 87' lang='lat' dir='ltr'>gratularer</span> <span class='ocrx_word' id='word_1_72' title='bbox 1116 596 1311 637; x_wconf 81' lang='lat' dir='ltr'>felicitati</span> <span class='ocrx_word' id='word_1_73' title='bbox 1342 598 1453 650; x_wconf 84' lang='lat' dir='ltr'>tuae,</span> 
     </span>
     <span class='ocr_line' id='line_1_10' title="bbox 117 654 1453 712; baseline -0.004 -13"><span class='ocrx_word' id='word_1_74' title='bbox 117 659 188 699; x_wconf 90' lang='lat' dir='ltr'>sed</span> <span class='ocrx_word' id='word_1_75' title='bbox 213 657 394 711; x_wconf 86' lang='lat' dir='ltr'>contigit</span> <span class='ocrx_word' id='word_1_76' title='bbox 418 657 710 712; x_wconf 76' lang='lat' dir='ltr'>magnitudine</span> <span class='ocrx_word' id='word_1_77' title='bbox 732 670 860 710; x_wconf 90' lang='lat' dir='ltr'>quom</span> <span class='ocrx_word' id='word_1_78' title='bbox 886 655 1015 696; x_wconf 87' lang='lat' dir='ltr'>animi</span> <span class='ocrx_word' id='word_1_79' title='bbox 1035 658 1125 695; x_wconf 86' lang='lat' dir='ltr'>tum</span> <span class='ocrx_word' id='word_1_80' title='bbox 1146 654 1273 695; x_wconf 88' lang='lat' dir='ltr'>etiam</span> <span class='ocrx_word' id='word_1_81' title='bbox 1293 654 1453 708; x_wconf 85' lang='lat' dir='ltr'>ingenii</span> 
     </span>
     <span class='ocr_line' id='line_1_11' title="bbox 63 712 1455 771; baseline -0.004 -13"><span class='ocrx_word' id='word_1_82' title='bbox 63 734 97 759; x_wconf 89' lang='lat'>10</span> <span class='ocrx_word' id='word_1_83' title='bbox 118 720 244 771; x_wconf 88' lang='lat' dir='ltr'>atque</span> <span class='ocrx_word' id='word_1_84' title='bbox 294 716 471 757; x_wconf 86' lang='lat' dir='ltr'>consilii.</span> <span class='ocrx_word' id='word_1_85' title='bbox 542 715 645 770; x_wconf 85' lang='lat' dir='ltr'>Legi</span> <span class='ocrx_word' id='word_1_86' title='bbox 696 715 807 755; x_wconf 84' lang='lat' dir='ltr'>enim</span> <span class='ocrx_word' id='word_1_87' title='bbox 851 714 1090 755; x_wconf 85' lang='lat' dir='ltr'>contionem</span> <span class='ocrx_word' id='word_1_88' title='bbox 1133 716 1262 754; x_wconf 89' lang='lat' dir='ltr'>tuam.</span> <span class='ocrx_word' id='word_1_89' title='bbox 1333 712 1455 753; x_wconf 83' lang='lat' dir='ltr'>Nihil</span> 
     </span>
     <span class='ocr_line' id='line_1_12' title="bbox 116 772 1453 829; baseline -0.003 -13"><span class='ocrx_word' id='word_1_90' title='bbox 116 776 191 816; x_wconf 90' lang='lat' dir='ltr'>illa</span> <span class='ocrx_word' id='word_1_91' title='bbox 223 775 468 829; x_wconf 81' lang='lat' dir='ltr'>sapientius.</span> <span class='ocrx_word' id='word_1_92' title='bbox 518 773 585 815; x_wconf 84' lang='lat' dir='ltr'>Ita</span> <span class='ocrx_word' id='word_1_93' title='bbox 616 773 919 827; x_wconf 79' lang='lat' dir='ltr'>pedetemptim</span> <span class='ocrx_word' id='word_1_94' title='bbox 953 776 993 813; x_wconf 89' lang='lat' dir='ltr'>et</span> <span class='ocrx_word' id='word_1_95' title='bbox 1025 772 1235 827; x_wconf 82' lang='lat' dir='ltr'>gradatim</span> <span class='ocrx_word' id='word_1_96' title='bbox 1265 774 1358 812; x_wconf 91' lang='lat' dir='ltr'>tum</span> <span class='ocrx_word' id='word_1_97' title='bbox 1392 785 1453 812; x_wconf 88' lang='lat' dir='ltr'>ac-</span> 
     </span>
     <span class='ocr_line' id='line_1_13' title="bbox 119 830 1455 885; baseline -0.004 -10"><span class='ocrx_word' id='word_1_98' title='bbox 119 849 260 875; x_wconf 84' lang='lat' dir='ltr'>cessus</span> <span class='ocrx_word' id='word_1_99' title='bbox 293 849 317 874; x_wconf 86' lang='lat' dir='ltr'>a</span> <span class='ocrx_word' id='word_1_100' title='bbox 348 836 390 874; x_wconf 92' lang='lat' dir='ltr'>te</span> <span class='ocrx_word' id='word_1_101' title='bbox 423 833 474 874; x_wconf 91' lang='lat' dir='ltr'>ad</span> <span class='ocrx_word' id='word_1_102' title='bbox 505 847 675 873; x_wconf 87' lang='lat' dir='ltr'>causam</span> <span class='ocrx_word' id='word_1_103' title='bbox 705 832 817 885; x_wconf 78' lang='lat' dir='ltr'>facti,</span> <span class='ocrx_word' id='word_1_104' title='bbox 849 835 940 872; x_wconf 91' lang='lat' dir='ltr'>tum</span> <span class='ocrx_word' id='word_1_105' title='bbox 966 846 1168 885; x_wconf 74' lang='lat' dir='ltr'>recessus,</span> <span class='ocrx_word' id='word_1_106' title='bbox 1198 833 1246 871; x_wconf 87' lang='lat' dir='ltr'>ut</span> <span class='ocrx_word' id='word_1_107' title='bbox 1270 845 1337 871; x_wconf 87' lang='lat' dir='ltr'>res</span> <span class='ocrx_word' id='word_1_108' title='bbox 1362 830 1455 883; x_wconf 89' lang='lat' dir='ltr'>ipsa</span> 
     </span>
     <span class='ocr_line' id='line_1_14' title="bbox 118 890 1455 933; baseline -0.003 0"><span class='ocrx_word' id='word_1_109' title='bbox 118 893 410 933; x_wconf 83' lang='lat' dir='ltr'>maturitatem</span> <span class='ocrx_word' id='word_1_110' title='bbox 466 892 546 932; x_wconf 86' lang='lat' dir='ltr'>tibi</span> <span class='ocrx_word' id='word_1_111' title='bbox 602 890 960 932; x_wconf 77' lang='lat' dir='ltr'>animadvertendi</span> <span class='ocrx_word' id='word_1_112' title='bbox 1017 890 1206 930; x_wconf 88' lang='lat' dir='ltr'>omnium</span> <span class='ocrx_word' id='word_1_113' title='bbox 1255 903 1455 930; x_wconf 87' lang='lat' dir='ltr'>concessu</span> 
     </span>
     <span class='ocr_line' id='line_1_15' title="bbox 120 948 1455 1004; baseline -0.004 -12"><span class='ocrx_word' id='word_1_114' title='bbox 120 952 250 992; x_wconf 88' lang='lat' dir='ltr'>daret.</span> <span class='ocrx_word' id='word_1_115' title='bbox 301 950 513 991; x_wconf 86' lang='lat' dir='ltr'>Liberasti</span> <span class='ocrx_word' id='word_1_116' title='bbox 544 950 677 1004; x_wconf 88' lang='lat' dir='ltr'>igitur</span> <span class='ocrx_word' id='word_1_117' title='bbox 709 952 751 990; x_wconf 86' lang='lat' dir='ltr'>et</span> <span class='ocrx_word' id='word_1_118' title='bbox 782 949 930 989; x_wconf 88' lang='lat' dir='ltr'>urbem</span> <span class='ocrx_word' id='word_1_119' title='bbox 960 949 1147 1002; x_wconf 86' lang='lat' dir='ltr'>periculo</span> <span class='ocrx_word' id='word_1_120' title='bbox 1173 950 1214 988; x_wconf 91' lang='lat' dir='ltr'>et</span> <span class='ocrx_word' id='word_1_121' title='bbox 1240 948 1455 988; x_wconf 85' lang='lat' dir='ltr'>civitatem</span> 
     </span>
     <span class='ocr_line' id='line_1_16' title="bbox 66 1006 1455 1063; baseline -0.004 -11"><span class='ocrx_word' id='word_1_122' title='bbox 66 1028 99 1053; x_wconf 88' lang='lat'>15</span> <span class='ocrx_word' id='word_1_123' title='bbox 118 1014 234 1051; x_wconf 90' lang='lat' dir='ltr'>metu</span> <span class='ocrx_word' id='word_1_124' title='bbox 283 1023 418 1063; x_wconf 84' lang='lat' dir='ltr'>neque</span> <span class='ocrx_word' id='word_1_125' title='bbox 469 1009 606 1049; x_wconf 90' lang='lat' dir='ltr'>solum</span> <span class='ocrx_word' id='word_1_126' title='bbox 650 1008 702 1049; x_wconf 85' lang='lat' dir='ltr'>ad</span> <span class='ocrx_word' id='word_1_127' title='bbox 744 1010 912 1061; x_wconf 87' lang='lat' dir='ltr'>tempus</span> <span class='ocrx_word' id='word_1_128' title='bbox 955 1007 1182 1048; x_wconf 86' lang='lat' dir='ltr'>maximam</span> <span class='ocrx_word' id='word_1_129' title='bbox 1225 1006 1455 1047; x_wconf 84' lang='lat' dir='ltr'>utilitatem</span> 
     </span>
     <span class='ocr_line' id='line_1_17' title="bbox 119 1064 1457 1121; baseline -0.003 -12"><span class='ocrx_word' id='word_1_130' title='bbox 119 1068 322 1121; x_wconf 77' lang='lat' dir='ltr'>attulisti,</span> <span class='ocrx_word' id='word_1_131' title='bbox 361 1068 434 1109; x_wconf 87' lang='lat' dir='ltr'>sed</span> <span class='ocrx_word' id='word_1_132' title='bbox 473 1068 601 1108; x_wconf 88' lang='lat' dir='ltr'>etiam</span> <span class='ocrx_word' id='word_1_133' title='bbox 633 1067 683 1107; x_wconf 87' lang='lat' dir='ltr'>ad</span> <span class='ocrx_word' id='word_1_134' title='bbox 717 1067 965 1119; x_wconf 80' lang='lat' dir='ltr'>exemplum.</span> <span class='ocrx_word' id='word_1_135' title='bbox 1028 1065 1118 1114; x_wconf 85' lang='lat' dir='ltr'>Quo</span> <span class='ocrx_word' id='word_1_136' title='bbox 1150 1066 1262 1106; x_wconf 85' lang='lat' dir='ltr'>facto</span> <span class='ocrx_word' id='word_1_137' title='bbox 1294 1064 1457 1105; x_wconf 83' lang='lat' dir='ltr'>intelle-</span> 
     </span>
     <span class='ocr_line' id='line_1_18' title="bbox 121 1123 1457 1182; baseline -0.004 -14"><span class='ocrx_word' id='word_1_138' title='bbox 121 1141 217 1182; x_wconf 83' lang='lat' dir='ltr'>gere</span> <span class='ocrx_word' id='word_1_139' title='bbox 257 1127 382 1167; x_wconf 89' lang='lat' dir='ltr'>debes</span> <span class='ocrx_word' id='word_1_140' title='bbox 420 1127 464 1167; x_wconf 87' lang='lat' dir='ltr'>in</span> <span class='ocrx_word' id='word_1_141' title='bbox 502 1129 544 1167; x_wconf 88' lang='lat' dir='ltr'>te</span> <span class='ocrx_word' id='word_1_142' title='bbox 582 1126 766 1180; x_wconf 86' lang='lat' dir='ltr'>positam</span> <span class='ocrx_word' id='word_1_143' title='bbox 808 1139 898 1166; x_wconf 89' lang='lat' dir='ltr'>esse</span> <span class='ocrx_word' id='word_1_144' title='bbox 929 1139 1018 1165; x_wconf 84' lang='lat' dir='ltr'>rem</span> <span class='ocrx_word' id='word_1_145' title='bbox 1049 1124 1263 1178; x_wconf 79' lang='lat' dir='ltr'>publicam</span> <span class='ocrx_word' id='word_1_146' title='bbox 1293 1123 1457 1176; x_wconf 86' lang='lat' dir='ltr'>tibique</span> 
     </span>
     <span class='ocr_line' id='line_1_19' title="bbox 119 1182 1458 1238; baseline -0.004 -12"><span class='ocrx_word' id='word_1_147' title='bbox 119 1201 207 1227; x_wconf 88' lang='grc'>11011</span> <span class='ocrx_word' id='word_1_148' title='bbox 235 1185 362 1226; x_wconf 92' lang='lat' dir='ltr'>modo</span> <span class='ocrx_word' id='word_1_149' title='bbox 395 1185 594 1238; x_wconf 84' lang='lat' dir='ltr'>tuendos,</span> <span class='ocrx_word' id='word_1_150' title='bbox 633 1185 704 1224; x_wconf 90' lang='lat' dir='ltr'>sed</span> <span class='ocrx_word' id='word_1_151' title='bbox 736 1184 864 1224; x_wconf 88' lang='lat' dir='ltr'>etiam</span> <span class='ocrx_word' id='word_1_152' title='bbox 898 1183 1108 1223; x_wconf 86' lang='lat' dir='ltr'>ornandos</span> <span class='ocrx_word' id='word_1_153' title='bbox 1140 1183 1237 1223; x_wconf 90' lang='lat' dir='ltr'>illos</span> <span class='ocrx_word' id='word_1_154' title='bbox 1269 1182 1396 1235; x_wconf 78' lang='lat' dir='ltr'>viros,</span> <span class='ocrx_word' id='word_1_155' title='bbox 1434 1196 1458 1221; x_wconf 90' lang='lat' dir='ltr'>a</span> 
     </span>
     <span class='ocr_line' id='line_1_20' title="bbox 121 1239 1457 1298; baseline -0.003 -13"><span class='ocrx_word' id='word_1_156' title='bbox 121 1245 276 1298; x_wconf 89' lang='lat' dir='ltr'>quibus</span> <span class='ocrx_word' id='word_1_157' title='bbox 314 1243 486 1284; x_wconf 88' lang='lat' dir='ltr'>initium</span> <span class='ocrx_word' id='word_1_158' title='bbox 523 1243 736 1283; x_wconf 85' lang='lat' dir='ltr'>libertatis</span> <span class='ocrx_word' id='word_1_159' title='bbox 773 1242 1010 1295; x_wconf 85' lang='lat' dir='ltr'>profectum</span> <span class='ocrx_word' id='word_1_160' title='bbox 1048 1244 1124 1282; x_wconf 89' lang='lat' dir='ltr'>est.</span> <span class='ocrx_word' id='word_1_161' title='bbox 1187 1239 1269 1282; x_wconf 77' lang='lat' dir='ltr'>Sed</span> <span class='ocrx_word' id='word_1_162' title='bbox 1307 1241 1374 1281; x_wconf 83' lang='lat' dir='ltr'>his</span> <span class='ocrx_word' id='word_1_163' title='bbox 1408 1239 1457 1281; x_wconf 89' lang='lat' dir='ltr'>de</span> 
     </span>
     <span class='ocr_line' id='line_1_21' title="bbox 66 1299 1460 1355; baseline -0.004 -10"><span class='ocrx_word' id='word_1_164' title='bbox 66 1322 101 1346; x_wconf 74' lang='lat'>&lt;20</span> <span class='ocrx_word' id='word_1_165' title='bbox 120 1303 245 1343; x_wconf 87' lang='lat' dir='ltr'>rebus</span> <span class='ocrx_word' id='word_1_166' title='bbox 278 1317 420 1343; x_wconf 84' lang='lat' dir='ltr'>coram</span> <span class='ocrx_word' id='word_1_167' title='bbox 451 1301 574 1355; x_wconf 86' lang='lat' dir='ltr'>plura</span> <span class='ocrx_word' id='word_1_168' title='bbox 605 1315 736 1355; x_wconf 82' lang='lat' dir='ltr'>prope</span> <span class='ocrx_word' id='word_1_169' title='bbox 769 1301 896 1353; x_wconf 87' lang='lat' dir='ltr'>diem,</span> <span class='ocrx_word' id='word_1_170' title='bbox 935 1303 981 1340; x_wconf 93' lang='lat' dir='ltr'>ut</span> <span class='ocrx_word' id='word_1_171' title='bbox 1014 1314 1147 1353; x_wconf 88' lang='lat' dir='ltr'>spero.</span> <span class='ocrx_word' id='word_1_172' title='bbox 1209 1299 1291 1353; x_wconf 84' lang='lat' dir='ltr'>Tu,</span> <span class='ocrx_word' id='word_1_173' title='bbox 1329 1313 1460 1352; x_wconf 87' lang='lat' dir='ltr'>quon-</span> 
     </span>
     <span class='ocr_line' id='line_1_22' title="bbox 119 1357 1459 1414; baseline -0.004 -12"><span class='ocrx_word' id='word_1_174' title='bbox 119 1363 203 1403; x_wconf 88' lang='lat' dir='ltr'>iam</span> <span class='ocrx_word' id='word_1_175' title='bbox 240 1375 329 1401; x_wconf 86' lang='lat' dir='ltr'>rem</span> <span class='ocrx_word' id='word_1_176' title='bbox 366 1361 580 1414; x_wconf 83' lang='lat' dir='ltr'>publicam</span> <span class='ocrx_word' id='word_1_177' title='bbox 611 1374 772 1413; x_wconf 84' lang='lat' dir='ltr'>nosque</span> <span class='ocrx_word' id='word_1_178' title='bbox 805 1373 1047 1414; x_wconf 80' lang='lat' dir='ltr'>conservas,</span> <span class='ocrx_word' id='word_1_179' title='bbox 1084 1358 1167 1413; x_wconf 82' lang='lat' dir='ltr'>fac,</span> <span class='ocrx_word' id='word_1_180' title='bbox 1204 1360 1253 1398; x_wconf 86' lang='lat' dir='ltr'>ut</span> <span class='ocrx_word' id='word_1_181' title='bbox 1283 1357 1459 1412; x_wconf 88' lang='lat' dir='ltr'>diligen-</span> 
     </span>
     <span class='ocr_line' id='line_1_23' title="bbox 119 1417 1151 1474; baseline -0.003 -13"><span class='ocrx_word' id='word_1_182' title='bbox 119 1420 285 1461; x_wconf 87' lang='lat' dir='ltr'>tissime</span> <span class='ocrx_word' id='word_1_183' title='bbox 316 1422 358 1459; x_wconf 86' lang='lat' dir='ltr'>te</span> <span class='ocrx_word' id='word_1_184' title='bbox 389 1419 541 1474; x_wconf 88' lang='lat' dir='ltr'>ipsum,</span> <span class='ocrx_word' id='word_1_185' title='bbox 571 1419 629 1459; x_wconf 86' lang='lat' dir='ltr'>mi</span> <span class='ocrx_word' id='word_1_186' title='bbox 660 1418 896 1471; x_wconf 87' lang='lat' dir='ltr'>Dolabella,</span> <span class='ocrx_word' id='word_1_187' title='bbox 927 1417 1151 1458; x_wconf 83' lang='lat' dir='ltr'>custodias.</span> 
     </span>
    </p>
   </div>
   <div class='ocr_carea' id='block_1_3' title="bbox 70 1533 1268 1733">
    <p class='ocr_par' dir='ltr' id='par_1_3' title="bbox 70 1533 1268 1733">
     <span class='ocr_line' id='line_1_24' title="bbox 710 1533 869 1574; baseline 0 0"><span class='ocrx_word' id='word_1_188' title='bbox 710 1533 869 1574; x_wconf 85' lang='lat' dir='ltr'>XVIII.</span> 
     </span>
     <span class='ocr_line' id='line_1_25' title="bbox 311 1614 1268 1658; baseline -0.004 -8"><span class='ocrx_word' id='word_1_189' title='bbox 311 1616 384 1650; x_wconf 75' lang='lat' dir='ltr'>Ser.</span> <span class='ocrx_word' id='word_1_190' title='bbox 407 1616 445 1649; x_wconf 72' lang='lat' dir='ltr'>in</span> <span class='ocrx_word' id='word_1_191' title='bbox 472 1615 694 1658; x_wconf 66' lang='lat' dir='ltr'>Pompeiano</span> <span class='ocrx_word' id='word_1_192' title='bbox 727 1614 808 1647; x_wconf 89' lang='lat' dir='ltr'>VII</span> <span class='ocrx_word' id='word_1_193' title='bbox 828 1614 885 1647; x_wconf 77' lang='lat' dir='ltr'>Id.</span> <span class='ocrx_word' id='word_1_194' title='bbox 908 1614 1002 1647; x_wconf 67' lang='lat' dir='ltr'>Mai.</span> <span class='ocrx_word' id='word_1_195' title='bbox 1025 1625 1057 1647; x_wconf 82' lang='lat' dir='ltr'>a.</span> <span class='ocrx_word' id='word_1_196' title='bbox 1081 1616 1151 1647; x_wconf 80' lang='lat'>710</span> <span class='ocrx_word' id='word_1_197' title='bbox 1179 1615 1268 1656; x_wconf 68' lang='lat'><em>(44).</em></span> 
     </span>
     <span class='ocr_line' id='line_1_26' title="bbox 70 1694 982 1733; baseline -0.007 0"><span class='ocrx_word' id='word_1_198' title='bbox 70 1708 102 1733; x_wconf 72' lang='lat'>25</span> <span class='ocrx_word' id='word_1_199' title='bbox 602 1694 769 1729; x_wconf 86' lang='lat' dir='ltr'>CICERO</span> <span class='ocrx_word' id='word_1_200' title='bbox 796 1694 982 1728; x_wconf 84' lang='lat' dir='ltr'>ATTICO.</span> 
     </span>
    </p>
   </div>
   <div class='ocr_carea' id='block_1_4' title="bbox 75 1764 1465 2345">
    <p class='ocr_par' dir='ltr' id='par_1_4' title="bbox 126 1764 1462 1999">
     <span class='ocr_line' id='line_1_27' title="bbox 215 1764 1460 1824; baseline -0.006 -13"><span class='ocrx_word' id='word_1_201' title='bbox 215 1769 389 1824; x_wconf 79' lang='lat' dir='ltr'>Saepius</span> <span class='ocrx_word' id='word_1_202' title='bbox 434 1783 501 1809; x_wconf 86' lang='lat' dir='ltr'>me</span> <span class='ocrx_word' id='word_1_203' title='bbox 541 1768 625 1808; x_wconf 86' lang='lat' dir='ltr'>iam</span> <span class='ocrx_word' id='word_1_204' title='bbox 663 1767 816 1821; x_wconf 87' lang='lat' dir='ltr'>agitas,</span> <span class='ocrx_word' id='word_1_205' title='bbox 862 1766 972 1820; x_wconf 88' lang='lat' dir='ltr'>quod</span> <span class='ocrx_word' id='word_1_206' title='bbox 1009 1780 1096 1806; x_wconf 87' lang='lat' dir='ltr'>rem</span> <span class='ocrx_word' id='word_1_207' title='bbox 1134 1767 1298 1820; x_wconf 88' lang='lat' dir='ltr'>gestam</span> <span class='ocrx_word' id='word_1_208' title='bbox 1334 1764 1460 1805; x_wconf 90' lang='lat' dir='ltr'>Dola-</span> 
     </span>
     <span class='ocr_line' id='line_1_28' title="bbox 126 1823 1462 1878; baseline -0.005 -8"><span class='ocrx_word' id='word_1_209' title='bbox 126 1830 262 1871; x_wconf 88' lang='lat' dir='ltr'>bellae</span> <span class='ocrx_word' id='word_1_210' title='bbox 305 1827 431 1868; x_wconf 85' lang='grc'>11111113</span> <span class='ocrx_word' id='word_1_211' title='bbox 474 1827 519 1867; x_wconf 75' lang='lat' dir='ltr'>in</span> <span class='ocrx_word' id='word_1_212' title='bbox 563 1826 723 1866; x_wconf 80' lang='lat' dir='ltr'>caelum</span> <span class='ocrx_word' id='word_1_213' title='bbox 767 1825 909 1865; x_wconf 85' lang='lat' dir='ltr'>videar</span> <span class='ocrx_word' id='word_1_214' title='bbox 953 1824 1108 1864; x_wconf 84' lang='lat' dir='ltr'>efferre.</span> <span class='ocrx_word' id='word_1_215' title='bbox 1169 1823 1264 1877; x_wconf 86' lang='lat' dir='ltr'>Ego</span> <span class='ocrx_word' id='word_1_216' title='bbox 1308 1826 1462 1878; x_wconf 90' lang='lat' dir='ltr'>autem,</span> 
     </span>
     <span class='ocr_line' id='line_1_29' title="bbox 128 1884 1462 1942; baseline -0.005 -14"><span class='ocrx_word' id='word_1_217' title='bbox 128 1901 384 1942; x_wconf 84' lang='lat' dir='ltr'>quamquam</span> <span class='ocrx_word' id='word_1_218' title='bbox 417 1899 515 1926; x_wconf 83' lang='lat' dir='ltr'>sane</span> <span class='ocrx_word' id='word_1_219' title='bbox 546 1884 680 1938; x_wconf 89' lang='lat' dir='ltr'>probo</span> <span class='ocrx_word' id='word_1_220' title='bbox 713 1884 883 1936; x_wconf 80' lang='lat' dir='ltr'>factum,</span> <span class='ocrx_word' id='word_1_221' title='bbox 921 1885 1075 1935; x_wconf 85' lang='lat' dir='ltr'>tamen,</span> <span class='ocrx_word' id='word_1_222' title='bbox 1106 1884 1154 1922; x_wconf 88' lang='lat' dir='ltr'>ut</span> <span class='ocrx_word' id='word_1_223' title='bbox 1184 1884 1305 1922; x_wconf 89' lang='lat' dir='ltr'>tanto</span> <span class='ocrx_word' id='word_1_224' title='bbox 1338 1896 1462 1935; x_wconf 86' lang='lat' dir='ltr'>opere</span> 
     </span>
     <span class='ocr_line' id='line_1_30' title="bbox 126 1939 1459 1999; baseline -0.006 -12"><span class='ocrx_word' id='word_1_225' title='bbox 126 1946 354 1999; x_wconf 82' lang='lat' dir='ltr'>laudarem,</span> <span class='ocrx_word' id='word_1_226' title='bbox 386 1944 590 1984; x_wconf 86' lang='lat' dir='ltr'>adductus</span> <span class='ocrx_word' id='word_1_227' title='bbox 623 1957 717 1982; x_wconf 91' lang='lat' dir='ltr'>sum</span> <span class='ocrx_word' id='word_1_228' title='bbox 748 1942 834 1982; x_wconf 90' lang='lat' dir='ltr'>tuis</span> <span class='ocrx_word' id='word_1_229' title='bbox 867 1944 908 1981; x_wconf 90' lang='lat' dir='ltr'>et</span> <span class='ocrx_word' id='word_1_230' title='bbox 932 1941 1027 1981; x_wconf 87' lang='lat' dir='ltr'>unis</span> <span class='ocrx_word' id='word_1_231' title='bbox 1055 1943 1096 1980; x_wconf 88' lang='lat' dir='ltr'>et</span> <span class='ocrx_word' id='word_1_232' title='bbox 1122 1939 1265 1980; x_wconf 87' lang='lat' dir='ltr'>alteris</span> <span class='ocrx_word' id='word_1_233' title='bbox 1290 1939 1459 1980; x_wconf 83' lang='lat' dir='ltr'>litteris.</span> 
     </span>
    </p>

    <p class='ocr_par' dir='ltr' id='par_1_5' title="bbox 75 1998 1464 2289">
     <span class='ocr_line' id='line_1_31' title="bbox 75 1998 1463 2053; baseline -0.006 -7"><span class='ocrx_word' id='word_1_234' title='bbox 75 2024 109 2047; x_wconf 66' lang='lat'>50</span> <span class='ocrx_word' id='word_1_235' title='bbox 130 2003 213 2045; x_wconf 80' lang='lat' dir='ltr'>Sed</span> <span class='ocrx_word' id='word_1_236' title='bbox 249 2006 389 2044; x_wconf 91' lang='lat' dir='ltr'>totum</span> <span class='ocrx_word' id='word_1_237' title='bbox 423 2016 465 2042; x_wconf 90' lang='lat' dir='ltr'>se</span> <span class='ocrx_word' id='word_1_238' title='bbox 497 2016 521 2042; x_wconf 89' lang='lat' dir='ltr'>a</span> <span class='ocrx_word' id='word_1_239' title='bbox 552 2003 595 2041; x_wconf 90' lang='lat' dir='ltr'>te</span> <span class='ocrx_word' id='word_1_240' title='bbox 626 2000 880 2041; x_wconf 80' lang='lat' dir='ltr'>abalienavit</span> <span class='ocrx_word' id='word_1_241' title='bbox 911 1998 1134 2040; x_wconf 82' lang='lat' dir='ltr'>Dolabella</span> <span class='ocrx_word' id='word_1_242' title='bbox 1165 2013 1213 2038; x_wconf 90' lang='lat' dir='ltr'>ea</span> <span class='ocrx_word' id='word_1_243' title='bbox 1245 1998 1294 2038; x_wconf 93' lang='lat' dir='ltr'>de</span> <span class='ocrx_word' id='word_1_244' title='bbox 1325 2012 1463 2053; x_wconf 85' lang='lat' dir='ltr'>causa,</span> 
     </span>
     <span class='ocr_line' id='line_1_32' title="bbox 129 2055 1463 2117; baseline -0.005 -14"><span class='ocrx_word' id='word_1_245' title='bbox 129 2077 211 2117; x_wconf 89' lang='lat' dir='ltr'>qua</span> <span class='ocrx_word' id='word_1_246' title='bbox 247 2076 314 2102; x_wconf 88' lang='lat' dir='ltr'>me</span> <span class='ocrx_word' id='word_1_247' title='bbox 353 2074 519 2114; x_wconf 90' lang='lat' dir='ltr'>quoque</span> <span class='ocrx_word' id='word_1_248' title='bbox 557 2059 638 2099; x_wconf 84' lang='lat' dir='ltr'>sibi</span> <span class='ocrx_word' id='word_1_249' title='bbox 675 2058 1015 2099; x_wconf 84' lang='lat' dir='ltr'>inimicissimum</span> <span class='ocrx_word' id='word_1_250' title='bbox 1053 2056 1244 2097; x_wconf 79' lang='lat' dir='ltr'>reddidit.</span> <span class='ocrx_word' id='word_1_251' title='bbox 1317 2055 1351 2097; x_wconf 93' lang='lat' dir='ltr'>O</span> <span class='ocrx_word' id='word_1_252' title='bbox 1388 2056 1463 2097; x_wconf 87' lang='lat' dir='ltr'>ho-</span> 
     </span>
     <span class='ocr_line' id='line_1_33' title="bbox 127 2114 1463 2173; baseline -0.005 -12"><span class='ocrx_word' id='word_1_253' title='bbox 127 2122 283 2161; x_wconf 89' lang='lat' dir='ltr'>minem</span> <span class='ocrx_word' id='word_1_254' title='bbox 308 2119 610 2173; x_wconf 78' lang='lat' dir='ltr'>impudentem!</span> <span class='ocrx_word' id='word_1_255' title='bbox 654 2117 746 2158; x_wconf 87' lang='lat' dir='ltr'>Kal.</span> <span class='ocrx_word' id='word_1_256' title='bbox 767 2116 852 2157; x_wconf 82' lang='lat' dir='ltr'>lan.</span> <span class='ocrx_word' id='word_1_257' title='bbox 873 2116 1030 2167; x_wconf 87' lang='lat' dir='ltr'>debuit,</span> <span class='ocrx_word' id='word_1_258' title='bbox 1050 2115 1185 2155; x_wconf 85' lang='lat' dir='ltr'>adhuc</span> <span class='ocrx_word' id='word_1_259' title='bbox 1209 2129 1296 2155; x_wconf 88' lang='grc'>11011</span> <span class='ocrx_word' id='word_1_260' title='bbox 1323 2114 1463 2169; x_wconf 86' lang='lat' dir='ltr'>solvit,</span> 
     </span>
     <span class='ocr_line' id='line_1_34' title="bbox 127 2172 1464 2233; baseline -0.004 -14"><span class='ocrx_word' id='word_1_261' title='bbox 127 2178 377 2233; x_wconf 86' lang='lat' dir='ltr'>praesertim</span> <span class='ocrx_word' id='word_1_262' title='bbox 414 2191 509 2217; x_wconf 89' lang='lat' dir='ltr'>cum</span> <span class='ocrx_word' id='word_1_263' title='bbox 547 2190 590 2216; x_wconf 90' lang='lat' dir='ltr'>se</span> <span class='ocrx_word' id='word_1_264' title='bbox 627 2175 811 2216; x_wconf 82' lang='lat' dir='ltr'>maximo</span> <span class='ocrx_word' id='word_1_265' title='bbox 850 2189 942 2214; x_wconf 84' lang='lat' dir='ltr'>aere</span> <span class='ocrx_word' id='word_1_266' title='bbox 986 2174 1121 2214; x_wconf 84' lang='lat' dir='ltr'>alieno</span> <span class='ocrx_word' id='word_1_267' title='bbox 1153 2172 1303 2213; x_wconf 90' lang='lat' dir='ltr'>Faberi</span> <span class='ocrx_word' id='word_1_268' title='bbox 1335 2187 1464 2214; x_wconf 85' lang='lat' dir='ltr'>manu</span> 
     </span>
     <span class='ocr_line' id='line_1_35' title="bbox 127 2231 1464 2289; baseline -0.005 -11"><span class='ocrx_word' id='word_1_269' title='bbox 127 2236 319 2278; x_wconf 86' lang='lat' dir='ltr'>liberarit</span> <span class='ocrx_word' id='word_1_270' title='bbox 360 2238 401 2275; x_wconf 88' lang='lat' dir='ltr'>et</span> <span class='ocrx_word' id='word_1_271' title='bbox 432 2249 554 2289; x_wconf 90' lang='lat' dir='ltr'>opem</span> <span class='ocrx_word' id='word_1_272' title='bbox 585 2234 636 2274; x_wconf 90' lang='lat' dir='ltr'>ab</span> <span class='ocrx_word' id='word_1_273' title='bbox 669 2233 757 2287; x_wconf 85' lang='lat' dir='ltr'>Ope</span> <span class='ocrx_word' id='word_1_274' title='bbox 788 2233 968 2286; x_wconf 87' lang='lat' dir='ltr'>petierit.</span> <span class='ocrx_word' id='word_1_275' title='bbox 1030 2231 1147 2272; x_wconf 89' lang='lat' dir='ltr'>Licet</span> <span class='ocrx_word' id='word_1_276' title='bbox 1179 2231 1291 2271; x_wconf 85' lang='lat' dir='ltr'>enim</span> <span class='ocrx_word' id='word_1_277' title='bbox 1321 2231 1464 2285; x_wconf 87' lang='lat' dir='ltr'>iocari,</span> 
     </span>
    </p>

    <p class='ocr_par' dir='ltr' id='par_1_6' title="bbox 76 2289 1465 2345">
     <span class='ocr_line' id='line_1_36' title="bbox 76 2289 1465 2345; baseline -0.007 -6"><span class='ocrx_word' id='word_1_278' title='bbox 76 2313 109 2339; x_wconf 84' lang='lat'>35</span> <span class='ocrx_word' id='word_1_279' title='bbox 130 2311 181 2337; x_wconf 85' lang='lat' dir='ltr'>ne</span> <span class='ocrx_word' id='word_1_280' title='bbox 219 2309 285 2336; x_wconf 91' lang='lat' dir='ltr'>me</span> <span class='ocrx_word' id='word_1_281' title='bbox 323 2293 443 2334; x_wconf 84' lang='lat' dir='ltr'>valde</span> <span class='ocrx_word' id='word_1_282' title='bbox 475 2292 774 2334; x_wconf 87' lang='lat' dir='ltr'>conturbatum</span> <span class='ocrx_word' id='word_1_283' title='bbox 805 2294 940 2345; x_wconf 88' lang='lat' dir='ltr'>putes.</span> <span class='ocrx_word' id='word_1_284' title='bbox 1000 2289 1142 2343; x_wconf 85' lang='lat' dir='ltr'>Atque</span> <span class='ocrx_word' id='word_1_285' title='bbox 1175 2303 1252 2344; x_wconf 90' lang='lat' dir='ltr'>ego</span> <span class='ocrx_word' id='word_1_286' title='bbox 1285 2289 1337 2330; x_wconf 87' lang='lat' dir='ltr'>ad</span> <span class='ocrx_word' id='word_1_287' title='bbox 1368 2304 1465 2330; x_wconf 92' lang='lat' dir='ltr'>eum</span> 
     </span>
    </p>
   </div>
   <div class='ocr_carea' id='block_1_5' title="bbox 1476 197 1495 208">
    <p class='ocr_par' dir='ltr' id='par_1_7' title="bbox 1476 197 1495 208">
     <span class='ocr_line' id='line_1_37' title="bbox 1476 197 1495 208; baseline 0 -5"><span class='ocrx_word' id='word_1_288' title='bbox 1476 197 1495 208; x_wconf 71' lang='lat' dir='ltr'>r·-</span> 
     </span>
    </p>
   </div>
   <div class='ocr_carea' id='block_1_6' title="bbox 1481 207 1489 227">
    <p class='ocr_par' dir='ltr' id='par_1_8' title="bbox 1481 207 1489 227">
     <span class='ocr_line' id='line_1_38' title="bbox 1481 207 1489 227; baseline 0 0"><span class='ocrx_word' id='word_1_289' title='bbox 1481 207 1489 227; x_wconf 69' lang='lat' dir='ltr'>l</span> 
     </span>
    </p>
   </div>
  </div>
 </body>
</html>
