1665 2553
335 95 676 130 EPISTULARUM
700 96 765 130 AD
791 96 1007 131 ATTIOUM
1032 97 1117 132 XIV
1143 102 1245 133 6—-8-
1374 100 1460 140 439

123 193 215 231 tum
246 190 297 231 ad
329 191 685 232 existimationem
723 194 765 232 et
803 191 1073 247 dignitatem3
1106 193 1218 246 quod
1261 193 1371 234 idem
1401 195 1462 235 in-

122 249 266 290 teflexi
309 250 388 290 tibi
420 250 562 290 videri.
626 249 826 305 Omnino,
870 251 906 291 si
947 265 1043 305 ego,
1084 254 1132 291 ut
1163 251 1278 306 volo,
1318 267 1461 294 mense

123 307 326 356 Quinctili
357 308 403 348 in
435 307 670 363 Graeciam,
703 311 803 350 sunt
836 310 976 350 omnia
1009 310 1219 365 faciliora3
1253 311 1336 365 sed,
1367 326 1462 352 cum

124 366 210 407 sint
241 381 288 407 ea
319 369 523 423 tempora,
554 370 602 408 ut
634 368 737 408 certi
768 367 878 408 nihil
903 382 993 409 esse
1024 368 1171 422 possit,
1204 369 1306 422 quid
1335 369 1461 410 ho-ne

87 441 102 466 5
123 428 235 465 stum
266 425 372 466 mihi
404 425 477 479 sit,
516 426 619 479 quid
649 426 791 481 liceat,
822 426 924 480 quid
955 427 1166 482 expediat,
1204 442 1378 493 quaeso,
1410 428 1462 468 da

122 498 310 538 operam,
346 486 394 524 ut
432 484 553 524 illum
586 499 712 538 quam
751 485 1050 526 honestissime
1087 485 1462 540 copiosissimeque

120 544 325 583 tueamur.

208 600 322 641 Haec
355 602 396 641 et
429 603 577 654 cetera,
610 616 716 655 quae
748 601 800 641 ad
829 616 907 642 nos
939 602 1227 658 pertinebunt,
1257 605 1306 643 ut
1339 603 1460 657 soles,

121 659 329 713 cogitabis
368 659 420 700 ad
449 674 599 713 meque
638 662 727 713 aut,
773 660 884 713 quod
911 660 962 700 ad
992 675 1080 701 rem
1111 661 1337 716 pertineat,
1376 665 1462 717 aut,

68 735 102 759 10
121 718 157 758 si
188 718 297 758 nihil
329 718 419 771 erit,
453 718 565 772 quod
596 718 641 759 in
672 718 846 759 buccam
877 719 1052 773 venerit,
1085 719 1253 761 scribes.

730 834 848 876 VIII.

222 946 225 948 ,
296 915 370 950 Ser.
391 916 431 949 in.
457 915 675 950 Sinuessano
703 916 831 949 XVII
850 916 898 950 K.
922 917 1017 951 Mai.
1039 929 1071 951 a.
1095 919 1165 951 710
1193 919 1282 960 (44).

519 996 710 1031 CICERO
734 997 927 1032 ATTICO
952 997 1060 1032 SAL.

208 1069 272 1109 Tu
302 1083 368 1109 me
412 1068 496 1109 iam
533 1069 695 1121 rebare,
737 1083 831 1109 cum
875 1070 1105 1124 scribebas,
1146 1070 1191 1111 in
1229 1070 1332 1111 actis
1371 1085 1459 1111 esse

68 1144 100 1169 15
118 1128 297 1181 nostriS,
340 1130 381 1168 et
425 1141 502 1181 ego
547 1127 687 1181 accepi
724 1139 821 1167 XVII
852 1127 945 1168 Kal.
983 1128 1028 1168 in
1056 1128 1355 1169 -deversoriolo
1398 1128 1460 1169 Si-

118 1200 326 1227 nuessano
371 1187 466 1226 tuas
509 1185 685 1226 litteras.
746 1185 809 1226 De
847 1186 982 1227 Mario
1020 1187 1170 1241 probe,
1215 1188 1294 1228 etsi
1338 1187 1458 1228 doleo

118 1244 164 1285 L.
192 1243 334 1285 Crassi
371 1246 578 1297 nepotem.
642 1243 811 1297 Optime
847 1245 931 1285 iam
971 1245 1098 1285 etiam
1136 1245 1271 1286 Bruto
1309 1248 1458 1286 nostro

119 1303 290 1356 probari
309 1301 557 1343 Antonium.
607 1301 731 1358 Nam,
757 1303 870 1356 quod
888 1303 1056 1344 Iuniam
1077 1304 1225 1344 scribis
1244 1304 1459 1345 moderate

120 1364 161 1401 et
194 1362 324 1402 amice
362 1361 540 1414 scriptas
578 1361 743 1402 litteras
777 1362 989 1416 attulisse,
1025 1362 1130 1402 mihi
1166 1361 1324 1403 Paulus
1357 1363 1459 1403 dicit

68 1437 100 1461 20
120 1420 173 1459 ad
204 1434 248 1460 se
279 1435 303 1459 a
332 1420 462 1459 fratre
488 1420 657 1473 missas3
690 1420 843 1473 quibus
869 1421 914 1460 in
940 1421 1137 1461 extremis
1164 1423 1253 1461 erat
1281 1421 1362 1461 sibi
1394 1422 1459 1462 in-

120 1478 248 1518 sidias
286 1477 396 1531 fieri3
435 1492 478 1517 se
515 1478 558 1518 id
595 1478 718 1518 certis
757 1479 1000 1519 auctoribus
1039 1480 1304 1532 comperisse.
1365 1479 1459 1521 Hoc

118 1550 194 1576 nec
225 1535 330 1576 mihi
362 1535 557 1588 placebat
589 1539 631 1576 et
661 1536 796 1576 multo
829 1537 892 1577 1111
924 1537 1075 1578 minus.
1138 1537 1326 1592 Reginae
1356 1538 1459 1592 fuga

120 1594 225 1634 mihi
256 1608 341 1634 non
372 1594 553 1634 molesta
586 1597 660 1635 est.
723 1593 869 1635 Clodia
901 1595 1002 1648 quid
1033 1596 1184 1651 egerit,
1217 1596 1375 1636 scribas
1407 1596 1459 1636 ad

119 1667 186 1693 me
217 1652 354 1693 velim.
416 1651 479 1692 De
504 1651 722 1705 Byzantiis
755 1653 920 1693 curabis
950 1656 999 1693 ut
1025 1656 1161 1694 cetera
1193 1656 1234 1694 et
1259 1653 1458 1707 Pelopem

68 1727 100 1752 25
121 1711 172 1751 ad
202 1713 245 1751 te
277 1724 469 1751 arcesses.
531 1710 638 1764 Ego,
670 1713 717 1751 ut
742 1711 946 1765 postulas,
970 1711 1129 1752 Baiana
1158 1712 1331 1766 negotia
1362 1712 1457 1753 clio-

120 1783 299 1822 rumque
330 1769 465 1823 illum,
496 1768 545 1808 de
578 1783 660 1822 quo
694 1769 798 1810 scire
830 1769 911 1824 vis,
944 1784 1038 1810 cum
1068 1784 1335 1825 perspexero,
1365 1773 1458 1811 tum

121 1828 320 1881 scribam,
356 1841 408 1867 ne
441 1827 542 1880 quid
573 1827 753 1881 ignores.
817 1826 925 1875 Quid
958 1826 1087 1881 Galli,
1126 1828 1227 1881 quid
1263 1828 1457 1881 Hispani,

122 1885 223 1938 quid
263 1885 415 1926 Sextus
457 1887 572 1939 agat,
615 1885 883 1926 vehementer
928 1889 1134 1939 exspecto.
1196 1886 1260 1926 Ea
1298 1887 1457 1928 scilicet

120 1946 169 1983 tu
195 1944 438 1997 declarabis,
465 1944 536 1996 qui
562 1946 708 1984 cetera.
758 1943 1014 1984 Nauseolam
1040 1945 1120 1984 tibi
1146 1947 1264 1985 tuam
1290 1959 1458 1986 causam

68 2019 102 2043 30
122 2001 200 2041 otii
226 2001 388 2042 dedisse
414 2002 534 2042 facile
560 2002 762 2055 patiebar.
804 2002 1013 2043 Videbare
1039 2003 1150 2043 enim
1169 2003 1274 2043 mihi
1299 2004 1459 2058 legenti

121 2062 217 2099 tuas
247 2059 414 2100 litteras
440 2060 650 2113 requiesse
676 2060 900 2114 paulisper.
961 2060 1025 2101 De
1051 2061 1185 2102 Bruto
1219 2076 1381 2115 semper
1407 2062 1459 2102 ad

120 2132 187 2157 me
231 2118 371 2158 omnia
408 2118 678 2173 perscribito,
720 2119 793 2159 ubi
831 2119 905 2174 sit,
948 2119 1050 2173 quid
1093 2119 1263 2173 cogitet.
1325 2119 1457 2168 Quem

122 2175 290 2228 quidem
316 2190 392 2230 ego
419 2190 539 2229 spero
566 2177 651 2216 iam
675 2179 770 2217 tuto
796 2177 863 2217 vel
895 2178 1033 2218 solum
1063 2180 1155 2218 tota
1184 2178 1287 2218 urbe
1312 2179 1459 2233 vagari

120 2248 254 2287 posse.
310 2233 471 2274 Verum
502 2237 642 2275 tamen
675 2259 740 2275 ——.
