1665 2553
203 98 289 139 560
337 99 386 134 Μ.
407 98 548 133 TULLI
573 98 821 134 CICERONIS
847 98 994 134 EPIST.
1015 99 1080 133 AD
1106 99 1308 134 BRUTUM
1333 99 1367 133 Π
1393 103 1423 134 5.

203 208 297 235 rum
341 194 513 248 diceret,
564 195 600 236 si
644 197 791 236 contra
833 194 1128 248 proconsulem
1171 210 1288 236 arma
1329 196 1541 238 tulissent.

203 252 333 294 Nosti
368 253 600 308 hominem3
645 268 793 295 causae
828 268 916 294 non
953 253 1098 294 defuit.
1165 253 1377 295 Dixerunt
1416 254 1543 295 etiam

207 312 288 353 alii.
344 311 484 353 Labeo
517 327 615 353 vero
647 315 794 354 noster
824 327 900 353 1160
932 313 1101 367 signum
1133 314 1254 353 tuum
1285 313 1331 353 in
1362 312 1544 366 epistula

205 385 281 411 nec
317 370 427 412 diem
465 371 706 425 adpositum
741 385 818 412 nec
854 373 897 412 te
929 371 1148 425 scripsisse
1180 371 1231 411 ad
1261 374 1372 426 tuos,
1402 374 1450 412 ut
1482 386 1545 413 so-

206 429 323 470 leres.
385 429 478 470 Hoc
516 444 664 484 cogere
701 430 889 484 volebat,
929 430 1058 471 falsas
1089 430 1256 470 litteras
1290 445 1381 471 esse
1412 432 1472 484 et,
1510 430 1546 471 si
1583 447 1598 473 5

161 496 182 526 5
210 488 395 543 quaeris,
431 489 651 542 probabat.
713 488 839 530 Nunc
870 491 991 529 tuum
1024 491 1089 530 est
1120 489 1361 542 consilium,
1401 488 1546 543 Brute,

209 548 258 587 de
302 550 395 588 toto
437 561 588 602 genere
629 547 740 588 belli.
802 547 937 588 Video
976 550 1017 588 te
1054 547 1230 588 lenitate
1269 548 1467 589 delectari
1505 550 1546 588 et

208 621 303 646 eum
337 609 487 659 putare
519 607 704 647 fructum
737 621 827 647 esse
859 607 1090 647 maximum
1122 606 1334 660 praeclare
1366 606 1546 661 quidem,

210 665 281 706 sed
312 665 406 705 aliis
432 665 571 720 rebus,
603 665 698 706 aliis
724 665 988 719 temporibus
1013 665 1131 706 locus
1159 679 1248 706 esse
1275 665 1382 706 solet
1408 665 1547 706 debet-

210 739 290 778 que
328 724 583 765 clementiae.
652 723 777 765 Nunc
815 724 917 778 quid
954 724 1112 778 agitur,
1150 723 1309 765 Brute?
1360 723 1546 777 Templis
1567 741 1601 765 10

210 783 384 824 deorum
422 783 729 824 immortalium
769 783 961 823 imminet
999 783 1220 824 hominum
1259 783 1474 838 egentium
1506 784 1547 823 et

210 842 472 895 perditorum
512 856 626 897 spes,
663 856 738 882 nec
780 842 1007 895 quicquam
1046 842 1161 882 aliud
1200 841 1437 882 decernitur
1467 841 1548 882 hoc

210 901 336 956 bello,
367 901 450 941 nisi
482 904 625 941 utrum
658 901 791 941 simus
816 915 955 941 necne.
1007 899 1085 941 Cui
1111 900 1322 954 parcimus
1350 902 1421 941 aut
1449 900 1550 954 quid

212 960 406 1014 agimus?
451 959 531 1000 His
559 974 659 1014 ergo
686 960 958 1014 consulimus,
985 959 1139 1013 quibus
1166 959 1400 1000 victoribus
1426 959 1549 999 vesti-

212 1019 329 1073 gium
366 1021 562 1059 nostrum
601 1019 767 1059 nullum
799 1018 1090 1072 relinquetur?
1146 1016 1258 1058 Nam
1291 1017 1392 1072 quid
1422 1017 1549 1058 inter-
1570 1033 1602 1059 15

212 1080 276 1118 est
314 1078 424 1118 inter
464 1076 732 1118 Dolabellam
771 1079 812 1118 et
851 1078 1040 1131 quemvis
1073 1075 1358 1121 Antoniorum
1390 1076 1549 1116 trium?

213 1136 402 1185 Quorum
447 1137 483 1177 si
526 1137 593 1177 0111
637 1136 865 1190 parcimus,
910 1136 1003 1176 duri
1040 1136 1197 1176 fuimus
1235 1136 1280 1176 in
1317 1134 1548 1176 Dolabella.

212 1195 328 1236 Haec
378 1198 425 1236 ut
469 1196 530 1235 ita
574 1195 750 1235 sentiret
795 1198 966 1235 senatus
1010 1195 1277 1248 populusque
1320 1193 1550 1248 Romanus,

215 1255 294 1294 etsi
325 1269 391 1294 res
424 1254 517 1307 ipsa
549 1254 744 1308 cogebat,
781 1256 923 1294 tamen
954 1253 1138 1293 maxima
1170 1268 1220 1293 ex
1251 1255 1371 1306 parte
1402 1255 1548 1292 nostro

214 1313 392 1353 consilio
434 1315 561 1366 atque
593 1312 846 1353 auctoritate
878 1312 1111 1365 perfectum
1143 1313 1218 1352 est.
1279 1310 1343 1351 Tu
1376 1311 1411 1351 si
1441 1310 1548 1351 hanc
1571 1327 1603 1351 20

213 1372 421 1412 rationem
453 1386 540 1411 11011
572 1371 737 1424 probas,
769 1373 888 1410 tuam
919 1370 1171 1419 sententiam
1203 1369 1434 1423 defendam,
1465 1383 1552 1409 non

213 1431 448 1484 relinquam
491 1445 638 1470 meam.
700 1428 848 1482 Neque
893 1429 1148 1469 dissolutum
1185 1443 1208 1468 a
1245 1430 1287 1468 te
1326 1428 1551 1481 quicquam

212 1489 406 1530 homines
452 1491 695 1542 exspectant
732 1502 808 1529 nec
845 1487 1022 1528 crudele.
1088 1487 1228 1527 Huius
1267 1487 1328 1527 rei
1365 1486 1551 1527 modera-

213 1549 275 1589 tio
321 1548 456 1588 facilis
496 1551 576 1600 est,
620 1550 668 1587 ut
704 1547 750 1587 in
788 1547 911 1587 duces
944 1546 1168 1587 vehemens
1200 1545 1276 1599 sis,
1318 1545 1364 1585 in
1394 1545 1551 1585 milites

212 1607 413 1648 liberalis.
1572 1618 1604 1644 25

168 1671 187 1701 6
304 1666 549 1706 Ciceronem
576 1679 728 1717 meum,
755 1664 813 1705 mi
840 1664 983 1717 Brute,
1016 1663 1141 1704 velim
1170 1677 1297 1716 quam
1322 1662 1551 1716 plurimum

216 1728 356 1766 tecum
386 1725 551 1765 habeas.
610 1723 796 1764 Virtutis
829 1723 1095 1776 disciplinam
1125 1721 1342 1762 meliorem
1372 1721 1552 1774 reperiet

215 1784 375 1824 nullam
415 1798 540 1836 quam
573 1782 974 1836 contemplationem
1007 1784 1132 1834 atque
1164 1779 1445 1821 imitationem
1477 1779 1551 1819 tui.

216 1854 295 1883 XVI
326 1842 501 1882 Kalend.
528 1841 673 1882 Maias.
