1665 2553
304 99 645 134 EPISTULARUM
669 100 734 134 AD
761 99 977 135 ATTICUM
1000 101 1034 134 II
1061 105 1209 135 22—24.
1383 102 1434 142 71

95 211 207 237 amas
239 198 425 251 tantum,
463 199 670 250 quantum
699 197 889 250 profecto
923 211 1056 252 amas,
1094 197 1130 238 si
1162 196 1339 253 dormis,
1372 211 1438 237 ex-

93 255 346 310 pergiscere,
378 255 414 296 81
446 258 552 310 stas,
583 256 820 310 ingredere,
863 256 898 296 si
930 255 1183 311 ingrederis,
1223 270 1359 311 curre,
1401 256 1437 296 si

94 314 238 369 curris,
271 314 430 355 advola.
477 313 688 355 Credibile
712 329 800 355 11011
825 317 901 370 est,
934 317 1141 368 quantum
1167 328 1244 369 ego
1271 314 1317 355 in
1342 329 1437 355 con—

95 373 200 414 siliis
227 376 265 414 et
286 373 511 427 prudentia
536 376 622 428 tua,
649 374 837 427 quodque
861 374 1094 414 maximum
1120 375 1196 428 est,
1229 376 1437 427 quantum

58 432 140 473 5111
170 446 311 473 amore
344 434 385 472 et
416 432 497 472 fide
529 446 694 485 ponam.
756 432 1007 487 Magnitudo
1040 432 1101 473 rei
1141 432 1315 486 longam
1347 447 1436 473 ora-

93 491 252 531 tionem
291 490 472 531 fortasse
510 490 736 544 desiderat,
780 491 1020 532 coniunctio
1052 505 1152 532 vero
1190 494 1437 532 nostrorum

93 549 330 590 animorum
372 549 581 590 brevitate
625 552 822 591 contenta
866 552 941 591 est.
1020 549 1246 604 Permagni
1287 552 1437 591 nostra

91 608 268 649 interest
299 610 359 662 te,
399 608 434 648 si
466 608 650 649 comitiis
686 623 774 649 non
805 609 1006 663 potueris,
1039 611 1082 649 at
1115 609 1327 650 declarato
1360 609 1435 650 illo

92 680 182 708 esse
212 666 382 708 Romae.
447 665 571 722 Cura,
602 669 650 707 ut
682 667 834 708 valeas.

41 801 73 825 10
687 783 841 826 XXIV.

303 864 376 900 Ser.
405 864 541 899 Romae
567 869 650 899 ante
676 864 757 899 XV
778 865 827 900 K.
854 865 947 900 Nov.
975 877 1007 899 a.
1031 868 1103 900 695
1130 868 1222 909 (59).

516 946 684 981 CICERO
711 946 884 981 ATTICO
913 947 1010 981 SAL.

180 1017 291 1066 Quas
323 1017 548 1059 Numestio
589 1019 756 1060 litteras
795 1019 907 1074 dedi,
945 1019 1004 1060 sic
1036 1021 1078 1060 te
1109 1020 1162 1060 iis
1195 1019 1434 1073 evocabam,

91 1078 138 1118 ut
169 1077 278 1118 nihil
309 1077 445 1118 acrius
476 1091 612 1131 neque
642 1078 860 1118 incitatius
887 1078 980 1118 fieri
1010 1081 1166 1131 posset.
1217 1078 1286 1119 Ad
1317 1079 1435 1119 illam

38 1152 71 1178 15
92 1135 348 1176 celeritatem
381 1136 483 1176 adde
515 1136 654 1192 etiam,
687 1136 723 1177 si
755 1136 857 1190 quid
887 1139 1021 1190 potes.
1076 1136 1139 1177 Ac
1169 1151 1222 1178 110
1255 1137 1312 1177 818
1344 1152 1435 1190 per-

91 1193 289 1235 turbatus
323 1193 442 1250 (novi
475 1195 586 1235 0111111
617 1198 659 1235 te
691 1198 732 1235 et
757 1209 845 1236 non
869 1195 1034 1250 ignoro,
1067 1210 1195 1249 quam
1227 1196 1284 1236 sit
1316 1210 1434 1237 amor

92 1253 227 1293 omnis
258 1253 466 1294 sollicitus
492 1256 619 1307 atque
640 1252 810 1309 anxius)
831 1279 886 1283 —
907 1254 980 1294 sed
1010 1269 1076 1294 res
1110 1257 1185 1307 est,
1216 1257 1265 1294 ut
1298 1269 1434 1309 spero,

89 1326 178 1352 non
206 1314 296 1352 tam
327 1312 444 1352 exitu
473 1313 653 1353 molesta
686 1327 812 1366 quam
845 1312 972 1353 aditu.
1036 1312 1207 1353 Vettius
1240 1312 1330 1368 ille,
1361 1313 1432 1354 ille

90 1372 235 1411 noster
254 1370 391 1424 index,
412 1369 592 1425 Caesari,
624 1373 672 1411 ut
696 1371 986 1425 perspicimus,
1012 1372 1228 1425 pollicitus
1252 1373 1316 1412 est
1343 1385 1432 1412 sese

37 1446 71 1471 20
91 1430 353 1484 curaturum,
384 1431 433 1469 ut
462 1429 509 1469 in
539 1429 725 1483 aliquam
757 1430 1040 1483 suspicionem
1070 1430 1269 1471 facinoris
1304 1428 1432 1471 Curio

90 1487 204 1528 filius
237 1487 521 1528 adduceretur.
575 1487 726 1542 Itaque
758 1489 991 1529 insinuavit
1022 1489 1068 1529 in
1098 1488 1433 1530 familiaritatem

91 1545 370 1586 adulescentis
392 1548 434 1586 et
454 1560 548 1587 cum
574 1561 635 1602 eo,
667 1549 714 1587 ut
740 1561 806 1587 res
832 1547 1002 1603 indicat,
1032 1562 1155 1601 saepe
1182 1561 1432 1602 congressus

89 1619 178 1645 rem
208 1604 255 1645 in
285 1619 381 1645 eum
405 1604 546 1645 locum
571 1605 756 1659 deduxit,
789 1608 836 1646 ut
864 1606 1019 1646 diceret
1046 1606 1127 1646 sibi
1154 1608 1311 1647 certum
1342 1620 1431 1647 esse

90 1677 185 1704 cum
216 1663 303 1703 suis
337 1663 468 1704 servis
500 1663 546 1704 in
569 1662 817 1718 Pompeium
848 1664 1055 1717 impetum
1085 1664 1221 1705 facere
1252 1678 1432 1718 eumque

38 1738 70 1764 25
91 1722 287 1763 occidere.
349 1721 443 1762 Hoc
475 1720 602 1763 Curio
636 1723 687 1763 ad
718 1726 882 1776 patrem
916 1723 1086 1775 detulit,
1123 1723 1195 1763 ille
1228 1723 1280 1763 ad
1311 1722 1433 1763 Pom-

90 1780 241 1834 peium.
302 1779 387 1821 Res
421 1780 559 1821 delata
591 1781 644 1821 ad
676 1784 869 1821 senatum
901 1783 974 1821 est.
1036 1780 1310 1821 Introductus
1332 1780 1433 1822 Vet-

90 1839 176 1879 tius
214 1839 351 1893 primo
389 1839 573 1893 negabat
613 1854 655 1879 80
693 1854 895 1893 umquam
936 1853 1031 1879 cum
1063 1837 1245 1880 Curione
1277 1839 1433 1879 consti—

90 1897 211 1951 tisse,
240 1911 377 1952 neque
408 1897 452 1938 id
484 1912 583 1938 sane
616 1898 704 1952 diu3
742 1912 841 1938 nam
873 1897 1019 1938 statim
1055 1897 1181 1937 fidem
1217 1897 1432 1950 publicam

91 1955 332 2008 postulavit.
403 1955 695 1996 Reclamatum
735 1959 807 1996 est.
876 1956 984 1997 Tum
1024 1955 1220 2009 exposuit
1259 1970 1433 1997 manum

38 2031 72 2055 30
90 2014 222 2054 fuisse
251 2014 485 2055 iuventutis
527 2015 629 2055 duce
662 2013 862 2068 Curione,
902 2015 948 2055 111
989 2029 1071 2068 qua
1108 2013 1265 2054 Paulus
1306 2014 1429 2055 initio

90 2072 240 2113 fuisset
271 2075 313 2113 et
345 2072 389 2121 Q.
423 2072 577 2127 Caepio
618 2073 687 2114 1110
717 2073 876 2114 Brutus
914 2075 955 2114 et
986 2072 1211 2128 Lentulus,
1248 2072 1430 2114 flaminis

91 2130 222 2183 filius,
267 2131 432 2172 conscio
476 2134 612 2186 patre,
656 2134 803 2185 postea
847 2130 889 2173 C.
934 2130 1204 2186 Septimium,
1248 2132 1432 2172 scribam

90 2188 248 2243 Bibuli,
279 2189 507 2243 pugionem
539 2190 623 2231 sibi
648 2205 672 2230 a
697 2190 852 2231 Bibulo
880 2190 1087 2230 attulisse.
1139 2188 1260 2238 Quod
1290 2192 1432 2231 totum

90 2247 262 2288 irrisum
294 2250 376 2302 est,
407 2246 554 2289 Vettio
586 2248 816 2303 pugionem
847 2248 1045 2301 defuisse,
1082 2247 1167 2288 nisi
1204 2248 1242 2289 01
1283 2249 1431 2289 00118111

40 2321 73 2347 35
93 2305 290 2359 dedisset,
332 2320 463 2359 eoque
502 2307 638 2361 magis
679 2307 723 2347 id
762 2307 941 2347 eiectum
978 2309 1052 2361 est,
1094 2306 1206 2360 quod
1243 2321 1276 2347 a.
1311 2307 1347 2347 d.
1380 2319 1431 2348 ΠΙ

1463 1005 1494 1062 1,

1460 1326 1479 1354 [ὃ
