1665 2553
218 81 273 122 36
645 79 693 114 M.
721 79 861 114 TULL1
886 78 1134 114 CICERONIS

217 175 587 218 vehementissime
625 175 786 230 gaudeo
825 174 951 228 idque
981 187 1117 228 neque
1149 174 1304 215 amoris
1336 174 1558 216 mediocris

219 238 260 276 et
291 234 451 289 ingenii
483 234 637 275 summi
670 248 716 274 ac
749 232 980 287 sapientiae
1004 232 1153 274 iudico.
1204 231 1294 282 Qua
1320 233 1370 274 de
1394 247 1439 274 re
1464 248 1559 274 cum

219 294 271 334 ad
313 307 380 334 me
423 293 483 334 ita
528 292 732 347 suaviter,
781 292 1023 346 diligenter,
1067 291 1275 346 officiose,
1317 291 1558 334 humaniter

220 352 461 407 scripseris,
498 354 546 392 ut
581 365 669 392 non
705 350 830 391 modo
869 352 911 391 te
946 349 1112 391 hortari
1150 350 1331 404 amplius
1368 364 1455 392 11011
1492 351 1558 392 de-

219 411 360 465 beam,
399 410 471 451 sed
506 424 560 451 ne
598 411 838 463 exspectare
876 408 1045 462 quidem
1083 408 1157 449 abs
1194 411 1237 450 te
1275 411 1347 449 aut
1379 409 1431 450 ab
1469 409 1557 450 ullo

218 469 391 511 homine
429 471 596 510 tantum
634 467 851 509 facilitatis
890 481 936 508 ac
966 467 1301 508 mansuetudinis
1334 468 1558 522 potuerim,

218 528 329 569 nihil
365 528 470 569 duco
512 541 601 568 esse
638 526 898 568 commodius
938 540 1065 579 quam
1102 525 1151 566 de
1187 525 1254 567 his
1292 526 1418 567 rebus
1449 525 1559 567 nihil

219 587 304 627 iam
349 586 530 640 amplius
576 585 769 631 scribere.
838 583 945 625 Cum
984 584 1139 625 erimus
1180 585 1413 639 congressi,
1454 587 1557 640 tum,

221 646 255 685 si
290 645 392 699 quid
422 659 488 686 res
520 645 638 698 feret,
669 658 809 685 coram
840 643 952 684 inter
981 657 1060 684 nos
1089 643 1360 684 conferemus.

309 703 430 752 Quod
472 703 524 743 ad
565 717 633 743 me
675 703 725 743 de
768 716 812 743 re
855 701 1025 756 publica
1063 701 1231 756 scribis,
1273 702 1463 755 disputas
1510 704 1558 742 tu

221 762 389 816 quidem
429 764 469 802 et
507 764 697 802 amanter
738 763 779 802 et
816 760 1059 814 prudenter,
1099 763 1138 801 et
1177 775 1200 801 a
1233 761 1337 801 meis
1369 760 1557 802 consiliis

220 821 330 861 ratio
368 824 442 861 tua
478 835 564 861 non
603 819 822 874 abhorret,
866 833 964 860 nain
1006 833 1142 872 neque
1185 819 1234 859 de
1279 821 1391 860 statu
1432 819 1557 860 nobis

219 882 392 920 nostrae
429 879 650 934 dignitatis
689 881 751 919 est
788 877 1062 919 recedendum
1098 891 1234 931 neque
1274 878 1363 918 sine
1398 878 1556 919 nostris

221 938 354 991 copiis
385 938 498 978 intra
527 937 699 978 alterius
725 936 933 991 praesidia
958 936 1218 990 veniendum,
1251 939 1292 977 et
1317 937 1366 991 is,
1398 936 1447 977 de
1473 951 1556 990 quo

222 996 385 1051 scribis,
416 996 524 1037 nihil
551 996 681 1036 habet
713 995 912 1050 amplum,
941 994 1049 1035 nihil
1081 995 1303 1049 excelsum,
1332 994 1442 1035 nihil
1472 1009 1557 1036 non

222 1055 495 1096 summissum
533 1057 659 1108 atque
696 1054 909 1107 populare.
971 1053 1131 1094 Verum
1162 1056 1304 1094 tamen
1335 1053 1416 1094 fuit
1448 1053 1556 1094 ratio

221 1114 327 1155 mihi
369 1114 551 1154 fortasse
591 1113 643 1153 ad
685 1112 1038 1165 tranquillitatem
1083 1126 1275 1153 meorum
1318 1114 1558 1166 temporum

221 1186 308 1213 non
344 1171 526 1225 inutilis,
565 1171 637 1211 sed
676 1171 911 1211 mehercule
948 1171 1009 1210 rei
1040 1170 1232 1223 publicae
1262 1170 1398 1211 multo
1432 1170 1556 1211 etiam

221 1230 367 1271 utilior
400 1245 527 1283 quam
556 1229 661 1270 mihi
695 1229 849 1270 civium
880 1228 1171 1282 improborum
1201 1229 1384 1282 impetus
1416 1228 1460 1269 in
1491 1242 1558 1269 me

222 1289 412 1343 reprimi,
443 1303 537 1329 cum
568 1288 751 1329 hominis
784 1287 1044 1341 amplissima
1074 1287 1263 1342 fortuna,
1296 1287 1557 1341 auctoritate,

223 1348 359 1402 gratia
398 1346 672 1388 fluctuantem
710 1346 962 1388 sententiam
1000 1345 1314 1387 confirmassem
1347 1348 1387 1386 et
1425 1361 1448 1386 a
1485 1359 1558 1399 spe

222 1406 430 1446 malorum
452 1406 503 1446 ad
522 1419 712 1446 mearum
738 1419 878 1446 rerum
902 1404 1069 1445 laudem
1095 1404 1405 1445 convertissem.
1439 1403 1559 1452 Quod

223 1465 259 1505 si
291 1479 386 1506 cum
417 1464 559 1518 aliqua
589 1464 762 1505 levitate
793 1463 899 1504 mihi
930 1463 1167 1504 faciendum
1198 1462 1366 1517 fuisset,
1397 1462 1559 1503 nullam

222 1537 310 1563 rem
342 1523 452 1563 tanti
485 1522 788 1576 aestimassem3
823 1522 894 1563 sed
921 1524 1064 1562 tamen
1095 1537 1118 1562 a
1142 1536 1208 1562 me
1245 1521 1305 1563 ita
1337 1524 1435 1562 sunt
1468 1523 1559 1562 acta

224 1582 382 1635 omnia,
418 1595 505 1622 non
541 1584 588 1622 ut
627 1595 703 1636 ego
742 1580 806 1621 illi
844 1580 1081 1621 adsentiens
1119 1580 1270 1635 levior,
1307 1579 1379 1620 sed
1410 1582 1456 1620 ut
1487 1579 1559 1620 ille

223 1654 290 1681 1116
339 1640 523 1694 probans
574 1640 743 1694 gravior
792 1639 1013 1680 videretur.
1092 1637 1274 1692 Reliqua
1318 1638 1377 1679 sic
1420 1653 1444 1678 a
1491 1651 1559 1678 me

224 1701 409 1753 aguntur
436 1702 476 1739 et
509 1701 697 1753 agentur,
730 1700 777 1738 ut
807 1712 894 1738 non
926 1697 1251 1751 committamus,
1282 1699 1330 1737 ut
1362 1710 1420 1751 ea,
1453 1709 1559 1749 quae

224 1757 450 1811 gessimus,
498 1757 678 1797 fortuito
729 1756 909 1811 gessisse
951 1755 1177 1796 videamur.
1256 1754 1373 1795 Meos
1424 1754 1557 1795 bonos

222 1816 354 1868 viros,
392 1815 488 1856 illos
528 1829 633 1869 quos
673 1815 904 1870 significas,
942 1817 1000 1869 et,
1041 1828 1131 1854 eam
1163 1828 1289 1868 quam
1319 1812 1424 1853 mihi
1455 1812 1558 1853 dicis

225 1874 448 1929 obtigisse,
481 1874 692 1928 Σπάρταν
721 1888 809 1915 11011
839 1872 962 1914 modo
994 1887 1226 1926 numquam
1257 1871 1456 1926 deseram,
1487 1871 1559 1912 sed

224 1932 370 1987 etiam,
412 1932 448 1973 si
486 1946 562 1987 ego
596 1932 648 1972 ab
680 1932 754 1972 illa
785 1932 969 1986 deserar,
1008 1934 1151 1972 tamen
1180 1931 1225 1971 in
1255 1944 1347 1970 mea
1378 1929 1559 1983 pristina

225 1990 432 2031 sententia
475 1990 740 2045 permanebo.
813 1990 924 2031 Illud
967 1992 1110 2030 tamen
1157 1988 1283 2029 velim
1332 1987 1560 2044 existimes,

224 2063 290 2089 me
332 2049 440 2090 hanc
483 2049 595 2090 viam
639 2049 885 2102 optimatem
931 2050 1029 2101 post
1073 2045 1214 2088 Catuli
1263 2049 1443 2087 mortem
1485 2060 1560 2087 nec

225 2107 433 2159 praesidio
483 2107 571 2148 ullo
620 2121 696 2148 nec
741 2107 945 2148 comitatu
993 2109 1144 2146 tenere.
1224 2103 1354 2160 Nam,
1402 2107 1450 2146 ut
1499 2105 1558 2145 ait

224 2163 428 2220 Rhinton,
460 2169 507 2206 ut
540 2166 700 2220 opinor,

321 2269 392 2310 ‘Oi
423 2268 502 2323 μὲν
533 2269 635 2325 παρ’
671 2269 802 2312 οὐδέν
834 2270 930 2323 εἰσι,
962 2275 1053 2317 τοῖς
1086 2267 1126 2309 δ’
1162 2266 1294 2310 οὐδὲν
1325 2267 1470 2323 μέλει.’

1578 720 1612 744 10

1578 1012 1611 1038 15

1577 1306 1611 1330 20

1578 1598 1611 1623 25

1578 1890 1612 1915 30

1578 2180 1611 2206 35
