1665 2553
196 55 307 91 CXIV
618 57 897 92 ADNOTATIO
925 56 1112 92 CRITICA

194 151 318 194 efficis,
346 150 480 195 ‘magis
505 150 804 195 interpolationis
831 162 943 194 quam
968 151 1151 195 genuinae
1174 151 1345 186 lectionis
1372 153 1535 197 speciem

194 197 376 241 praebet',
398 200 469 231 ΔΣ
486 200 610 231 autem
630 209 699 233 om.
721 199 814 242 quod
833 199 865 232 si
884 198 982 231 inter
1002 209 1071 232 6336
1091 200 1128 232 61
1147 200 1271 242 efficis.
1304 201 1314 243 ΙΙ
1346 199 1391 234 Ρ.
1407 198 1497 235 394.
1513 205 1531 233 1

193 244 316 289 †add.
342 244 436 278 Boot
467 244 558 279 coni.
584 246 684 279 Nam
715 256 775 290 690
808 246 936 289 quanti
961 249 1102 288 patrem
1131 246 1218 288 feci,
1256 247 1350 280 tante]
1388 258 1440 280 me
1476 247 1535 282 hic

193 303 309 334 nunc,
351 295 383 326 et
419 292 552 334 ipsum,
596 296 708 326 totum
745 292 785 325 in
816 293 927 334 hunc,
961 296 998 326 et
1029 293 1146 336 ipsum
1177 292 1362 335 Lambin.,
1396 293 1533 337 Baiter,

193 337 384 380 Wesenh,
417 337 600 380 Schmidt,
627 338 780 381 Tyrrell.
808 359 852 363 —
879 343 898 372 6
925 339 1036 372 deerit
1061 339 1141 373 edd.
1183 339 1242 372 Ad
1260 351 1295 383 p.
1318 343 1395 374 327.
1412 344 1465 374 29,
1488 361 1533 365 —

194 388 214 417 8
240 397 270 418 v.
298 384 466 418 Schmidt
489 397 524 429 p.
545 388 624 427 498,
651 385 795 429 Tyr-rell
821 396 875 429 ep.
893 389 973 428 602,
1001 385 1042 419 Χ
1059 386 1107 419 K.
1127 387 1212 420 Iun.
1235 386 1389 420 Schiche
1408 386 1531 421 Herm.

192 431 277 464 XIII
295 444 330 475 p.
346 436 412 465 596
433 434 470 465 et
489 435 568 474 614,
588 443 702 466 'mense
727 433 828 466 Maio
848 432 984 473 Baiter,
1007 431 1177 466 Wesenb.
1198 454 1243 458 —
1270 437 1312 466 13
1334 434 1420 477 quid
1440 435 1534 468 enim

193 478 231 511 in
245 478 465 522 parenthut
482 483 548 512 411
572 482 615 511 30
631 478 815 521 VVeseub,
834 479 938 513 Boot.
966 478 1023 512 Ad
1036 491 1071 523 p.
1083 483 1136 513 16.
1151 483 1199 513 14.
1215 501 1261 504 —
1282 484 1324 513 15
1339 480 1534 524 Separavit

192 525 289 559 hanc
315 525 514 569 epistulam
534 525 702 559 Schmidt
723 538 758 569 p.
780 529 846 559 287
863 537 927 568 sq.,
955 529 1033 567 498,
1054 525 1197 569 Tyrrell
1217 537 1270 570 ep.
1295 530 1372 569 606,
1395 527 1530 561 contin.

193 572 338 615 reliqui,
365 572 478 605 etiam
504 571 657 605 Schiche
676 576 849 616 p.596sq.
876 593 920 597 -—
949 576 990 606 18
1002 583 1053 615 sq.
1075 573 1201 607 Etiam
1222 574 1388 608 Pisonem
1414 575 1534 609 adibis

193 619 235 653 de
255 630 345 653 (turo
366 619 457 652 coni.
473 619 576 660 Boot,
598 620 788 653 Eoeumina
809 620 974 653 Pisonem
995 631 1061 652 scr.
1078 619 1255 654 Schmidt.
1289 620 1346 653 Ad
1365 633 1399 664 p.
1412 624 1530 655 1422.

193 686 238 690 —
262 669 305 699 28
331 666 587 700 necessitudo-§t
607 666 672 699 M1.
717 666 776 698 Ad
807 678 841 710 p.
859 670 888 700 1.
906 670 959 699 11.
1016 668 1027 711 Η
1082 666 1127 700 Ρ.
1149 666 1238 701 395.
1261 671 1278 700 1
1306 679 1334 701 V.
1364 667 1534 701 Schmidt

192 724 226 756 p.
249 716 315 746 295
331 724 396 755 sq.,
423 716 501 754 498,
529 712 671 755 Tyri-el]
692 723 746 756 ep.
769 716 847 754 609,
867 712 1001 756 reliqui
1022 713 1242 747 continuant
1261 713 1470 757 epistulam.
1486 736 1531 740 —

192 764 213 792 4
245 770 324 804 erqo
357 770 423 793 om.
458 759 506 801 M,
539 759 717 801 Schmidt,
749 761 941 802 tamquam
972 759 1176 793 insiticium
1203 760 1368 794 scribunt
1393 761 1532 805 Baiter,

192 806 240 838 W
243 806 363 840 esenb.
370 806 531 846 ,habent
544 808 579 839 Σ
591 808 628 839 61
642 805 737 839 Crat.
752 806 955 850 (Lehmann
969 807 1043 840 Att
1059 819 1094 850 p.
1103 811 1158 848 48,
1169 811 1211 840 75
1227 809 1306 851 eX.)
1322 827 1366 832 —-
1379 811 1396 840 7
1411 819 1446 842 36
1460 819 1530 843 om.

191 853 293 886 Boot.
332 853 391 885 Ad
416 865 450 896 11
466 852 560 898 8119.
589 874 632 877 -—
660 857 701 886 11
718 865 770 896 sq.
798 853 878 887 edd
901 856 1048 897 praeter
1068 853 1313 887 Schmidtium
1333 855 1377 898 (v.
1398 866 1432 898 p.
1449 857 1531 899 296)

192 902 229 933 61
248 899 470 943 Tyn-ellium
489 899 639 933 initium
658 900 801 933 faciunt
821 900 1003 944 epistulae
1016 900 1076 942 ΙΙΙ,
1103 900 1257 934 Schiche
1270 900 1391 934 Herm.
1413 901 1532 935 XVIII

192 959 225 991 p.
249 950 313 980 601
343 948 461 980 totam
498 946 603 990 epist.
643 946 693 979 ΙΙΙ
732 947 893 980 conectit
930 959 1012 980 cum
1043 958 1098 991 ep
1120 947 1204 980 XIII
1224 952 1243 981 2
1271 950 1308 981 et
1333 952 1364 981 3.
1402 969 1447 973 —-
1486 953 1531 982 14

190 1005 221 1027 v.
244 993 409 1026 Schmidt
428 1005 462 1037 p.
483 997 563 1035 499,
589 993 732 1036 Tyri-cll
752 1004 807 1037 ep.
829 997 907 1035 611,
928 995 992 1027 ΙΙ
1006 994 1094 1027 Καῖ.
1114 995 1199 1028 Iun.
1222 994 1376 1028 Schiche
1395 1007 1429 1039 p.
1450 998 1529 1037 614,

193 1051 305 1074 mense
325 1040 431 1074 M'aio
449 1040 586 1082 Baiter,
614 1040 785 1074 Wesenb.
812 1061 857 1064 —
885 1044 926 1074 18
953 1041 1047 1083 quod
1067 1040 1252 1083 Cratand„
1279 1041 1360 1074 edd.
1381 1044 1531 1085 praeter

192 1087 447 1120 Schmidtium.
474 1108 520 1111 —
544 1086 594 1120 Ib.
611 1098 662 1129 sq.
695 1086 816 1131 Quid?
850 1087 934 1130 Ipse
953 1089 1133 1131 neyotium
1155 1099 1266 1121 meum
1284 1099 1436 1132 gererem
1456 1089 1530 1122 nisi

191 1135 339 1168 consilio
365 1133 452 1168 tuo?
483 1133 531 1174 M,
558 1133 699 1175 Baiter,
734 1133 910 1175 Schmidt,
937 1133 1089 1177 Tyr-rell.
1142 1133 1253 1167 ‘IHud
1278 1135 1365 1178 quid
1390 1136 1465 1178 ipse
1489 1135 1529 1169 in

192 1184 223 1214 Δ
255 1180 389 1214 callide
422 1180 673 1223 excogitatum
705 1180 752 1213 ad
783 1180 928 1213 hiatum
960 1180 1221 1224 obtegendum’
1256 1181 1402 1214 videtur
1435 1181 1527 1215 Leh-

189 1238 325 1260 manno
351 1227 426 1261 Att.
453 1239 487 1271 p.
511 1230 593 1268 183,
627 1228 689 1270 qui
721 1228 757 1260 et
790 1227 872 1261 add.
906 1227 998 1261 nihil
1022 1239 1174 1272 yererem
1199 1227 1339 1261 habent
1364 1228 1405 1267 Ζ,
1439 1240 1468 1262 v.
1486 1240 1528 1271 c.,

189 1274 343 1317 L(mgo),
355 1272 460 1315 RPO,
473 1273 656 1315 Wesenb.,
668 1273 770 1307 Boot.
781 1295 825 1298 —
838 1277 878 1307 21
893 1285 960 1318 quo
972 1275 1109 1308 dubites
1119 1273 1329 1308 LambiniV.
1340 1285 1380 1317 c.,
1390 1275 1528 1317 Baiter,

191 1320 375 1361 Wesenb,
402 1320 504 1353 Boot.
544 1320 601 1353 Ad
626 1332 659 1364 p.
682 1324 759 1354 339.
781 1324 835 1354 31.
863 1341 907 1345 —
928 1325 971 1353 24
991 1325 1050 1355 est.
1068 1332 1175 1364 praes
1195 1322 1392 1365 aliquando
1409 1323 1528 1364 fuctus

189 1379 304 1409 63363,
323 1371 360 1402 et
379 1367 515 1409 Baiter,
536 1367 629 1400 Boot
648 1369 685 1400 et
706 1367 787 1401 add.
810 1368 951 1411 quidem.
968 1369 1053 1411 post
1072 1368 1186 1402 Praes
1205 1378 1224 1401 e
1243 1367 1350 1402 Torn.
1371 1367 1525 1412 Tyrrell,

189 1419 258 1456 est5
277 1425 386 1458 praes
410 1414 596 1459 [quidem]
622 1414 819 1458 aliquando
844 1416 963 1457 factius
988 1426 1033 1457 es,
1054 1419 1085 1449 et
1109 1414 1298 1456 Wesenb.‚
1330 1419 1362 1450 et
1386 1426 1528 1458 reprae-

188 1461 419 1503 sentandum,
457 1462 585 1504 (locanti
620 1462 700 1503 fieri
731 1465 847 1504 potest
878 1462 917 1495 in
948 1462 1003 1495 his
1035 1462 1176 1505 quidem
1207 1462 1339 1495 tabulis
1370 1464 1435 1495 aut
1464 1463 1528 1496 An

189 1509 269 1552 quis
296 1519 403 1551 praes
437 1508 636 1550 aliquando
666 1508 785 1550 faetus
816 1512 900 1542 esset
924 1509 963 1541 in
989 1509 1020 1542 h.
1048 1519 1078 1551 q.
1105 1512 1127 1542 t.
1156 1508 1247 1542 coni.
1276 1508 1453 1543 Schmidt.
1480 1530 1526 1534 —

190 1558 233 1588 25
259 1559 372 1589 cetera
396 1554 520 1598 potius
548 1565 659 1597 quam
685 1556 807 1588 omniu
832 1566 897 1588 scr.
927 1554 1102 1588 Schmidt.
1130 1575 1174 1579 —
1200 1555 1250 1588 ΙΙ).
1267 1566 1318 1598 sq.
1346 1559 1527 1590 teneamus

188 1622 232 1626 —-
250 1602 408 1635 volumus
421 1601 459 1634 in
478 1601 646 1645 parenth.
669 1601 749 1634 edd.
774 1601 829 1634 Ad
842 1614 876 1645 p.
895 1605 946 1635 16.
965 1605 1016 1635 14.
1056 1603 1067 1645 ΙΙ
1110 1602 1154 1636 P.
1170 1601 1260 1635 396.
1277 1606 1295 1634 2
1316 1613 1346 1635 v.
1369 1601 1525 1635 Schiche

188 1648 309 1682 Herm.
326 1647 442 1681 XVIII
461 1660 494 1691 p.
510 1651 587 1690 614,
615 1648 781 1682 Schmidt
800 1652 922 1692 p.499,
949 1648 1091 1691 Tyrrell
1112 1658 1166 1692 ep.
1180 1651 1258 1690 614,
1284 1659 1398 1682 mense
1417 1649 1525 1683 Maio

188 1695 324 1737 Baiter,
351 1706 400 1728 an
417 1695 502 1729 Iun.
523 1694 694 1728 Wesenb.
716 1716 761 1719 —
781 1699 800 1729 5
815 1695 867 1729 Et
881 1695 1020 1739 quidem
1034 1696 1075 1729 de
1093 1695 1273 1728 Tuditano
1287 1695 1523 1738 (Tuditanis)

187 1743 280 1776 idem
307 1746 396 1785 puto
421 1741 612 1775 Lehmann
639 1740 803 1782 Quaestt.
830 1753 864 1786 p.
887 1746 930 1775 50
946 1753 1016 1784 sq.,
1043 1746 1147 1785 utque
1173 1742 1265 1775 idem
1282 1746 1371 1784 puto
1398 1740 1524 1785 Orelli,

186 1789 330 1832 Baiter,
354 1793 395 1822 ut
426 1789 586 1832 equidem
607 1793 696 1831 puto
722 1788 905 1831 VVesenb„
938 1789 1118 1833 Equidem
1151 1788 1244 1822 idem
1263 1792 1353 1831 puto
1378 1787 1522 1822 Mosero

189 1838 336 1870 auctore
363 1835 407 1880 (is
432 1846 553 1879 progr.
586 1834 666 1868 Ulm
693 1838 781 1868 1841
803 1848 836 1879 p.
860 1839 902 1868 22
918 1847 970 1878 sq.
997 1836 1091 1879 item)
1117 1835 1220 1877 Boot,
1249 1834 1409 1878 ‘poterat
1434 1846 1523 1878 quo-

187 1883 271 1925 que’
301 1882 368 1925 (sic
394 1882 488 1915 solet
505 1882 612 1926 Boot)
635 1881 777 1915 ‘scribiz
798 1882 880 1927 qu
899 1883 991 1916 idem
1008 1881 1122 1925 puto’,
1149 1881 1205 1915 De
1229 1881 1411 1915 Tuditano
1430 1882 1524 1916 idem

180 1933 272 1972 puto
292 1928 460 1963 Schmidt
483 1940 542 1973 etq
568 1939 611 1962 ex
637 1929 678 1963 de
702 1929 788 1963 rudi
813 1930 934 1962 ortum
958 1930 1073 1971 ratus,
1099 1927 1250 1971 Tyr-rell.
1275 1948 1320 1952 —-
1346 1931 1364 1961 9
1386 1929 1525 1971 poteris

187 1986 266 2009 cum
291 1976 439 2018 Pisone,
469 1976 630 2018 conficies
662 1975 744 2008 edd.
770 1974 828 2019 (cf.
848 1987 882 2019 p.
904 1979 982 2009 420.
999 1977 1050 2017 3),
1095 1974 1164 2008 etsi
1196 1973 1395 2007 admodum
1426 1974 1523 2008 nihil

186 2021 350 2055 interest.
384 2043 429 2046 —
462 2026 505 2056 16
538 2034 566 2055 V.
602 2021 769 2055 Schmidt
798 2033 832 2065 p.
856 2025 940 2064 500,
978 2021 1121 2064 Tyrrell
1146 2031 1199 2064 ep.
1223 2024 1302 2063 615,
1338 2022 1412 2054 III
1432 2022 1520 2056 Kal.

186 2068 269 2101 Iun.
300 2068 452 2101 Schiche
478 2069 600 2102 Herm.
627 2068 744 2102 XVIII
767 2080 801 2112 p.
825 2072 902 2110 614,
929 2079 1042 2102 mense
1061 2068 1172 2101 Iunio
1191 2067 1327 2109 Baiter,
1348 2067 1520 2103 Wesenb.

187 2135 232 2139 —
260 2118 301 2147 19
328 2115 487 2149 videlieet
512 2115 539 2149 ⁹⁵.
566 2116 692 2150 etenim
715 2115 853 2156 Baiter,
878 2114 957 2147 sine
984 2114 1094 2147 stella
1120 2113 1296 2155 Schmidt,
1323 2114 1432 2157 Boot,
1461 2114 1522 2148 cui

189 2160 322 2204 ‘magis
360 2161 498 2204 placet’
537 2173 648 2204 quam
686 2161 932 2195 Graevianum
969 2161 1037 2195 Sed
1067 2161 1228 2195 videlieet
1257 2172 1336 2195 eum
1368 2161 1522 2206 leyatum

184 2207 297 2249 fratri
323 2207 434 2249 fuisse
462 2207 777 2242 ‘Schuetzianumz
817 2208 886 2242 Sed
916 2208 1077 2241 videlieet
1101 2206 1251 2251 εὔλογον
1275 2208 1387 2250 fratri
1410 2208 1522 2250 fuisse

182 2265 245 2298 np.
271 2253 466 2298 legatum’,
504 2256 564 2290 sed
588 2255 748 2290 videlicet
773 2255 940 2297 erravi5
965 2255 1092 2289 etenim
1112 2253 1261 2299 εὔλογον
1282 2253 1452 2288 Wesenb.
1473 2253 1517 2288 V.
