<?xml version="1.0" encoding="UTF-8"?>
<!DOCTYPE html PUBLIC "-//W3C//DTD XHTML 1.0 Transitional//EN"
    "http://www.w3.org/TR/xhtml1/DTD/xhtml1-transitional.dtd">
<html xmlns="http://www.w3.org/1999/xhtml" xml:lang="en" lang="en">
 <head>
  <title>
</title>
<meta http-equiv="Content-Type" content="text/html;charset=utf-8" />
  <meta name='ocr-system' content='tesseract 3.04.00' />
  <meta name='ocr-capabilities' content='ocr_page ocr_carea ocr_par ocr_line ocrx_word'/>
</head>
<body>
  <div class='ocr_page' id='page_1' title='image "./p2scriptaquaemanse03ciceuoft_0642.png"; bbox 0 0 1665 2553; ppageno 0'>
   <div class='ocr_carea' id='block_1_1' title="bbox 207 67 1123 109">
    <p class='ocr_par' dir='ltr' id='par_1_1' title="bbox 207 67 1123 109">
     <span class='ocr_line' id='line_1_1' title="bbox 207 67 1123 109; baseline -0.008 0"><span class='ocrx_word' id='word_1_1' title='bbox 207 68 294 109; x_wconf 78' lang='lat'>452</span> <span class='ocrx_word' id='word_1_2' title='bbox 635 68 684 103; x_wconf 91' lang='lat' dir='ltr'>M.</span> <span class='ocrx_word' id='word_1_3' title='bbox 705 68 846 102; x_wconf 87' lang='lat' dir='ltr'>TULLI</span> <span class='ocrx_word' id='word_1_4' title='bbox 873 67 1123 103; x_wconf 85' lang='lat' dir='ltr'>CICERONIS</span> 
     </span>
    </p>
   </div>
   <div class='ocr_carea' id='block_1_2' title="bbox 208 163 1601 512">
    <p class='ocr_par' dir='ltr' id='par_1_2' title="bbox 208 163 1601 512">
     <span class='ocr_line' id='line_1_2' title="bbox 208 163 1547 219; baseline 0.001 -15"><span class='ocrx_word' id='word_1_5' title='bbox 208 163 430 205; x_wconf 85' lang='lat' dir='ltr'>mandasse</span> <span class='ocrx_word' id='word_1_6' title='bbox 462 178 536 217; x_wconf 91' lang='lat' dir='ltr'>per</span> <span class='ocrx_word' id='word_1_7' title='bbox 567 163 746 219; x_wconf 88' lang='lat' dir='ltr'>litteras,</span> <span class='ocrx_word' id='word_1_8' title='bbox 777 166 825 204; x_wconf 89' lang='lat' dir='ltr'>ut</span> <span class='ocrx_word' id='word_1_9' title='bbox 858 164 906 204; x_wconf 88' lang='lat' dir='ltr'>de</span> <span class='ocrx_word' id='word_1_10' title='bbox 937 163 1133 204; x_wconf 85' lang='lat' dir='ltr'>Montani</span> <span class='ocrx_word' id='word_1_11' title='bbox 1164 164 1338 218; x_wconf 81' lang='lat' dir='ltr'>negotio</span> <span class='ocrx_word' id='word_1_12' title='bbox 1371 178 1466 205; x_wconf 89' lang='lat' dir='ltr'>cum</span> <span class='ocrx_word' id='word_1_13' title='bbox 1498 177 1547 205; x_wconf 85' lang='lat' dir='ltr'>eo</span> 
     </span>
     <span class='ocr_line' id='line_1_3' title="bbox 208 222 1548 277; baseline 0.001 -15"><span class='ocrx_word' id='word_1_14' title='bbox 208 222 444 276; x_wconf 73' lang='lat' dir='ltr'>loquer-ere,</span> <span class='ocrx_word' id='word_1_15' title='bbox 489 225 530 262; x_wconf 90' lang='lat' dir='ltr'>et</span> <span class='ocrx_word' id='word_1_16' title='bbox 573 222 701 263; x_wconf 86' lang='lat' dir='ltr'>velim</span> <span class='ocrx_word' id='word_1_17' title='bbox 744 236 862 263; x_wconf 88' lang='lat' dir='ltr'>cures</span> <span class='ocrx_word' id='word_1_18' title='bbox 908 222 1154 277; x_wconf 74' lang='lat' dir='ltr'>epistulam,</span> <span class='ocrx_word' id='word_1_19' title='bbox 1199 237 1326 276; x_wconf 89' lang='lat' dir='ltr'>quam</span> <span class='ocrx_word' id='word_1_20' title='bbox 1363 223 1416 263; x_wconf 89' lang='lat' dir='ltr'>ad</span> <span class='ocrx_word' id='word_1_21' title='bbox 1453 237 1548 263; x_wconf 88' lang='lat' dir='ltr'>eum</span> 
     </span>
     <span class='ocr_line' id='line_1_4' title="bbox 208 281 1548 336; baseline 0.001 -15"><span class='ocrx_word' id='word_1_22' title='bbox 208 281 320 335; x_wconf 88' lang='lat' dir='ltr'>misi,</span> <span class='ocrx_word' id='word_1_23' title='bbox 350 281 615 335; x_wconf 79' lang='lat' dir='ltr'>reddendam,</span> <span class='ocrx_word' id='word_1_24' title='bbox 647 284 689 321; x_wconf 89' lang='lat' dir='ltr'>et</span> <span class='ocrx_word' id='word_1_25' title='bbox 715 281 817 334; x_wconf 87' lang='lat' dir='ltr'>ipse,</span> <span class='ocrx_word' id='word_1_26' title='bbox 849 281 962 334; x_wconf 90' lang='lat' dir='ltr'>quod</span> <span class='ocrx_word' id='word_1_27' title='bbox 988 281 1208 322; x_wconf 88' lang='lat' dir='ltr'>commodo</span> <span class='ocrx_word' id='word_1_28' title='bbox 1234 283 1309 322; x_wconf 92' lang='lat' dir='ltr'>tuo</span> <span class='ocrx_word' id='word_1_29' title='bbox 1335 281 1421 336; x_wconf 91' lang='lat' dir='ltr'>fiat,</span> <span class='ocrx_word' id='word_1_30' title='bbox 1453 296 1548 322; x_wconf 87' lang='lat' dir='ltr'>cum</span> 
     </span>
     <span class='ocr_line' id='line_1_5' title="bbox 210 339 1548 395; baseline 0 -15"><span class='ocrx_word' id='word_1_31' title='bbox 210 354 258 380; x_wconf 90' lang='lat' dir='ltr'>eo</span> <span class='ocrx_word' id='word_1_32' title='bbox 291 340 557 393; x_wconf 78' lang='lat' dir='ltr'>conloquare.</span> <span class='ocrx_word' id='word_1_33' title='bbox 618 339 748 394; x_wconf 90' lang='lat' dir='ltr'>Puto,</span> <span class='ocrx_word' id='word_1_34' title='bbox 787 339 822 380; x_wconf 89' lang='lat' dir='ltr'>si</span> <span class='ocrx_word' id='word_1_35' title='bbox 855 339 957 393; x_wconf 89' lang='lat' dir='ltr'>quid</span> <span class='ocrx_word' id='word_1_36' title='bbox 987 340 1032 380; x_wconf 91' lang='lat' dir='ltr'>in</span> <span class='ocrx_word' id='word_1_37' title='bbox 1062 339 1233 380; x_wconf 86' lang='lat' dir='ltr'>homine</span> <span class='ocrx_word' id='word_1_38' title='bbox 1264 340 1440 394; x_wconf 87' lang='lat' dir='ltr'>pudoris</span> <span class='ocrx_word' id='word_1_39' title='bbox 1474 341 1548 395; x_wconf 91' lang='lat' dir='ltr'>est,</span> 
     </span>
     <span class='ocr_line' id='line_1_6' title="bbox 208 398 1601 452; baseline 0.001 -14"><span class='ocrx_word' id='word_1_40' title='bbox 208 401 524 451; x_wconf 87' lang='lat' dir='ltr'>praestaturum</span> <span class='ocrx_word' id='word_1_41' title='bbox 570 413 681 452; x_wconf 90' lang='lat' dir='ltr'>eum,</span> <span class='ocrx_word' id='word_1_42' title='bbox 724 412 776 439; x_wconf 88' lang='lat' dir='ltr'>ne</span> <span class='ocrx_word' id='word_1_43' title='bbox 819 412 912 439; x_wconf 86' lang='lat' dir='ltr'>sero</span> <span class='ocrx_word' id='word_1_44' title='bbox 951 412 1046 439; x_wconf 89' lang='lat' dir='ltr'>cum</span> <span class='ocrx_word' id='word_1_45' title='bbox 1085 398 1237 439; x_wconf 88' lang='lat' dir='ltr'>damno</span> <span class='ocrx_word' id='word_1_46' title='bbox 1276 398 1546 452; x_wconf 87' lang='lat' dir='ltr'>dependatur.</span> <span class='ocrx_word' id='word_1_47' title='bbox 1585 414 1601 440; x_wconf 87' lang='lat'>5</span> 
     </span>
     <span class='ocr_line' id='line_1_7' title="bbox 209 456 1548 512; baseline 0.001 -15"><span class='ocrx_word' id='word_1_48' title='bbox 209 456 272 497; x_wconf 87' lang='lat' dir='ltr'>De</span> <span class='ocrx_word' id='word_1_49' title='bbox 304 456 449 497; x_wconf 85' lang='lat' dir='ltr'>Attica</span> <span class='ocrx_word' id='word_1_50' title='bbox 488 460 735 511; x_wconf 79' lang='lat' dir='ltr'>pergratum</span> <span class='ocrx_word' id='word_1_51' title='bbox 772 456 877 497; x_wconf 88' lang='lat' dir='ltr'>mihi</span> <span class='ocrx_word' id='word_1_52' title='bbox 916 457 1053 497; x_wconf 86' lang='lat' dir='ltr'>fecisti</span> <span class='ocrx_word' id='word_1_53' title='bbox 1089 457 1200 510; x_wconf 87' lang='lat' dir='ltr'>quod</span> <span class='ocrx_word' id='word_1_54' title='bbox 1238 458 1413 512; x_wconf 87' lang='lat' dir='ltr'>curasti,</span> <span class='ocrx_word' id='word_1_55' title='bbox 1451 460 1548 498; x_wconf 86' lang='lat' dir='ltr'>ante</span> 
     </span>
    </p>
   </div>
   <div class='ocr_carea' id='block_1_3' title="bbox 210 515 1212 569">
    <p class='ocr_par' dir='ltr' id='par_1_3' title="bbox 210 515 1212 569">
     <span class='ocr_line' id='line_1_8' title="bbox 210 515 1212 569; baseline 0 -13"><span class='ocrx_word' id='word_1_56' title='bbox 210 516 358 556; x_wconf 88' lang='lat' dir='ltr'>scirem</span> <span class='ocrx_word' id='word_1_57' title='bbox 389 518 502 556; x_wconf 90' lang='lat' dir='ltr'>recte</span> <span class='ocrx_word' id='word_1_58' title='bbox 534 530 624 556; x_wconf 88' lang='lat' dir='ltr'>esse</span> <span class='ocrx_word' id='word_1_59' title='bbox 657 530 783 569; x_wconf 88' lang='lat' dir='ltr'>quam</span> <span class='ocrx_word' id='word_1_60' title='bbox 813 529 900 556; x_wconf 88' lang='lat' dir='ltr'>non</span> <span class='ocrx_word' id='word_1_61' title='bbox 932 515 1040 556; x_wconf 88' lang='lat' dir='ltr'>belle</span> <span class='ocrx_word' id='word_1_62' title='bbox 1071 516 1212 556; x_wconf 87' lang='lat' dir='ltr'>fuisse.</span> 
     </span>
    </p>
   </div>
   <div class='ocr_carea' id='block_1_4' title="bbox 416 607 1603 782">
    <p class='ocr_par' dir='ltr' id='par_1_4' title="bbox 416 607 1603 782">
     <span class='ocr_line' id='line_1_9' title="bbox 813 607 947 649; baseline 0 0"><span class='ocrx_word' id='word_1_63' title='bbox 813 607 947 649; x_wconf 86' lang='lat' dir='ltr'>XVII.</span> 
     </span>
     <span class='ocr_line' id='line_1_10' title="bbox 416 677 1388 721; baseline 0 -9"><span class='ocrx_word' id='word_1_64' title='bbox 416 677 490 712; x_wconf 76' lang='lat' dir='ltr'>Ser.</span> <span class='ocrx_word' id='word_1_65' title='bbox 512 678 552 712; x_wconf 76' lang='lat' dir='ltr'>in</span> <span class='ocrx_word' id='word_1_66' title='bbox 580 678 801 721; x_wconf 71' lang='lat' dir='ltr'>Pompeiano</span> <span class='ocrx_word' id='word_1_67' title='bbox 826 678 891 712; x_wconf 90' lang='lat' dir='ltr'>IV</span> <span class='ocrx_word' id='word_1_68' title='bbox 911 678 1007 712; x_wconf 69' lang='lat' dir='ltr'>Now.</span> <span class='ocrx_word' id='word_1_69' title='bbox 1029 678 1124 712; x_wconf 74' lang='lat' dir='ltr'>Mai.</span> <span class='ocrx_word' id='word_1_70' title='bbox 1146 690 1178 712; x_wconf 84' lang='lat' dir='ltr'>a.</span> <span class='ocrx_word' id='word_1_71' title='bbox 1202 681 1273 712; x_wconf 88' lang='lat'>710</span> <span class='ocrx_word' id='word_1_72' title='bbox 1300 680 1388 721; x_wconf 73' lang='lat'><em>(44).</em></span> 
     </span>
     <span class='ocr_line' id='line_1_11' title="bbox 614 747 1603 782; baseline -0.002 -1"><span class='ocrx_word' id='word_1_73' title='bbox 614 747 805 782; x_wconf 74' lang='lat' dir='ltr'><em>CICERO</em></span> <span class='ocrx_word' id='word_1_74' title='bbox 830 748 1021 782; x_wconf 85' lang='lat' dir='ltr'><strong><em>ATTICO</em></strong></span> <span class='ocrx_word' id='word_1_75' title='bbox 1046 747 1154 782; x_wconf 80' lang='lat' dir='ltr'><em>SAL.</em></span> <span class='ocrx_word' id='word_1_76' title='bbox 1570 756 1603 780; x_wconf 89' lang='lat'>10</span> 
     </span>
    </p>
   </div>
   <div class='ocr_carea' id='block_1_5' title="bbox 163 807 1605 2314">
    <p class='ocr_par' dir='ltr' id='par_1_5' title="bbox 211 807 1600 1214">
     <span class='ocr_line' id='line_1_12' title="bbox 299 807 1551 862; baseline 0 -14"><span class='ocrx_word' id='word_1_77' title='bbox 299 808 351 849; x_wconf 82' lang='lat' dir='ltr'>In</span> <span class='ocrx_word' id='word_1_78' title='bbox 381 808 687 862; x_wconf 87' lang='lat' dir='ltr'>Pompeianum</span> <span class='ocrx_word' id='word_1_79' title='bbox 719 809 813 848; x_wconf 85' lang='lat' dir='ltr'>veni</span> <span class='ocrx_word' id='word_1_80' title='bbox 845 820 875 849; x_wconf 91' lang='lat' dir='ltr'>V</span> <span class='ocrx_word' id='word_1_81' title='bbox 906 807 1053 849; x_wconf 88' lang='lat' dir='ltr'>Nonas</span> <span class='ocrx_word' id='word_1_82' title='bbox 1085 808 1238 861; x_wconf 80' lang='lat' dir='ltr'><strong>Maias,</strong></span> <span class='ocrx_word' id='word_1_83' title='bbox 1277 822 1373 849; x_wconf 88' lang='lat' dir='ltr'>cum</span> <span class='ocrx_word' id='word_1_84' title='bbox 1403 807 1551 862; x_wconf 81' lang='lat' dir='ltr'>pridie,</span> 
     </span>
     <span class='ocr_line' id='line_1_13' title="bbox 212 866 1550 922; baseline 0.001 -15"><span class='ocrx_word' id='word_1_85' title='bbox 212 869 260 908; x_wconf 92' lang='lat' dir='ltr'>ut</span> <span class='ocrx_word' id='word_1_86' title='bbox 304 869 426 907; x_wconf 88' lang='lat' dir='ltr'>antea</span> <span class='ocrx_word' id='word_1_87' title='bbox 471 867 521 907; x_wconf 89' lang='lat' dir='ltr'>ad</span> <span class='ocrx_word' id='word_1_88' title='bbox 564 870 605 907; x_wconf 91' lang='lat' dir='ltr'>te</span> <span class='ocrx_word' id='word_1_89' title='bbox 639 867 806 922; x_wconf 88' lang='lat' dir='ltr'>scripsi,</span> <span class='ocrx_word' id='word_1_90' title='bbox 849 866 1001 907; x_wconf 83' lang='lat' dir='ltr'>Piliam</span> <span class='ocrx_word' id='word_1_91' title='bbox 1047 867 1091 907; x_wconf 91' lang='lat' dir='ltr'>in</span> <span class='ocrx_word' id='word_1_92' title='bbox 1129 866 1318 908; x_wconf 85' lang='lat' dir='ltr'>Cumano</span> <span class='ocrx_word' id='word_1_93' title='bbox 1363 866 1550 908; x_wconf 87' lang='lat' dir='ltr'>conloca-</span> 
     </span>
     <span class='ocr_line' id='line_1_14' title="bbox 211 925 1550 979; baseline -0.001 -13"><span class='ocrx_word' id='word_1_94' title='bbox 211 926 377 966; x_wconf 85' lang='lat' dir='ltr'>vissem.</span> <span class='ocrx_word' id='word_1_95' title='bbox 439 925 505 966; x_wconf 86' lang='lat' dir='ltr'>Ibi</span> <span class='ocrx_word' id='word_1_96' title='bbox 543 925 648 966; x_wconf 88' lang='lat' dir='ltr'>mihi</span> <span class='ocrx_word' id='word_1_97' title='bbox 687 925 853 966; x_wconf 85' lang='lat' dir='ltr'>cenanti</span> <span class='ocrx_word' id='word_1_98' title='bbox 890 925 1058 966; x_wconf 74' lang='lat' dir='ltr'>litterae</span> <span class='ocrx_word' id='word_1_99' title='bbox 1090 928 1187 966; x_wconf 87' lang='lat' dir='ltr'>tuae</span> <span class='ocrx_word' id='word_1_100' title='bbox 1221 928 1320 966; x_wconf 89' lang='lat' dir='ltr'>sunt</span> <span class='ocrx_word' id='word_1_101' title='bbox 1352 925 1550 979; x_wconf 85' lang='lat' dir='ltr'>redditae,</span> 
     </span>
     <span class='ocr_line' id='line_1_15' title="bbox 213 983 1550 1038; baseline -0.001 -13"><span class='ocrx_word' id='word_1_102' title='bbox 213 999 317 1038; x_wconf 90' lang='lat' dir='ltr'>quas</span> <span class='ocrx_word' id='word_1_103' title='bbox 368 984 539 1025; x_wconf 83' lang='lat' dir='ltr'>dederas</span> <span class='ocrx_word' id='word_1_104' title='bbox 584 984 802 1025; x_wconf 87' lang='lat' dir='ltr'>Demetrio</span> <span class='ocrx_word' id='word_1_105' title='bbox 853 984 1007 1025; x_wconf 89' lang='lat' dir='ltr'>liberto</span> <span class='ocrx_word' id='word_1_106' title='bbox 1052 999 1112 1038; x_wconf 90' lang='lat' dir='ltr'>pr.</span> <span class='ocrx_word' id='word_1_107' title='bbox 1145 983 1256 1037; x_wconf 77' lang='lat' dir='ltr'>Ka1.;</span> <span class='ocrx_word' id='word_1_108' title='bbox 1306 984 1350 1024; x_wconf 87' lang='lat' dir='ltr'>in</span> <span class='ocrx_word' id='word_1_109' title='bbox 1395 984 1550 1038; x_wconf 88' lang='lat' dir='ltr'>quibus</span> 
     </span>
     <span class='ocr_line' id='line_1_16' title="bbox 212 1042 1600 1097; baseline 0.001 -14"><span class='ocrx_word' id='word_1_110' title='bbox 212 1043 347 1084; x_wconf 88' lang='lat' dir='ltr'>multa</span> <span class='ocrx_word' id='word_1_111' title='bbox 391 1043 619 1097; x_wconf 87' lang='lat' dir='ltr'>sapienter,</span> <span class='ocrx_word' id='word_1_112' title='bbox 665 1043 736 1083; x_wconf 91' lang='lat' dir='ltr'>sed</span> <span class='ocrx_word' id='word_1_113' title='bbox 779 1046 921 1083; x_wconf 87' lang='lat' dir='ltr'>tamen</span> <span class='ocrx_word' id='word_1_114' title='bbox 962 1043 1082 1096; x_wconf 88' lang='lat' dir='ltr'>talia,</span> <span class='ocrx_word' id='word_1_115' title='bbox 1124 1058 1249 1097; x_wconf 90' lang='lat' dir='ltr'>quem</span> <span class='ocrx_word' id='word_1_116' title='bbox 1287 1042 1339 1083; x_wconf 88' lang='lat' dir='ltr'>ad</span> <span class='ocrx_word' id='word_1_117' title='bbox 1375 1042 1547 1083; x_wconf 87' lang='lat' dir='ltr'>modum</span> <span class='ocrx_word' id='word_1_118' title='bbox 1567 1060 1600 1085; x_wconf 84' lang='lat'>15</span> 
     </span>
     <span class='ocr_line' id='line_1_17' title="bbox 211 1102 1550 1155; baseline 0 -13"><span class='ocrx_word' id='word_1_119' title='bbox 211 1105 303 1142; x_wconf 83' lang='lat' dir='ltr'>tute</span> <span class='ocrx_word' id='word_1_120' title='bbox 336 1102 561 1155; x_wconf 83' lang='lat' dir='ltr'>scribebas,</span> <span class='ocrx_word' id='word_1_121' title='bbox 594 1104 642 1142; x_wconf 91' lang='lat' dir='ltr'>ut</span> <span class='ocrx_word' id='word_1_122' title='bbox 674 1116 796 1143; x_wconf 88' lang='lat' dir='ltr'>omne</span> <span class='ocrx_word' id='word_1_123' title='bbox 828 1102 1052 1142; x_wconf 88' lang='lat' dir='ltr'>consilium</span> <span class='ocrx_word' id='word_1_124' title='bbox 1084 1102 1128 1142; x_wconf 87' lang='lat' dir='ltr'>in</span> <span class='ocrx_word' id='word_1_125' title='bbox 1159 1102 1331 1142; x_wconf 88' lang='lat' dir='ltr'>fortuna</span> <span class='ocrx_word' id='word_1_126' title='bbox 1361 1102 1550 1155; x_wconf 88' lang='lat' dir='ltr'>positum</span> 
     </span>
     <span class='ocr_line' id='line_1_18' title="bbox 211 1160 1549 1214; baseline 0 -14"><span class='ocrx_word' id='word_1_127' title='bbox 211 1161 436 1201; x_wconf 85' lang='lat' dir='ltr'>videretur.</span> <span class='ocrx_word' id='word_1_128' title='bbox 498 1160 647 1214; x_wconf 87' lang='lat' dir='ltr'>Itaque</span> <span class='ocrx_word' id='word_1_129' title='bbox 687 1160 754 1201; x_wconf 82' lang='lat' dir='ltr'>his</span> <span class='ocrx_word' id='word_1_130' title='bbox 789 1160 838 1200; x_wconf 89' lang='lat' dir='ltr'>de</span> <span class='ocrx_word' id='word_1_131' title='bbox 870 1160 994 1201; x_wconf 87' lang='lat' dir='ltr'>rebus</span> <span class='ocrx_word' id='word_1_132' title='bbox 1022 1175 1071 1201; x_wconf 86' lang='lat' dir='ltr'>ex</span> <span class='ocrx_word' id='word_1_133' title='bbox 1103 1162 1293 1214; x_wconf 83' lang='lat' dir='ltr'>tempore</span> <span class='ocrx_word' id='word_1_134' title='bbox 1325 1162 1367 1200; x_wconf 90' lang='lat' dir='ltr'>et</span> <span class='ocrx_word' id='word_1_135' title='bbox 1398 1175 1549 1201; x_wconf 86' lang='lat' dir='ltr'>coram.</span> 
     </span>
    </p>

    <p class='ocr_par' dir='ltr' id='par_1_6' title="bbox 167 1218 1605 1624">
     <span class='ocr_line' id='line_1_19' title="bbox 167 1218 1551 1273; baseline -0.001 -13"><span class='ocrx_word' id='word_1_136' title='bbox 167 1251 185 1260; x_wconf 60' lang='grc'><strong><em>,</em></strong></span> <span class='ocrx_word' id='word_1_137' title='bbox 212 1218 275 1259; x_wconf 90' lang='lat' dir='ltr'>De</span> <span class='ocrx_word' id='word_1_138' title='bbox 306 1218 536 1259; x_wconf 81' lang='lat' dir='ltr'>Buthrotio</span> <span class='ocrx_word' id='word_1_139' title='bbox 576 1219 748 1273; x_wconf 80' lang='lat' dir='ltr'>negotio</span> <span class='ocrx_word' id='word_1_140' title='bbox 791 1219 954 1259; x_wconf 89' lang='lat' dir='ltr'>utinam</span> <span class='ocrx_word' id='word_1_141' title='bbox 987 1219 1156 1272; x_wconf 88' lang='lat' dir='ltr'>quidem</span> <span class='ocrx_word' id='word_1_142' title='bbox 1187 1218 1425 1259; x_wconf 86' lang='lat' dir='ltr'>Antonium</span> <span class='ocrx_word' id='word_1_143' title='bbox 1456 1233 1551 1259; x_wconf 90' lang='lat' dir='ltr'>con-</span> 
     </span>
     <span class='ocr_line' id='line_1_20' title="bbox 212 1276 1551 1330; baseline 0.001 -13"><span class='ocrx_word' id='word_1_144' title='bbox 212 1277 395 1318; x_wconf 80' lang='lat' dir='ltr'>veniam!</span> <span class='ocrx_word' id='word_1_145' title='bbox 451 1276 636 1317; x_wconf 87' lang='lat' dir='ltr'>Multum</span> <span class='ocrx_word' id='word_1_146' title='bbox 675 1278 866 1330; x_wconf 84' lang='lat' dir='ltr'>profecto</span> <span class='ocrx_word' id='word_1_147' title='bbox 908 1277 1134 1330; x_wconf 89' lang='lat' dir='ltr'>proficiam.</span> <span class='ocrx_word' id='word_1_148' title='bbox 1197 1276 1279 1318; x_wconf 81' lang='lat' dir='ltr'>Sed</span> <span class='ocrx_word' id='word_1_149' title='bbox 1320 1291 1407 1317; x_wconf 84' lang='lat' dir='ltr'>non</span> <span class='ocrx_word' id='word_1_150' title='bbox 1444 1277 1551 1318; x_wconf 87' lang='lat' dir='ltr'>arbi-</span> 
     </span>
     <span class='ocr_line' id='line_1_21' title="bbox 214 1334 1605 1389; baseline 0.001 -13"><span class='ocrx_word' id='word_1_151' title='bbox 214 1339 383 1376; x_wconf 83' lang='lat' dir='ltr'>trantur</span> <span class='ocrx_word' id='word_1_152' title='bbox 410 1350 504 1376; x_wconf 82' lang='lat' dir='ltr'>euin</span> <span class='ocrx_word' id='word_1_153' title='bbox 530 1350 553 1376; x_wconf 92' lang='lat' dir='ltr'>a</span> <span class='ocrx_word' id='word_1_154' title='bbox 581 1334 724 1389; x_wconf 87' lang='lat' dir='ltr'>Capua</span> <span class='ocrx_word' id='word_1_155' title='bbox 749 1335 1072 1389; x_wconf 81' lang='lat' dir='ltr'>declinaturum3</span> <span class='ocrx_word' id='word_1_156' title='bbox 1105 1350 1188 1389; x_wconf 88' lang='lat' dir='ltr'>quo</span> <span class='ocrx_word' id='word_1_157' title='bbox 1215 1335 1384 1389; x_wconf 84' lang='lat' dir='ltr'>quidem</span> <span class='ocrx_word' id='word_1_158' title='bbox 1408 1338 1551 1376; x_wconf 85' lang='lat' dir='ltr'>metuo</span> <span class='ocrx_word' id='word_1_159' title='bbox 1571 1354 1605 1378; x_wconf 79' lang='lat'>20</span> 
     </span>
     <span class='ocr_line' id='line_1_22' title="bbox 214 1394 1552 1448; baseline 0 -14"><span class='ocrx_word' id='word_1_160' title='bbox 214 1409 265 1435; x_wconf 87' lang='lat' dir='ltr'>ne</span> <span class='ocrx_word' id='word_1_161' title='bbox 314 1408 467 1448; x_wconf 80' lang='lat' dir='ltr'>magno</span> <span class='ocrx_word' id='word_1_162' title='bbox 518 1394 579 1435; x_wconf 88' lang='lat' dir='ltr'>rei</span> <span class='ocrx_word' id='word_1_163' title='bbox 628 1394 820 1447; x_wconf 85' lang='lat' dir='ltr'>publicae</span> <span class='ocrx_word' id='word_1_164' title='bbox 869 1394 980 1435; x_wconf 89' lang='lat' dir='ltr'>malo</span> <span class='ocrx_word' id='word_1_165' title='bbox 1031 1394 1203 1434; x_wconf 81' lang='lat' dir='ltr'>venerit.</span> <span class='ocrx_word' id='word_1_166' title='bbox 1279 1394 1399 1443; x_wconf 85' lang='lat' dir='ltr'>Quod</span> <span class='ocrx_word' id='word_1_167' title='bbox 1442 1394 1552 1435; x_wconf 89' lang='lat' dir='ltr'>idem</span> 
     </span>
     <span class='ocr_line' id='line_1_23' title="bbox 213 1451 1552 1507; baseline -0.001 -13"><span class='ocrx_word' id='word_1_168' title='bbox 213 1452 258 1494; x_wconf 91' lang='lat' dir='ltr'>L.</span> <span class='ocrx_word' id='word_1_169' title='bbox 292 1451 461 1494; x_wconf 86' lang='lat' dir='ltr'>Caesari</span> <span class='ocrx_word' id='word_1_170' title='bbox 504 1453 744 1506; x_wconf 82' lang='lat' dir='ltr'>videbatur,</span> <span class='ocrx_word' id='word_1_171' title='bbox 786 1467 910 1506; x_wconf 88' lang='lat' dir='ltr'>quem</span> <span class='ocrx_word' id='word_1_172' title='bbox 951 1452 1085 1506; x_wconf 88' lang='lat' dir='ltr'>pridie</span> <span class='ocrx_word' id='word_1_173' title='bbox 1121 1452 1304 1506; x_wconf 90' lang='lat' dir='ltr'>Neapoli</span> <span class='ocrx_word' id='word_1_174' title='bbox 1342 1452 1552 1507; x_wconf 82' lang='lat' dir='ltr'>adfectum</span> 
     </span>
     <span class='ocr_line' id='line_1_24' title="bbox 214 1510 1550 1565; baseline 0 -13"><span class='ocrx_word' id='word_1_175' title='bbox 214 1512 401 1565; x_wconf 81' lang='lat' dir='ltr'>graviter</span> <span class='ocrx_word' id='word_1_176' title='bbox 439 1511 637 1552; x_wconf 84' lang='lat' dir='ltr'>videram.</span> <span class='ocrx_word' id='word_1_177' title='bbox 701 1510 834 1559; x_wconf 80' lang='lat' dir='ltr'>Quam</span> <span class='ocrx_word' id='word_1_178' title='bbox 873 1511 925 1552; x_wconf 91' lang='lat' dir='ltr'>ob</span> <span class='ocrx_word' id='word_1_179' title='bbox 963 1526 1052 1551; x_wconf 85' lang='lat' dir='ltr'>rem</span> <span class='ocrx_word' id='word_1_180' title='bbox 1090 1512 1174 1553; x_wconf 89' lang='lat' dir='ltr'>ista</span> <span class='ocrx_word' id='word_1_181' title='bbox 1209 1512 1334 1552; x_wconf 86' lang='lat' dir='ltr'>nobis</span> <span class='ocrx_word' id='word_1_182' title='bbox 1373 1512 1426 1552; x_wconf 85' lang='lat' dir='ltr'>ad</span> <span class='ocrx_word' id='word_1_183' title='bbox 1457 1511 1550 1552; x_wconf 80' lang='lat' dir='ltr'>Kal.</span> 
     </span>
     <span class='ocr_line' id='line_1_25' title="bbox 213 1569 1551 1624; baseline 0 -14"><span class='ocrx_word' id='word_1_184' title='bbox 213 1569 356 1611; x_wconf 86' lang='lat' dir='ltr'>Iunias</span> <span class='ocrx_word' id='word_1_185' title='bbox 397 1571 620 1611; x_wconf 85' lang='lat' dir='ltr'>tractanda</span> <span class='ocrx_word' id='word_1_186' title='bbox 661 1573 702 1610; x_wconf 83' lang='lat' dir='ltr'>et</span> <span class='ocrx_word' id='word_1_187' title='bbox 742 1570 994 1624; x_wconf 84' lang='lat' dir='ltr'>perficienda</span> <span class='ocrx_word' id='word_1_188' title='bbox 1037 1573 1146 1610; x_wconf 86' lang='lat' dir='ltr'>sunt.</span> <span class='ocrx_word' id='word_1_189' title='bbox 1216 1569 1298 1611; x_wconf 82' lang='lat' dir='ltr'>Sed</span> <span class='ocrx_word' id='word_1_190' title='bbox 1336 1570 1551 1611; x_wconf 85' lang='lat' dir='ltr'>hactenus.</span> 
     </span>
    </p>

    <p class='ocr_par' dir='ltr' id='par_1_7' title="bbox 211 1628 1604 1976">
     <span class='ocr_line' id='line_1_26' title="bbox 302 1628 1603 1682; baseline 0.001 -13"><span class='ocrx_word' id='word_1_191' title='bbox 302 1628 485 1678; x_wconf 83' lang='lat' dir='ltr'>Quintus</span> <span class='ocrx_word' id='word_1_192' title='bbox 523 1629 636 1669; x_wconf 89' lang='lat' dir='ltr'>filius</span> <span class='ocrx_word' id='word_1_193' title='bbox 674 1629 727 1669; x_wconf 88' lang='lat' dir='ltr'>ad</span> <span class='ocrx_word' id='word_1_194' title='bbox 757 1631 921 1682; x_wconf 88' lang='lat' dir='ltr'>patrem</span> <span class='ocrx_word' id='word_1_195' title='bbox 953 1629 1245 1669; x_wconf 87' lang='lat' dir='ltr'>acerbissimas</span> <span class='ocrx_word' id='word_1_196' title='bbox 1278 1629 1444 1669; x_wconf 88' lang='lat' dir='ltr'>litteras</span> <span class='ocrx_word' id='word_1_197' title='bbox 1476 1629 1551 1669; x_wconf 89' lang='lat' dir='ltr'>mi—</span> <span class='ocrx_word' id='word_1_198' title='bbox 1571 1646 1603 1671; x_wconf 78' lang='lat'>25</span> 
     </span>
     <span class='ocr_line' id='line_1_27' title="bbox 213 1687 1551 1742; baseline -0.001 -14"><span class='ocrx_word' id='word_1_199' title='bbox 213 1688 286 1742; x_wconf 78' lang='lat' dir='ltr'>sit3</span> <span class='ocrx_word' id='word_1_200' title='bbox 338 1702 444 1741; x_wconf 87' lang='lat' dir='ltr'>quae</span> <span class='ocrx_word' id='word_1_201' title='bbox 485 1690 583 1728; x_wconf 91' lang='lat' dir='ltr'>sunt</span> <span class='ocrx_word' id='word_1_202' title='bbox 622 1687 659 1727; x_wconf 91' lang='lat' dir='ltr'>ei</span> <span class='ocrx_word' id='word_1_203' title='bbox 697 1688 900 1741; x_wconf 84' lang='lat' dir='ltr'>redditae,</span> <span class='ocrx_word' id='word_1_204' title='bbox 940 1701 1035 1728; x_wconf 88' lang='lat' dir='ltr'>cum</span> <span class='ocrx_word' id='word_1_205' title='bbox 1065 1688 1323 1728; x_wconf 85' lang='lat' dir='ltr'>venissemus</span> <span class='ocrx_word' id='word_1_206' title='bbox 1356 1687 1551 1728; x_wconf 46' lang='lat' dir='ltr'>in‘Pom-</span> 
     </span>
     <span class='ocr_line' id='line_1_28' title="bbox 211 1745 1552 1800; baseline 0 -14"><span class='ocrx_word' id='word_1_207' title='bbox 211 1747 421 1800; x_wconf 87' lang='lat' dir='ltr'>peianum.</span> <span class='ocrx_word' id='word_1_208' title='bbox 485 1745 672 1795; x_wconf 81' lang='lat' dir='ltr'>Quarum</span> <span class='ocrx_word' id='word_1_209' title='bbox 703 1749 846 1786; x_wconf 90' lang='lat' dir='ltr'>tamen</span> <span class='ocrx_word' id='word_1_210' title='bbox 877 1749 966 1786; x_wconf 85' lang='lat' dir='ltr'>erat</span> <span class='ocrx_word' id='word_1_211' title='bbox 999 1749 1125 1799; x_wconf 86' lang='lat' dir='ltr'>caput</span> <span class='ocrx_word' id='word_1_212' title='bbox 1155 1745 1374 1799; x_wconf 85' lang='lat' dir='ltr'>Aquiliam</span> <span class='ocrx_word' id='word_1_213' title='bbox 1407 1760 1552 1786; x_wconf 86' lang='lat' dir='ltr'>nover-</span> 
     </span>
     <span class='ocr_line' id='line_1_29' title="bbox 211 1804 1551 1858; baseline -0.001 -13"><span class='ocrx_word' id='word_1_214' title='bbox 211 1820 302 1845; x_wconf 86' lang='lat' dir='ltr'>cam</span> <span class='ocrx_word' id='word_1_215' title='bbox 342 1819 430 1845; x_wconf 89' lang='lat' dir='ltr'>non</span> <span class='ocrx_word' id='word_1_216' title='bbox 471 1819 561 1845; x_wconf 88' lang='lat' dir='ltr'>esse</span> <span class='ocrx_word' id='word_1_217' title='bbox 600 1805 798 1845; x_wconf 88' lang='lat' dir='ltr'>laturum.</span> <span class='ocrx_word' id='word_1_218' title='bbox 869 1804 949 1845; x_wconf 82' lang='lat' dir='ltr'>Sed</span> <span class='ocrx_word' id='word_1_219' title='bbox 986 1804 1066 1845; x_wconf 84' lang='lat' dir='ltr'>hoc</span> <span class='ocrx_word' id='word_1_220' title='bbox 1103 1804 1325 1845; x_wconf 88' lang='lat' dir='ltr'>tolerabile</span> <span class='ocrx_word' id='word_1_221' title='bbox 1362 1805 1551 1858; x_wconf 83' lang='lat' dir='ltr'>fortasse,</span> 
     </span>
     <span class='ocr_line' id='line_1_30' title="bbox 211 1862 1552 1918; baseline 0 -15"><span class='ocrx_word' id='word_1_222' title='bbox 211 1864 317 1904; x_wconf 86' lang='lat' dir='ltr'>illud</span> <span class='ocrx_word' id='word_1_223' title='bbox 348 1878 459 1918; x_wconf 87' lang='lat' dir='ltr'>vero,</span> <span class='ocrx_word' id='word_1_224' title='bbox 492 1878 535 1903; x_wconf 91' lang='lat' dir='ltr'>se</span> <span class='ocrx_word' id='word_1_225' title='bbox 567 1878 590 1903; x_wconf 89' lang='lat' dir='ltr'>a</span> <span class='ocrx_word' id='word_1_226' title='bbox 619 1862 793 1904; x_wconf 86' lang='lat' dir='ltr'>Caesare</span> <span class='ocrx_word' id='word_1_227' title='bbox 823 1863 1023 1904; x_wconf 83' lang='lat' dir='ltr'>habuisse</span> <span class='ocrx_word' id='word_1_228' title='bbox 1057 1863 1208 1917; x_wconf 90' lang='lat' dir='ltr'>omnia,</span> <span class='ocrx_word' id='word_1_229' title='bbox 1238 1862 1347 1903; x_wconf 89' lang='lat' dir='ltr'>nihil</span> <span class='ocrx_word' id='word_1_230' title='bbox 1373 1878 1396 1903; x_wconf 91' lang='lat' dir='ltr'>a</span> <span class='ocrx_word' id='word_1_231' title='bbox 1420 1865 1552 1918; x_wconf 88' lang='lat' dir='ltr'>patre,</span> 
     </span>
     <span class='ocr_line' id='line_1_31' title="bbox 211 1920 1604 1976; baseline 0 -14"><span class='ocrx_word' id='word_1_232' title='bbox 211 1922 373 1976; x_wconf 90' lang='lat' dir='ltr'>reliqua</span> <span class='ocrx_word' id='word_1_233' title='bbox 411 1936 579 1975; x_wconf 87' lang='lat' dir='ltr'>sperare</span> <span class='ocrx_word' id='word_1_234' title='bbox 612 1922 663 1962; x_wconf 92' lang='lat' dir='ltr'>ab</span> <span class='ocrx_word' id='word_1_235' title='bbox 695 1920 884 1962; x_wconf 86' lang='lat' dir='ltr'>Antonio</span> <span class='ocrx_word' id='word_1_236' title='bbox 925 1946 978 1950; x_wconf 97' lang='lat'><strong>—</strong></span> <span class='ocrx_word' id='word_1_237' title='bbox 1019 1936 1041 1962; x_wconf 95' lang='lat' dir='ltr'>o</span> <span class='ocrx_word' id='word_1_238' title='bbox 1074 1922 1287 1975; x_wconf 89' lang='lat' dir='ltr'>perditum</span> <span class='ocrx_word' id='word_1_239' title='bbox 1318 1920 1550 1962; x_wconf 79' lang='lat' dir='ltr'>hominem!</span> <span class='ocrx_word' id='word_1_240' title='bbox 1571 1939 1604 1962; x_wconf 81' lang='lat'>30</span> 
     </span>
    </p>

    <p class='ocr_par' dir='ltr' id='par_1_8' title="bbox 163 1980 1603 2314">
     <span class='ocr_line' id='line_1_32' title="bbox 213 1980 512 2034; baseline 0 -13"><span class='ocrx_word' id='word_1_241' title='bbox 213 1980 294 2021; x_wconf 79' lang='lat' dir='ltr'>Sed</span> <span class='ocrx_word' id='word_1_242' title='bbox 326 1982 512 2034; x_wconf 78' lang='grc' dir='ltr'><em>μελήσει.</em></span> 
     </span>
     <span class='ocr_line' id='line_1_33' title="bbox 163 2037 1550 2092; baseline -0.001 -13"><span class='ocrx_word' id='word_1_243' title='bbox 163 2050 179 2072; x_wconf 66' lang='grc' dir='ltr'>ι’</span> <span class='ocrx_word' id='word_1_244' title='bbox 300 2038 366 2079; x_wconf 87' lang='lat' dir='ltr'>Ad</span> <span class='ocrx_word' id='word_1_245' title='bbox 398 2038 580 2079; x_wconf 84' lang='lat' dir='ltr'>Brutum</span> <span class='ocrx_word' id='word_1_246' title='bbox 618 2041 830 2091; x_wconf 86' lang='lat' dir='ltr'>nostrum,</span> <span class='ocrx_word' id='word_1_247' title='bbox 870 2038 922 2078; x_wconf 90' lang='lat' dir='ltr'>ad</span> <span class='ocrx_word' id='word_1_248' title='bbox 955 2037 1164 2092; x_wconf 87' lang='lat' dir='ltr'>Cassium,</span> <span class='ocrx_word' id='word_1_249' title='bbox 1202 2038 1253 2079; x_wconf 88' lang='lat' dir='ltr'>ad</span> <span class='ocrx_word' id='word_1_250' title='bbox 1284 2037 1550 2078; x_wconf 87' lang='lat' dir='ltr'>Dolabellam</span> 
     </span>
     <span class='ocr_line' id='line_1_34' title="bbox 213 2096 1551 2151; baseline 0 -14"><span class='ocrx_word' id='word_1_251' title='bbox 213 2097 416 2150; x_wconf 87' lang='lat' dir='ltr'>epistulas</span> <span class='ocrx_word' id='word_1_252' title='bbox 456 2097 616 2151; x_wconf 87' lang='lat' dir='ltr'>scripsi.</span> <span class='ocrx_word' id='word_1_253' title='bbox 678 2097 835 2137; x_wconf 86' lang='lat' dir='ltr'>Earum</span> <span class='ocrx_word' id='word_1_254' title='bbox 877 2097 1066 2150; x_wconf 85' lang='lat' dir='ltr'>exempla</span> <span class='ocrx_word' id='word_1_255' title='bbox 1104 2097 1185 2137; x_wconf 89' lang='lat' dir='ltr'>tibi</span> <span class='ocrx_word' id='word_1_256' title='bbox 1222 2096 1338 2149; x_wconf 88' lang='lat' dir='ltr'>misi,</span> <span class='ocrx_word' id='word_1_257' title='bbox 1381 2111 1468 2137; x_wconf 90' lang='lat' dir='ltr'>non</span> <span class='ocrx_word' id='word_1_258' title='bbox 1503 2098 1551 2137; x_wconf 89' lang='lat' dir='ltr'>ut</span> 
     </span>
     <span class='ocr_line' id='line_1_35' title="bbox 212 2155 1550 2210; baseline 0 -15"><span class='ocrx_word' id='word_1_259' title='bbox 212 2155 502 2210; x_wconf 88' lang='lat' dir='ltr'>deliberarem,</span> <span class='ocrx_word' id='word_1_260' title='bbox 544 2155 836 2196; x_wconf 84' lang='lat' dir='ltr'>reddundaeue</span> <span class='ocrx_word' id='word_1_261' title='bbox 876 2158 1027 2195; x_wconf 88' lang='lat' dir='ltr'>essent.</span> <span class='ocrx_word' id='word_1_262' title='bbox 1089 2155 1217 2195; x_wconf 90' lang='lat' dir='ltr'>Plane</span> <span class='ocrx_word' id='word_1_263' title='bbox 1260 2155 1371 2195; x_wconf 87' lang='lat' dir='ltr'>enim</span> <span class='ocrx_word' id='word_1_264' title='bbox 1412 2155 1550 2195; x_wconf 81' lang='lat' dir='ltr'>iudico</span> 
     </span>
     <span class='ocr_line' id='line_1_36' title="bbox 212 2213 1603 2269; baseline 0.001 -16"><span class='ocrx_word' id='word_1_265' title='bbox 212 2227 302 2254; x_wconf 89' lang='lat' dir='ltr'>esse</span> <span class='ocrx_word' id='word_1_266' title='bbox 335 2214 575 2269; x_wconf 87' lang='lat' dir='ltr'>reddendas,</span> <span class='ocrx_word' id='word_1_267' title='bbox 609 2214 723 2268; x_wconf 88' lang='lat' dir='ltr'>quod</span> <span class='ocrx_word' id='word_1_268' title='bbox 753 2228 839 2254; x_wconf 86' lang='lat' dir='ltr'>non</span> <span class='ocrx_word' id='word_1_269' title='bbox 871 2214 1019 2254; x_wconf 87' lang='lat' dir='ltr'>dubito</span> <span class='ocrx_word' id='word_1_270' title='bbox 1054 2214 1157 2267; x_wconf 90' lang='lat' dir='ltr'>quin</span> <span class='ocrx_word' id='word_1_271' title='bbox 1188 2216 1236 2254; x_wconf 88' lang='lat' dir='ltr'>tu</span> <span class='ocrx_word' id='word_1_272' title='bbox 1267 2213 1378 2254; x_wconf 87' lang='lat' dir='ltr'>idem</span> <span class='ocrx_word' id='word_1_273' title='bbox 1410 2213 1551 2254; x_wconf 83' lang='lat' dir='ltr'>existi-</span> <span class='ocrx_word' id='word_1_274' title='bbox 1570 2229 1603 2255; x_wconf 82' lang='lat'>35</span> 
     </span>
     <span class='ocr_line' id='line_1_37' title="bbox 212 2273 507 2314; baseline 0.003 -2"><span class='ocrx_word' id='word_1_275' title='bbox 212 2275 404 2312; x_wconf 87' lang='lat' dir='ltr'>maturus</span> <span class='ocrx_word' id='word_1_276' title='bbox 437 2273 507 2314; x_wconf 90' lang='lat' dir='ltr'>sis.</span> 
     </span>
    </p>
   </div>
  </div>
 </body>
</html>
