1665 2553
177 2255 194 2285 1

214 97 300 138 528
644 96 692 131 Μ.
719 96 860 131 TULLI
886 96 1135 132 CICERONIS

214 192 320 234 meis
356 191 512 233 litteris
543 192 771 247 reeordari3
817 206 1073 247 quamquam
1105 194 1198 233 turn
1230 194 1272 233 et
1302 192 1428 247 fugae
1458 206 1555 246 por-

215 254 286 292 tus
332 253 421 292 erat
460 251 505 292 in
540 251 626 291 tuis
666 251 815 291 castris
854 254 896 291 et
934 251 1171 292 subsidium
1210 250 1360 292 salutis
1397 251 1442 292 in
1479 253 1555 292 tuo

217 310 412 351 exercitu.
464 309 554 358 Quo
586 310 723 364 magis
754 324 866 350 nunc
896 310 1078 364 liberati,
1110 312 1159 350 ut
1192 324 1327 364 spero,
1358 309 1556 363 periculis

217 369 263 409 in
293 367 517 409 Dolabella
549 368 825 422 opprimendo
860 369 1052 422 occupati
1085 382 1176 409 esse
1208 368 1417 409 debemus.
1474 366 1557 410 Sed

216 427 319 468 haec
344 427 552 482 cogitabis
579 427 840 481 diligentius,
867 429 1026 468 statues
1054 427 1284 481 sapienter,
1315 427 1443 468 facies
1466 441 1557 481 1108,
1593 443 1610 469 5

219 486 321 540 quid
360 486 633 527 constitueris
666 488 708 526 et
740 486 842 540 quid
873 500 991 541 agas,
1030 486 1066 527 si
1097 486 1177 526 tibi
1208 485 1439 542 videbitur,
1475 500 1557 527 cer-

219 545 361 585 tiores.

307 602 551 644 Ciceronem
588 605 785 644 nostrum
817 602 861 644 in
892 605 1080 644 vestrum
1112 602 1337 658 collegium
1368 603 1559 657 cooptari

219 662 328 703 Volo.
401 662 616 703 Existimo
667 661 838 702 omnino
890 662 1130 702 absentium
1174 662 1383 703 rationem
1427 676 1559 703 sacer-

219 720 367 761 dotum
405 721 589 761 comitiis
627 735 751 774 posse
788 720 956 776 haberi3
998 735 1096 761 nam
1134 721 1261 762 etiam
1297 721 1456 761 factum
1494 723 1559 762 est
1578 737 1611 762 10

220 782 355 821 antea.
418 778 549 820 Gaius
582 780 694 820 enim
724 779 896 833 Marius,
936 794 1027 820 cum
1061 780 1108 820 ‘in
1141 778 1405 834 Cappadocia
1438 782 1558 831 esset,

218 838 311 892 lege
348 837 538 879 Domitia
580 838 718 879 factus
768 840 832 879 est
875 852 1028 893 augur,
1072 853 1165 893 nec,
1219 853 1301 892 quo
1339 838 1478 879 minus
1515 837 1558 879 id

220 899 369 951 postea
399 897 555 950 liceret,
587 897 673 938 ulla
698 897 766 937 lex
793 897 943 938 sanxit.
993 896 1072 938 Est
1100 897 1227 938 etiam
1251 897 1297 938 in
1320 897 1412 951 lege
1437 895 1559 951 Iulia,

221 970 328 1009 quae
359 956 426 996 lex
459 958 523 996 est
555 956 604 996 de
638 955 882 996 sacerdotiis
914 956 1121 1011 proxima,
1157 956 1224 996 his
1256 955 1415 997 verbis:
1460 954 1559 1004 ‘QVI

221 1026 392 1070 PETET,
436 1025 628 1055 CVIVSVE
668 1025 807 1056 RATIO
846 1015 1139 1055 HABEBITVR.'
1206 1013 1365 1068 Aperte
1402 1014 1559 1055 indicat
1579 1030 1611 1056 15

221 1088 346 1127 posse
387 1074 595 1114 rationem
626 1073 774 1114 haberi
806 1073 934 1114 etiam
964 1088 1049 1115 non
1081 1073 1325 1127 praesentis.
1387 1072 1478 1114 Hac
1509 1072 1559 1113 de

221 1146 266 1172 re
307 1132 457 1185 scripsi
495 1132 546 1172 ad
585 1147 696 1186 eum,
740 1135 788 1172 ut
826 1134 901 1173 tuo
941 1132 1097 1172 iudicio
1135 1134 1327 1173 uteretur
1366 1131 1475 1173 sicut
1515 1131 1561 1172 in

221 1190 347 1231 rebus
375 1191 582 1231 omnibus.
622 1190 718 1231 Tibi
738 1193 878 1231 autem
899 1191 1003 1232 idem
1030 1190 1299 1231 statuendum
1320 1193 1384 1231 est
1405 1190 1454 1231 de
1473 1189 1558 1231 Do-

222 1249 358 1303 mitio,
390 1249 439 1290 de
472 1248 633 1289 Catone
664 1252 823 1290 nostro.
876 1248 969 1303 Sed,
1002 1249 1193 1303 quamvis
1220 1249 1344 1290 liceat
1370 1248 1558 1289 absentis

221 1307 430 1348 rationem
460 1307 619 1361 haberi,
659 1310 801 1348 tamen
833 1308 975 1348 omnia
1007 1310 1106 1348 sunt
1138 1307 1431 1360 praesentibus
1463 1306 1559 1347 faci·
1578 1324 1613 1349 20

221 1365 338 1407 liora.
402 1365 560 1414 Quodsi
601 1366 800 1406 statueris
838 1366 882 1406 in
913 1365 1060 1406 Asiam
1092 1366 1173 1406 tibi
1205 1366 1406 1421 eundum,
1442 1365 1560 1406 nulla

223 1425 303 1465 erit
335 1424 386 1464 ad
418 1424 589 1465 comitia
620 1427 790 1465 nostros
823 1424 1060 1465 accersendi
1090 1424 1282 1466 facultas.

310 1481 492 1523 Omnino
540 1483 679 1524 Pansa
726 1483 823 1524 Vivo
867 1483 1066 1524 celeriora
1111 1483 1251 1525 omnia
1293 1483 1558 1537 putabamus.

224 1540 380 1582 Statim
413 1542 524 1583 enim
556 1542 761 1596 collegam
795 1541 878 1582 sibi
911 1542 1241 1597 subrogavisset,
1284 1542 1430 1583 deinde
1462 1543 1559 1583 ante

223 1600 436 1654 praetoria
475 1601 739 1641 sacerdotum
772 1601 944 1641 comitia
976 1601 1166 1641 fuissent.
1229 1599 1354 1642 Nunc
1384 1615 1460 1654 per
1491 1615 1560 1641 au·
1579 1617 1612 1642 25

224 1659 354 1712 spicia
398 1659 571 1713 longam
614 1674 777 1700 moram
821 1659 952 1700 video.
1014 1657 1128 1700 Dum
1173 1659 1283 1700 enim
1326 1674 1436 1700 unus
1480 1658 1561 1699 erit

220 1717 424 1771 patricius
468 1719 762 1772 magistratus,
806 1718 993 1772 auspicia
1031 1718 1082 1758 ad
1119 1720 1261 1772 patres
1299 1718 1435 1758 redire
1473 1732 1560 1758 non

220 1778 411 1830 possunt.
482 1776 638 1831 Magna
683 1791 781 1817 sane
825 1776 1103 1830 perturbatio.
1177 1776 1241 1817 Tu
1285 1779 1378 1817 tota
1422 1776 1471 1816 de
1515 1790 1560 1817 re

222 1834 322 1888 quid
367 1835 542 1889 sentias,
585 1835 712 1875 velim
756 1849 822 1876 me
859 1835 988 1876 facias
1027 1835 1262 1876 certiorem.
1324 1846 1375 1875 ΙΙΙ
1412 1833 1559 1876 Nonas

222 1893 368 1934 Maias
1580 1909 1614 1935 30

856 2010 928 2052 VI.

490 2090 566 2126 Scr.
587 2091 723 2126 Romae
749 2092 853 2126 XIV
875 2091 922 2125 K.
943 2092 1027 2125 Ian.
1050 2103 1082 2126 α.
1106 2094 1174 2126 711
1204 2093 1293 2135 (43).

610 2172 798 2207 BRUTUS
825 2172 1048 2207 CICERONI
1074 2172 1170 2207 SAL.

311 2243 413 2286 Noli
446 2247 700 2301 exspectare,
731 2245 830 2286 dum
861 2245 942 2285 tibi
975 2244 1134 2299 gratias
1168 2258 1302 2299 agam.
1358 2244 1447 2285 Iam
1479 2244 1562 2298 pri-

223 2302 316 2343 dem
359 2303 440 2344 hoc
478 2318 528 2344 ex
565 2307 713 2345 nostra
749 2303 1074 2358 necessitudine,
1120 2318 1225 2357 quae
1263 2303 1315 2344 ad
1353 2316 1561 2344 summam
1580 2317 1614 2344 35
