1665 2553
149 2230 169 2261 2

202 74 287 115 496
628 74 676 109 Μ.
698 74 839 108 TULLI
865 74 1114 109 CICERONIS

202 185 305 211 ram.
349 169 411 210 De
431 169 626 224 †em‘ctio
653 184 741 210 non
766 170 887 210 credo
913 184 989 210 nec
1012 172 1156 211 tamen
1175 184 1276 211 curo
1296 171 1393 224 plus
1414 185 1541 224 quam

203 231 261 269 tu.
323 228 477 270 Planco
511 231 552 269 et
585 227 722 282 Oppio
757 228 906 282 scripsi
939 229 1150 283 equidem,
1189 230 1390 282 quoniam
1422 243 1542 284 roga-

203 302 285 341 ras,
317 287 401 342 sed,
433 288 469 328 si
494 287 575 328 tibi
600 287 826 342 videbitur,
856 301 908 327 ne
939 301 1108 328 necesse
1133 287 1331 328 habueris
1358 288 1540 328 reddere.

205 344 312 387 Cum
343 346 455 386 enim
487 348 560 386 tua
592 359 717 386 causa
746 346 921 386 fecerint
954 346 1112 399 omnia,
1153 360 1311 401 vereor,
1341 361 1394 386 ne
1425 361 1539 387 meas

203 404 369 445 litteras
403 418 733 458 supervacaneas
767 404 1037 445 arbitrentur.
1089 404 1226 458 Oppio
1260 405 1428 458 quidem
1459 405 1539 445 uti·
1558 421 1574 447 5

206 478 297 517 que,
324 478 448 516 quem
474 463 556 503 tibi
582 463 882 503 amicissimum
909 463 1099 517 cognovi.
1146 462 1317 518 Verum,
1337 466 1385 504 ut
1411 464 1538 504 voles.

293 521 375 576 Tu,
413 521 613 575 quoniam
652 522 801 562 scribis
833 522 1116 562 hiematurum
1148 524 1190 563 te
1219 522 1265 562 in
1296 522 1448 576 Epiro,
1484 522 1540 562 fe—

205 580 309 621 ceris
340 580 445 620 mihi
477 583 662 635 gratum,
700 580 736 621 si
768 582 864 621 ante
896 595 945 621 eo
976 581 1157 635 veneris,
1201 595 1328 634 quam
1358 580 1464 621 mihi
1495 581 1540 621 in

203 638 372 679 Italiam
416 642 458 679 te
503 641 672 680 auctore
715 639 969 680 veniendum
1012 642 1086 680 est.
1149 638 1333 680 Litteras
1378 639 1430 680 ad
1473 654 1538 680 me

205 712 331 751 quam
356 697 616 753 saepissime3
637 698 672 738 si
693 698 742 738 de
761 698 887 738 rebus
913 697 1052 738 minus
1078 698 1339 753 necessariis,
1355 697 1538 752 aliquem
1559 714 1592 739 ιο

203 759 398 810 nanctus,
431 757 497 796 sin
529 759 669 797 autem
702 757 781 797 erit
808 756 908 810 quid
933 756 1081 811 maius,
1112 756 1236 797 domo
1268 757 1441 797 mittito.

286 815 627 870 Ἡρακλείδειον,
655 815 691 855 si
716 814 990 855 Brundisium
1017 815 1136 870 salvi,
1161 815 1409 856 adoriemur.
1460 813 1538 855 ‘De

203 873 354 928 gloria’
380 874 478 914 misi
503 874 594 914 tibi.
647 872 869 915 Custodies
902 874 1044 928 igitur,
1071 877 1119 914 ut
1146 874 1267 929 soles,
1295 874 1367 915 sed
1391 876 1538 914 noten-

202 935 273 972 tur
304 933 520 986 eclogarii,
560 947 666 986 quos
699 930 865 973 Salvius
899 932 1034 973 bonos
1067 932 1280 973 auditores
1312 935 1461 973 nactus
1493 932 1538 972 in

202 992 395 1032 convivio
429 991 648 1032 dumtaxat
680 991 805 1045 legat.
867 991 974 1031 Mihi
1006 991 1126 1032 valde
1158 992 1337 1047 placent,
1367 991 1537 1032 maHem
1558 1005 1590 1031 15

201 1049 294 1091 tibi.
355 1049 500 1090 Etiam
532 1052 658 1104 atque
691 1050 820 1090 etiam
852 1050 953 1090 vale.

834 1166 907 1207 ΠΙ.

391 1247 464 1281 Ser.
486 1248 524 1281 in
552 1247 773 1290 Pompeiano
799 1246 904 1280 XVI
924 1246 972 1280 K.
994 1246 1088 1280 Sext.
1110 1257 1142 1280 a.
1165 1249 1236 1280 710
1263 1248 1350 1289 (44).

602 1327 792 1363 CICERO
816 1327 1008 1362 ATTICO
1032 1327 1141 1362 SAL.

287 1400 351 1441 Tu
384 1414 480 1441 vero
514 1400 724 1453 sapienter
758 1398 888 1454 (nunc
920 1399 1087 1439 demum
1119 1399 1231 1439 enim
1263 1398 1448 1439 rescribo
1481 1398 1534 1439 iis
1555 1416 1587 1440 20

198 1459 374 1513 litteris,
412 1473 515 1512 quas
556 1458 662 1499 mihi
699 1458 855 1499 misisti
895 1461 1101 1498 convento
1143 1457 1332 1498 Antonio
1366 1456 1533 1513 Tiburi)

201 1518 412 1571 sapienter
449 1518 602 1572 igitur,
639 1517 753 1571 quod
792 1531 940 1557 manus
971 1516 1141 1571 dedisti,
1180 1515 1374 1569 quodque
1406 1515 1533 1556 etiam

198 1577 312 1617 ultro
346 1576 505 1631 gratias
533 1576 668 1630 egisti.
721 1574 844 1616 Certe
871 1575 995 1630 enim,
1026 1578 1073 1615 ut
1100 1574 1262 1629 scribis,
1295 1574 1532 1615 deseremur

199 1636 315 1675 ocius
355 1650 378 1675 a
417 1650 462 1676 re
499 1635 668 1688 publica
707 1649 832 1688 quam
871 1649 894 1674 a
933 1648 977 1674 re
1008 1633 1217 1674 familiari.
1281 1632 1401 1681 Quod
1431 1647 1531 1673 vero

199 1694 347 1734 scribis
386 1696 428 1734 te
466 1694 608 1734 cotidie
638 1693 774 1747 magis
807 1692 1011 1733 delectare
1041 1691 1091 1733 ‘O
1124 1691 1255 1745 Tite,
1294 1691 1335 1731 si
1380 1691 1530 1745 quid’,
1551 1707 1583 1732 25

198 1766 327 1807 auges
365 1752 471 1792 mihi
509 1752 716 1793 scribendi
755 1751 1025 1792 alacritatem.
1088 1750 1208 1798 Quod
1239 1749 1415 1790 Erotem
1445 1763 1533 1789 non

199 1811 287 1851 sine
319 1811 569 1851 munusculo
603 1813 843 1863 exspectare
875 1813 917 1850 te
951 1810 1071 1863 dicis,
1108 1809 1270 1863 gaudeo
1300 1822 1387 1848 non
1417 1807 1531 1848 fefel-

196 1870 296 1910 lisse
328 1885 419 1910 eam
449 1884 538 1909 rem
570 1869 811 1923 opinionem
843 1871 977 1922 tuam3
1010 1868 1083 1908 sed
1113 1870 1255 1908 tamen
1284 1866 1396 1907 idem
1428 1866 1530 1907 σύν-

196 1944 336 1982 ταγμα
376 1928 473 1968 misi
517 1927 567 1968 ad
609 1930 650 1968 te
691 1927 960 1967 retractatius
1000 1929 1040 1967 et
1079 1925 1248 1979 quidem
1286 1923 1530 1979 ἀρχέτυπον

196 1987 336 2039 ipsum
369 1987 525 2027 crebris
558 1986 662 2026 locis
694 1986 948 2026 inculcatum
980 1988 1021 2025 et
1054 1985 1265 2025 refectum.
1328 1982 1452 2023 Hunc
1482 1986 1529 2023 tu
1549 2000 1582 2024 30

198 2045 401 2085 tralatum
444 2045 488 2085 in
531 2044 829 2085 macrocollum
872 2044 964 2097 lege
1009 2057 1159 2083 arcano
1202 2042 1389 2083 convivis
1431 2041 1529 2096 tuis,

198 2104 288 2158 sed,
330 2104 364 2143 si
401 2118 467 2144 me
506 2118 637 2157 amas,
675 2102 822 2143 hilaris
860 2105 902 2142 et
933 2102 1038 2142 bene
1070 2101 1269 2155 acceptis,
1306 2114 1358 2140 ne
1389 2100 1433 2140 in
1463 2114 1529 2140 me

197 2162 462 2202 stomachum
494 2164 728 2215 erumpant,
760 2175 854 2201 cum
886 2160 971 2200 sint
1002 2160 1083 2200 tibi
1115 2160 1222 2200 irati.

284 2219 346 2260 De
374 2219 574 2261 Cicerone
600 2220 727 2260 velim
753 2219 813 2259 ita
840 2219 908 2274 sit,
939 2221 986 2259 ut
1013 2218 1216 2258 audimus.
1266 2216 1330 2258 De
1355 2216 1528 2258 Xenone

197 2291 337 2318 coram
369 2292 637 2333 cognoscam,
670 2292 926 2332 quamquam
956 2276 1066 2317 nihil
1097 2277 1148 2317 ab
1176 2291 1224 2317 6ο
1251 2275 1435 2316 arbitror
1459 2289 1528 2315 ne—
1547 2291 1580 2316 35
