1665 2553
398 104 738 139 EPISTULARUM
763 105 827 138 AD
853 104 1055 139 BRUTUM
1080 105 1113 138 Π
1140 108 1240 139 1-3.
1397 106 1481 146 555

145 200 227 242 tuli
257 200 320 242 rei
352 199 547 254 publicae
578 214 715 254 causa,
751 213 804 240 ne
836 199 977 240 darem
1008 199 1184 253 perditis
1217 200 1378 241 civibus
1409 200 1482 241 ho—

145 260 303 301 minem
342 273 491 312 parum
526 273 674 299 sanum
708 257 829 298 illum
862 258 1049 312 quidem,
1088 258 1159 298 sed
1190 261 1332 298 tamen
1364 258 1481 299 nobi-

144 318 241 373 lem,
273 332 356 372 quo
390 319 698 371 concurrerent,
731 316 843 370 quod
874 317 1036 358 faciunt
1060 316 1195 357 nihilo
1222 317 1378 370 ininus3
1412 317 1482 357 sed

147 391 241 418 eum
280 376 547 417 alienandum
588 390 611 416 a
649 390 692 416 re
730 375 900 428 publica
937 390 1023 416 non
1061 375 1273 429 putabam.
1335 374 1482 415 Finem

111 452 127 478 5
146 435 226 476 feci
259 435 349 476 eius
380 434 551 475 ferendi.
603 432 808 487 Coeperat
841 434 952 474 enim
983 448 1073 474 esse
1099 436 1219 474 tanta
1244 433 1483 488 insolentia,

148 496 196 534 ut
239 493 449 534 neminem
486 492 667 533 liberum
709 492 887 533 duceret.
954 491 1005 532 In
1041 491 1185 533 Planci
1224 506 1321 533 vero
1360 506 1484 533 causa

148 552 306 594 exarsit
348 551 586 592 incredibili
629 551 772 592 dolore
813 565 1059 604 mecumque
1099 565 1172 604 per
1209 550 1385 591 biduum
1422 550 1483 591 ita

148 610 365 652 contendit
403 613 445 651 et
483 625 506 651 a
543 624 610 650 me
647 610 707 650 ita
744 610 904 650 fractus
937 612 1019 663 est,
1056 612 1104 649 ut
1137 623 1231 650 eum
1262 609 1307 649 in
1336 623 1483 662 perpe-

147 672 269 710 tuum
300 669 599 709 modestiorem
632 683 794 722 sperem
826 668 926 708 fore.
976 667 1119 721 Atque
1144 668 1189 708 in
1213 667 1291 708 hac
1316 670 1483 708 conten-

100 746 134 770 10
155 728 271 769 tione
309 729 421 781 ipsa,
466 741 560 768 cum
598 727 781 767 maxime
818 741 883 766 res
921 730 1134 781 ageretur,
1178 741 1210 766 a.
1247 726 1282 766 d.
1315 738 1345 766 V
1383 724 1482 766 Idus

146 786 316 840 Apriles
354 786 522 827 litterae
558 785 664 826 mihi
703 786 746 826 in
785 787 932 825 senatu
970 784 1156 825 redditae
1195 787 1293 824 sunt
1325 799 1349 825 a
1379 783 1483 824 Len-

147 845 238 886 tulo
271 847 419 885 nostro
453 844 502 885 de
535 842 693 899 Cassio,
731 844 779 884 de
810 843 1063 897 legionibus,
1095 843 1144 883 de
1177 841 1308 896 Syria.
1371 841 1482 890 Quas

148 903 294 944 statim
336 917 430 944 cum
461 903 768 957 recitavissem,
805 902 952 942 cecidit
986 901 1208 955 Servilius,
1245 901 1482 954 complures

147 965 380 1015 praeterea3
420 964 518 1002 sunt
558 961 669 1002 enim
706 961 893 1014 insignes
930 960 1110 1014 aliquot,
1154 959 1226 1013 qui
1260 959 1506 1012 improbis2

95 1038 128 1063 15
149 1021 252 1061 sime
292 1020 490 1061 sentiunt.
555 1019 637 1061 Sed
671 1019 940 1060 acerbissime
971 1018 1072 1059 tulit
1105 1017 1307 1059 Servilius
1340 1017 1483 1058 adsen-

148 1094 242 1120 sum
281 1093 369 1119 esse
406 1078 512 1118 mihi
551 1078 599 1118 de
636 1077 801 1118 Planco.
863 1077 1067 1132 Magnum
1103 1076 1209 1117 illud
1246 1079 1482 1117 monstrum

146 1137 191 1178 in
222 1152 267 1178 re
297 1137 467 1191 publica
499 1139 574 1191 est,
606 1136 677 1177 sed
709 1150 791 1190 quo
818 1135 842 1161 ‘³‘
867 1135 890 1161 ²³⁴
915 1136 949 1176 ³⁵⁶.

637 1251 702 1293 111
736 1251 794 1306 [V
825 1255 867 1292 et
896 1250 991 1306 111]

447 1332 521 1367 Ser.
542 1332 733 1377 Dyrrachi
757 1332 805 1366 K.
826 1332 918 1375 Apr.
939 1344 971 1366 α.
995 1335 1062 1366 711
1091 1333 1180 1374 (43).

95 1423 129 1448 20
536 1413 723 1448 BRUTUS
750 1412 973 1448 CICERONI
997 1412 1094 1447 SAL.

235 1485 420 1526 Litteras
460 1487 556 1525 tuas
595 1485 715 1526 valde
754 1487 970 1538 exspecto,
1008 1498 1112 1537 quas
1145 1483 1352 1536 scripsisti
1384 1485 1481 1536 post
1508 1494 1525 1524 1

148 1545 321 1586 nuntios
358 1546 602 1584 nostrarum
632 1558 773 1583 rerum
806 1546 846 1583 et
879 1543 927 1582 de
958 1545 1095 1582 morte
1127 1541 1321 1581 Treboni.
1382 1540 1481 1581 Non

150 1603 260 1644 enim
292 1602 453 1655 dubito,
485 1602 588 1655 quin
618 1601 724 1641 mihi
756 1601 979 1641 consilium
1009 1603 1130 1640 tuum
1162 1599 1353 1653 explices.
1415 1598 1481 1639 In-

150 1661 278 1727 digno
321 1660 473 1702 scelere
513 1663 554 1700 et
586 1660 718 1700 civem
751 1660 959 1713 optimum
991 1658 1210 1698 amisimus
1243 1660 1284 1697 et
1315 1657 1482 1722 provin-

96 1737 130 1763 25
150 1720 236 1761 ciae
273 1719 540 1774 possessione
577 1718 689 1772 pulsi
727 1732 890 1772 sumus,
928 1731 1053 1770 quam
1094 1715 1330 1768 recuperari
1360 1715 1481 1756 facile

151 1781 233 1833 est,
268 1792 403 1831 neque
440 1777 579 1818 minus
617 1779 740 1830 turpe
779 1778 852 1816 aut
889 1775 1149 1829 flagitiosum
1181 1774 1261 1814 erit
1292 1776 1390 1827 post
1420 1788 1481 1814 re-

151 1836 350 1890 cuper-aii.

238 1893 451 1935 Antonius
485 1893 618 1934 adhuc
650 1895 713 1933 est
743 1892 978 1945 nobiscum,
1010 1889 1080 1930 sed
1104 1889 1266 1930 medius
1290 1889 1414 1929 fidius
1441 1892 1482 1929 et
1508 1901 1527 1930 2

151 1967 323 1994 moveor
346 1952 532 1993 hominis
558 1951 753 2005 precibus
780 1952 821 1990 et
846 1950 990 2002 timeo,
1019 1963 1072 1989 ne
1098 1948 1219 1988 illum
1244 1947 1482 2001 aliquorum

98 2028 133 2053 30
151 2011 268 2052 furor
309 2011 499 2064 excipiat.
569 2009 697 2050 Plane
741 2011 897 2049 aestuo.
966 2006 1124 2054 Quodsi
1167 2006 1332 2060 scirem,
1381 2006 1482 2059 quid

151 2069 232 2109 tibi
268 2069 467 2123 placeret,
513 2069 601 2109 sine
639 2066 921 2109 sollicitudine
959 2079 1110 2118 essem3
1147 2064 1191 2104 id
1227 2064 1338 2104 enim
1376 2064 1482 2117 opti-

153 2142 268 2168 mum
295 2141 386 2168 esse
412 2141 659 2180 persuasum
686 2128 795 2166 esset
821 2124 936 2165 mihi.
987 2122 1122 2171 Quare
1149 2137 1275 2175 quam
1299 2121 1482 2175 primum

152 2185 217 2225 fac
254 2199 320 2225 me
357 2185 596 2238 certiorem,
637 2184 737 2238 quid
774 2183 853 2223 tibi
890 2182 1062 2235 placeat.
1125 2179 1296 2220 Cassius
1336 2183 1481 2220 noster
1507 2191 1526 2221 3

153 2241 332 2298 Syriam,
361 2243 549 2297 legiones
577 2242 768 2296 Syriacas
799 2241 927 2281 habet
953 2240 1066 2279 ultro
1093 2238 1261 2292 quidem
1287 2253 1311 2278 a
1334 2238 1480 2279 Murco

100 2317 133 2342 35
153 2304 194 2341 et
221 2316 245 2341 a
269 2300 428 2342 Marcio
456 2304 497 2342 et
524 2301 576 2342 ab
603 2301 787 2342 exercitu
811 2299 904 2352 ipso
931 2297 1168 2338 arcessitus.
1211 2296 1306 2351 Ego
1334 2297 1483 2350 scripsi
