1665 2553
352 25 693 61 EPISTULARUM
718 26 783 60 AD
808 26 1025 61 ATTICUM
1051 26 1083 59 X
1109 27 1250 61 sA-9.
1382 26 1466 67 307

777 180 823 222 Β.

286 260 523 297 ‘CAESAR
554 261 664 297 IMP.
693 260 801 296 SAL.
830 261 872 296 D.
901 260 1169 295 CICERONI
1200 261 1308 295 IMP.

213 333 326 373 Etsi
358 336 406 374 te
436 333 569 374 nihil
601 336 807 387 temere,
838 333 973 373 nihil
998 333 1343 386 imprudenter
1369 333 1468 373 fae-

125 395 291 432 turum
337 392 633 446 iudicaram,
682 394 849 432 tamen
898 394 1163 446 permotus
1207 391 1468 432 hominum

89 451 253 492 5fama
310 451 633 492 scribendum
689 450 755 491 ad
809 453 857 491 te
913 450 1210 491 existimavi
1266 453 1316 490 et
1371 465 1466 504 pro

125 512 300 550 nostra
330 509 691 550 benevolentia
722 509 1008 565 petendum,
1039 524 1096 550 ne
1130 524 1224 563 quo
1257 523 1468 563 progre-

126 568 317 608 dereris
356 568 651 622 proolinata
688 568 786 608 iam
824 582 893 622 re,
935 583 1033 622 quo
1072 569 1273 622 integra
1314 568 1468 608 etiam

126 626 551 681 progrediendum
599 627 699 667 tibi
745 641 846 667 non
888 627 1252 667 existimasses.
1323 625 1467 667 Nam-

127 699 219 739 que
266 688 313 726 et
360 686 617 726 amicitiae
666 685 954 739 graviorem
999 685 1241 726 iniuriam
1282 685 1466 726 feceris

73 760 106 784 10
127 747 173 784 et
222 744 320 784 tibi
369 745 531 785 minus
582 744 833 785 commode
884 744 1233 798 consulueris,
1279 744 1320 784 si
1370 759 1469 785 non

126 802 370 844 fortunae
410 803 687 844 obsecutus
726 802 970 843 videbere
1009 801 1197 858 (omnia
1236 803 1364 843 enim
1397 817 1468 844 se-

128 862 442 902 cundissima
478 861 647 916 nobis,
684 861 1044 902 adversissima
1083 861 1192 902 illis
1226 861 1468 902 accidisse

127 918 414 976 videntur),
457 934 545 961 neo
589 934 791 960 eausam
839 923 1043 960 secutus
1092 919 1292 976 (eadem
1339 920 1468 961 enim

129 981 231 1019 tum
268 979 385 1033 fuit,
424 993 530 1019 cum
570 978 629 1019 ab
663 993 835 1019 eorum
867 979 1102 1019 consiliis
1135 978 1308 1019 abesse
1341 979 1468 1019 iudi·
1502 1001 1510 1004 -

75 1054 108 1078 15
129 1036 302 1093 casti),
352 1038 435 1078 sed
483 1052 640 1077 meum
689 1037 899 1090 aliquod
941 1038 1131 1078 factum
1175 1038 1468 1078 condemna-

129 1096 278 1149 visse3
327 1111 420 1150 quo
471 1096 598 1136 mihi
642 1096 846 1150 gravius
894 1096 981 1136 abs
1029 1099 1076 1136 te
1120 1096 1198 1136 nil
1244 1096 1468 1136 accidere

129 1157 312 1208 potest.
375 1154 514 1203 Quod
544 1168 603 1195 ne
634 1154 813 1208 facias,
845 1169 934 1208 pro
966 1154 1075 1194 iure
1106 1157 1318 1195 nostrae
1350 1155 1468 1195 ami-

130 1213 288 1253 citiae
327 1228 350 1254 a
387 1216 434 1254 te
466 1215 593 1267 peto.
654 1212 915 1254 Postremo
956 1213 1073 1266 quid
1110 1213 1218 1253 viro
1256 1213 1386 1254 bono
1421 1216 1468 1254 et

130 1272 308 1325 quieto
351 1275 397 1312 et
433 1272 562 1312 bono
602 1271 702 1312 civi
739 1272 901 1326 magis
935 1272 1176 1312 convenit
1210 1286 1353 1325 quam
1386 1272 1467 1312 ab—

76 1346 109 1370 20
130 1344 236 1370 esse
268 1345 291 1370 a
323 1330 564 1370 civilibus
598 1330 998 1371 controversiis?
1043 1329 1181 1378 Quod
1206 1345 1306 1371 non
1330 1330 1467 1371 nulli

130 1402 236 1429 cum
275 1389 577 1443 probarent,
618 1389 834 1442 periculi
876 1403 1023 1429 causa
1065 1389 1209 1442 sequi
1247 1403 1348 1429 non
1383 1404 1467 1442 po-

130 1449 358 1501 tuerunt;
396 1450 449 1487 tu
488 1447 757 1500 explorato
796 1450 842 1488 et
881 1447 1016 1488 vitae
1054 1462 1190 1488 meae
1227 1448 1464 1488 testimo-

130 1505 212 1546 nio
263 1508 309 1546 et
360 1505 612 1545 amicitiae
662 1505 849 1546 iudicio
893 1520 1052 1559 neque
1097 1506 1262 1546 tutius
1306 1520 1467 1559 neque

129 1563 398 1604 honestius
449 1564 676 1616 reperies
729 1564 998 1617 quiequam
1040 1579 1185 1617 quam
1230 1564 1288 1604 ab
1335 1564 1467 1604 omni

78 1638 111 1663 25
131 1622 464 1663 contentione
503 1622 687 1662 abesse.
743 1634 806 1662 XV
837 1622 942 1662 Kal.
975 1621 1132 1662 Maias
1166 1637 1222 1662 ex
1254 1623 1469 1663 itinere.'

766 1760 838 1802 IX.

353 1843 426 1878 Ser.
448 1843 487 1876 in
514 1842 675 1876 Cmncmo
708 1841 741 1875 V
764 1841 859 1875 Non.
882 1842 976 1876 Mai.
999 1854 1031 1876 α.
1057 1844 1125 1876 705
1153 1844 1244 1885 (49).

535 1923 725 1958 CICERO
751 1924 942 1958 ATTICO
968 1923 1075 1958 SAL.

221 1993 438 2036 Adventus
478 1995 699 2036 Philotimi
739 1993 806 2050 (at
844 1996 960 2035 euius
998 1995 1182 2035 hominis
1192 2029 1202 2049 ,
1243 2008 1369 2056 quam
1408 1994 1469 2034 in-

82 2070 115 2094 30
136 2052 239 2093 sulsi
276 2056 317 2093 et
355 2068 480 2107 quam
520 2068 642 2119 saepe
673 2068 749 2107 pro
782 2053 982 2107 Pompeio
1016 2052 1297 2098 mentientis.)
1331 2053 1470 2093 exani-

135 2111 267 2151 mavit
310 2125 453 2152 omnes
463 2146 473 2166 7
516 2113 588 2166 qui
625 2126 788 2152 meeum
826 2115 963 2164 er3ant
1006 2126 1105 2152 nam
1144 2111 1234 2164 ipse
1275 2099 1469 2152 obdurui.

135 2168 371 2210 Dubitabat
401 2172 595 2210 nostrum
626 2185 766 2223 nemo,
805 2171 907 2223 quin
939 2169 1093 2211 Caesar
1124 2169 1277 2210 itinera
1308 2184 1469 2223 lepres-

137 2228 260 2268 sisset
305 2252 358 2256 —-
397 2228 536 2269 volare
578 2228 746 2282 dicitur3
791 2228 981 2269 Petreius
1023 2242 1116 2268 cum
1154 2227 1331 2268 Afranio
1372 2242 1468 2269 eon-

1190 2296 1259 2330 20*

1494 1224 1512 1253 [Ο
