1665 2553
200 2124 217 2154 1

245 108 330 149 112
669 108 717 142 M.
745 107 886 142 TULLI
912 106 1162 142 CICERONIS

868 272 962 314 VII.

408 354 482 389 Ser.
510 355 550 388 in
569 354 747 398 Arpinati
772 365 816 387 m.
844 353 934 397 Apr.
963 357 1028 388 aut
1053 353 1147 387 Mai.
1175 365 1207 387 a.
1237 355 1310 387 698
1337 355 1428 397 (56).

669 434 838 469 CICERO
866 434 1039 469 ATTICO
1068 434 1164 469 SAL.

331 507 453 549 Nihil
491 507 800 562 εὐκαιρότερον
838 506 1021 560 epistula
1058 509 1149 562 tua,
1187 521 1293 561 quae
1330 521 1396 547 me
1435 506 1586 547 sollici-

243 570 336 608 tum
374 567 422 607 de
461 565 617 614 Quinto
659 568 829 622 nostro,
868 580 999 619 puero
1041 565 1222 621 optimo,
1261 565 1380 607 valde
1419 565 1587 606 levavit.
1624 582 1640 607 5

243 625 430 667 Venerat
477 625 594 665 horis
639 624 802 665 duabus
851 627 948 665 ante
986 623 1266 678 Chaerippus,
1316 639 1430 665 mera
1470 638 1586 665 mon-

245 687 334 725 stra
364 683 593 724 nuntiarat.
654 682 718 723 De
746 682 977 737 Apollonio
1012 683 1124 737 quod
1157 683 1318 736 scribis,
1351 683 1424 736 qui
1454 683 1519 723 illi
1544 682 1586 723 di

245 743 361 783 irati!
393 742 556 783 homini
591 741 768 796 Graeco,
801 742 874 795 qui
903 742 1130 782 conturbat
1162 744 1289 795 atque
1320 741 1429 782 idem
1462 743 1586 795 putat

245 802 328 842 sibi
364 801 489 842 licere
527 801 641 854 quod
682 800 897 854 equitibus
936 799 1151 841 Romanis.
1214 799 1325 841 Nam
1362 800 1586 841 Terentius

245 874 321 901 suo
354 860 455 900 iure.
518 859 582 900 De
615 859 791 900 Metello
1607 876 1640 900 10

629 940 725 995 (οὐχ
758 941 855 995 ὁσίη
889 940 1203 996 φθιμε’νοισιν’,

245 1036 318 1077 sed
342 1038 485 1076 tamen
503 1035 651 1076 multis
673 1034 793 1075 annis
814 1034 917 1075 civis
938 1049 1060 1075 nemo
1082 1037 1172 1075 erat
1191 1036 1396 1076 mortuus.
1441 1033 1587 1089 †Quid

245 1094 415 1148 quidem
446 1094 528 1134 tibi
565 1093 757 1133 nummi?
816 1107 909 1134 meo
948 1094 1135 1147 periculo
1177 1093 1272 1134 sint.
1336 1092 1444 1141 Quid
1475 1093 1587 1134 enim

244 1153 431 1194 vereris?
465 1152 778 1204 Quemcumque
796 1151 992 1192 heredem
1011 1153 1124 1206 fecit,
1148 1152 1232 1192 nisi
1251 1151 1451 1192 Publium
1476 1152 1586 1205 fecit,

244 1212 383 1252 virum
413 1211 513 1251 fecit
543 1224 630 1251 non
660 1209 976 1264 improbiorem,
1015 1225 1141 1264 quam
1171 1210 1254 1250 fuit
1285 1210 1386 1263 ipse.
1449 1209 1586 1259 Quare
1605 1228 1635 1252 ιε

244 1269 290 1310 in
320 1269 400 1310 hoc
437 1269 603 1310 thecam
639 1268 922 1309 nummariam
966 1269 995 1322 ἦ·
1014 1283 1100 1309 non
1141 1269 1361 1322 retexeris,
1401 1268 1447 1309 in
1490 1269 1584 1310 aliis

247 1328 329 1369 eris
361 1328 535 1369 cautior.

332 1386 427 1427 Mea
459 1386 657 1427 mandata
689 1386 737 1426 de
779 1385 903 1426 domo
942 1385 1127 1439 curabis,
1168 1385 1378 1439 praesidia
1414 1385 1586 1441 locabis,

245 1445 449 1486 Milonem
488 1444 744 1485 admonebis.
807 1444 1078 1497 Arpinatium
1115 1444 1309 1485 fremitus
1355 1447 1419 1485 est
1455 1444 1586 1486 incre-

245 1504 387 1544 dibilis
421 1504 469 1544 de
501 1503 682 1544 Laterio.
745 1502 853 1551 Quid
885 1503 1084 1556 quaeris?
1118 1503 1310 1556 equidem
1342 1502 1474 1558 dolui3
1606 1520 1631 1545 2(

569 1598 607 1639 ‘o
641 1595 689 1639 δὲ
721 1597 801 1639 οὐκ
833 1596 1038 1651 ἐμπάζετο
1071 1597 1256 1651 μύθων’.

244 1692 354 1741 Quid
386 1691 607 1746 superest?
647 1691 810 1746 Etiam,
846 1704 1025 1744 puerum
1057 1688 1302 1732 Ciceronem
1339 1689 1505 1731 curabis
1543 1694 1585 1731 et

244 1751 418 1805 amabis,
450 1753 498 1791 ut
529 1750 643 1791 facis.

858 1877 972 1919 VIII.

479 1958 553 1994 Ser.
581 1958 674 1993 Anti
697 1969 741 1992 m.
770 1953 860 2002 Apr.
888 1962 953 1992 aut
979 1958 1074 1992 Mai.
1101 1969 1134 1992 α.
1162 1959 1235 1991 698
1263 1958 1354 2000 (56).
1603 1964 1626 1989 23

669 2039 837 2074 CICERO
864 2038 1036 2073 ATTICO
1064 2038 1160 2073 SAL.

333 2113 472 2154 Multa
510 2127 576 2153 me
617 2112 662 2152 in
703 2111 888 2165 epistula
928 2113 1002 2152 tua
1040 2110 1319 2166 delectarunt,
1363 2109 1434 2151 sed
1475 2109 1585 2151 nihil

245 2172 381 2225 magis
424 2186 551 2225 quam
587 2170 734 2224 patina
770 2169 1033 2224 tyrotarichi.
1095 2168 1204 2211 Nam
1245 2169 1294 2209 de
1331 2168 1583 2209 raudusculo

247 2230 358 2283 quod
390 2230 552 2283 scribis,

382 2310 522 2364 (μήπω
555 2310 647 2365 μέγ’
687 2315 822 2366 εἴπῃς,
852 2308 959 2365 πρὶν
989 2307 1286 2363 τελευτήσαντ’
1326 2308 1448 2364 ἰ’δῃς’.
1603 2325 1619 2350 3
