1689 2572
662 116 700 151 P.
723 119 871 151 79—88.
1310 115 1443 150 XXVII

100 211 216 256 mayis
248 210 333 244 add.
358 211 447 255 post
479 210 645 245 audieris
678 209 848 244 Wesenb.
877 220 949 244 non
980 210 1099 254 magis
1131 220 1310 244 necessar.
1332 220 1444 253 quam

100 268 177 292 κιο.
196 269 221 302 p
248 261 301 291 83.
319 261 380 301 293
409 267 506 300 nam,
539 257 637 300 quod
662 257 849 301 persuasit
873 257 1004 291 Bootio
1032 258 1131 301 ‘post
1155 258 1209 291 ita
1227 278 1272 282 —
1296 261 1337 291 ut
1362 268 1445 290 cum

103 303 335 338 coniunctivo
378 304 605 338 sententiam
637 315 710 338 non
741 304 926 348 integram
957 314 1036 338 esse
1067 304 1139 338 nisi
1170 303 1240 338 hoc
1270 303 1443 337 adverbio

103 351 262 394 addito’,
284 361 362 386 non
388 351 657 385 intellexerunt
681 355 722 386 ut
747 362 820 385 non
846 362 926 385 esse
952 351 1248 385 coniunctionem
1272 361 1340 384 nec
1361 361 1442 384 con-

102 398 308 432 iunctivum
341 398 502 442 pendere
530 409 573 431 ex
600 409 644 432 ea
667 397 870 443 particula,
905 398 970 432 sed
994 402 1035 433 ut
1060 409 1139 432 esse
1167 397 1381 432 adverbium
1407 398 1444 430 et

104 445 378 479 coniunctivum
418 444 665 479 assimilatum
696 455 774 479 esse
807 444 988 489 superiori
1018 456 1097 479 cum
1128 445 1266 488 videas,
1300 445 1345 478 de
1371 454 1443 487 quo

102 504 132 526 v.
160 492 392 526 Friedlaend.
422 492 469 526 ad
504 492 624 526 Iuven.
658 491 674 524 I
703 495 762 535 68,
803 490 873 526 Cic.
903 492 948 525 de
980 502 1028 526 or.
1056 492 1089 525 H
1115 496 1168 526 68.
1191 495 1274 534 277,
1314 491 1372 525 fin.
1394 490 1444 524 IV

105 542 135 573 9.
157 543 200 573 22
216 550 282 582 ex„
315 538 439 573 Plane.
463 542 516 572 20.
541 542 595 581 50,
622 538 720 572 infra
744 550 779 583 p.
801 541 881 572 378.
903 542 959 582 30,
985 542 1062 573 382.
1086 543 1140 581 25,
1171 542 1310 572 517.13
1330 542 1441 572 statu-

102 587 178 620 erit.
200 607 246 610 —
272 590 315 620 33
341 587 423 620 veni
448 585 653 619 Lehmanni
680 585 782 619 codd.
804 585 894 630 (Att.
915 597 950 629 p.
974 589 1015 619 31
1045 587 1082 619 et
1103 587 1194 630 174),
1220 586 1250 619 ii
1275 597 1358 619 cum
1379 584 1443 618 alii

104 634 185 666 tum
210 633 259 675 M,
287 633 368 667 edd.
390 633 509 667 forma
534 643 607 666 non
633 632 816 666 Tulliana.
837 654 882 658 —
902 636 945 666 35
965 633 1059 667 'nisi
1076 633 1231 676 Manut,
1256 631 1443 674 Wesenb.,

102 679 207 713 Boot.
241 682 250 723 ΙΙ
283 680 328 714 P.
345 680 408 714 86.
424 684 443 713 3
473 680 738 714 Thessalonica
762 679 949 722 Wesenb„
974 679 1077 713 Boot.
1117 679 1176 713 Ad
1199 691 1234 724 p.
1253 683 1377 713 7715.
1399 700 1444 703 —

105 730 125 760 8
152 731 184 761 ct
207 738 314 772 ‘royac
338 726 529 760 Lehmann
556 737 610 771 ep.
634 726 696 760 sel.
718 726 733 759 I
755 730 797 760 16
825 736 843 760 e
871 726 946 760 suis
974 726 1091 769 codd,
1119 737 1187 760 om.
1209 726 1258 768 M,
1284 725 1443 770 vulg.—

105 777 147 807 17
169 785 286 818 ecquo
306 773 475 817 Malasp„
502 773 657 817 Tyrrell,
684 773 783 816 quod
802 772 841 806 in
863 773 966 807 codd.
983 775 1039 807 est
1059 778 1091 808 ct
1109 784 1178 818 quo
1197 773 1260 817 (ad
1278 785 1312 817 p.
1327 777 1380 806 24.
1398 774 1442 817 8),

105 820 204 863 quod
239 831 311 854 non
337 820 525 864 intellego.
564 841 609 845 —
648 824 691 853 20
717 820 929 855 rescindam
957 819 1151 862 Graevius,
1191 820 1273 862 alii,
1305 819 1443 861 Baiter,

103 866 290 910 Wesenb.,
317 867 419 911 prob.
441 867 545 910 Boot,
571 868 734 901 scindam
760 867 876 908 codd,
903 867 1006 909 Boot,
1033 866 1176 911 Tyrrell
1198 878 1252 911 ep.
1269 871 1324 909 73,
1351 866 1442 900 Leh-

104 924 217 947 mann
244 925 284 948 eo
312 914 524 956 defendens,
551 914 650 956 quod
677 913 776 957 apud
797 912 1008 947 Ciceronem
1029 925 1161 957 ponere
1187 913 1236 947 sit
1260 914 1442 957 deponere.

105 982 150 986 ——
177 964 220 994 34
242 961 390 1004 probati
413 971 528 1004 marg.
551 960 589 993 M
616 961 801 1003 ceterique
828 960 950 1003 codd,
984 960 1173 1002 VVesenb„
1206 961 1318 1003 Boot,
1350 960 1443 994 Leh-

104 1018 217 1041 mann
243 1010 286 1051 (v,
308 1007 384 1041 Att.
405 1019 439 1051 p.
456 1009 547 1051 195),
570 1008 722 1052 pmyatz'
741 1007 789 1049 M,
816 1007 953 1049 Baiter,
980 1007 1134 1051 Tyri-ell,
1162 1006 1330 1041 Schmidt
1357 1006 1444 1040 ‘Der

105 1054 381 1088 Briefwechsel’
409 1066 443 1098 p.
464 1057 544 1087 451.
568 1058 598 1097 1,
626 1053 729 1088 cuius
755 1054 868 1087 miror
894 1054 1156 1088 confidentiam
1182 1054 1345 1087 omnium
1370 1064 1443 1087 non
1490 1070 1498 1073 ⁴

107 1101 325 1145 cupidorum
346 1101 558 1135 criticorum
579 1110 729 1134 causam
749 1101 802 1134 sio
822 1101 983 1145 agentis:
1014 1101 1137 1134 ‘Jeder
1156 1100 1443 1134 vorurteilsfreie

106 1148 300 1191 Kritiker’,
334 1148 469 1191 inquit,
498 1148 606 1180 ‘wird
631 1147 747 1181 lieber
771 1147 841 1181 mit
865 1147 921 1180 Ml
943 1149 1096 1193 purgati
1121 1147 1175 1181 als
1202 1147 1271 1181 mit
1296 1147 1442 1181 ENOPs

107 1197 175 1229 etc.
205 1195 270 1228 das
305 1194 619 1228 absehwachende
641 1195 787 1238 probati
812 1194 1037 1237 schreiben,
1056 1195 1122 1228 das
1150 1194 1216 1228 auf
1237 1194 1445 1229 wohlfeiler

107 1241 314 1286 Konjektur
344 1241 505 1275 beruht’.
556 1241 650 1274 Mihi
684 1241 801 1275 multo
827 1241 903 1275 veri
930 1241 1088 1275 similius
1115 1241 1261 1275 videtur
1281 1242 1443 1286 picryati,

106 1299 173 1333 per
193 1299 231 1322 se
253 1288 343 1322 satis
363 1288 540 1332 ineptum,
568 1299 609 1322 eo
630 1289 738 1322 modo
760 1290 879 1322 ortum
902 1298 992 1331 esse,
1020 1289 1064 1322 de
1085 1299 1156 1331 quo
1178 1289 1225 1322 ad
1244 1300 1278 1332 p.
1293 1292 1346 1322 24.
1363 1292 1392 1322 8.
1433 1288 1445 1334 Η

155 1336 200 1370 Ρ.
211 1335 274 1370 87.
288 1339 330 1369 15
346 1340 421 1369 aut
432 1336 554 1379 potius
567 1335 725 1377 Ernesti,
740 1335 913 1369 Wesenb.
940 1335 982 1369 V.
992 1335 1101 1369 Hand
1115 1335 1217 1369 Tui-s.
1227 1335 1243 1368 Ι
1255 1347 1290 1379 p.
1301 1339 1366 1369 501
1379 1346 1443 1378 sq.,

108 1382 158 1416 IV
185 1386 263 1425 515,
291 1381 460 1426 Seyfferti
485 1382 583 1415 Lael.
605 1394 639 1426 p.
654 1386 731 1424 192,
759 1382 868 1416 Sorof
890 1382 935 1415 de
962 1383 1039 1416 0121
1065 1386 1118 1416 51.
1136 1386 1215 1424 220,
1241 1382 1273 1415 Π
1293 1386 1347 1415 37.
1366 1385 1443 1424 156,

111 1429 462 1471 add.0r.31.112m.,
477 1428 622 1462 S.Rosc.
633 1433 663 1462 8.
676 1432 781 1462 noa.
793 1440 858 1471 ex,
872 1429 965 1462 dom.
978 1433 1031 1463 26.
1042 1433 1096 1471 69,
1109 1429 1231 1473 legg.I
1242 1432 1338 1470 618,
1350 1429 1443 1463 Plin.

111 1476 208 1520 ep.H
222 1480 274 1510 13.
286 1479 316 1518 3,
339 1480 456 1517 1413,
471 1475 521 1509 IV
534 1479 628 1517 18.1,
644 1475 958 1520 Hor.ep.II2.197
990 1497 1035 1501 —
1056 1480 1098 1510 19
1113 1476 1280 1521 [amare]
1293 1475 1446 1520 Madvig

110 1523 200 1557 Adv.
215 1523 266 1556 ΙΠ
284 1535 318 1567 p.
335 1526 412 1565 170,
432 1523 534 1556 Boot.
568 1522 610 1556 V.
626 1522 816 1556 Lehmann
836 1533 890 1566 ep.
908 1523 996 1556 seLI
1018 1527 1060 1556 16
1080 1535 1114 1567 p.
1133 1527 1175 1556 74
1191 1523 1245 1556 ed.
1255 1522 1314 1556 VI.
1335 1544 1381 1547 -—
1402 1526 1444 1556 25

110 1570 267 1614 oportuit
277 1569 400 1614 potius
412 1580 523 1612 quam
529 1570 649 1613 potuit
660 1568 784 1612 Orelli,
795 1570 932 1612 Baiter,
943 1569 1125 1612 Wesenb.,
1135 1569 1230 1603 Boot
1239 1580 1313 1603 non
1323 1569 1444 1602 minus

109 1616 262 1661 probab.
276 1627 387 1659 quam
401 1616 446 1649 de
458 1616 552 1650 dom.
566 1620 647 1649 511
664 1628 753 1660 pm.
766 1619 901 1660 (11462.
913 1619 946 1660 2)
963 1616 1009 1650 al.
1024 1638 1070 1642 —
1085 1620 1127 1650 33
1141 1617 1324 1651 restituar
1343 1616 1444 1659 Tyrr.

111 1663 213 1697 tacit.
247 1663 288 1696 V.
303 1664 451 1707 praeter
471 1663 546 1696 alia
564 1663 755 1696 Lehmann
776 1662 940 1704 Quaestt.
956 1675 990 1707 p.
1007 1667 1051 1697 88
1063 1675 1127 1706 sq.,
1142 1664 1228 1697 fam.
1244 1675 1278 1707 p.
1297 1667 1372 1696 122.
1389 1667 1444 1705 21,

113 1710 243 1754 Stangl
269 1710 469 1743 ‘Tulliana'
490 1721 611 1754 progr.
627 1709 769 1743 Monac.
787 1713 876 1743 1897
896 1722 930 1754 p.
948 1714 990 1743 28
1001 1722 1071 1753 sq.3
1100 1710 1143 1744 cf.
1156 1710 1254 1743 infra
1274 1722 1308 1753 p.
1322 1713 1375 1743 89.
1391 1713 1445 1750 31,

112 1760 251 1791 141.17
268 1759 374 1799 91:24,
401 1759 478 1790 218.
495 1760 550 1800 35,
571 1760 720 1799 25917,
742 1760 819 1790 282.
837 1761 892 1798 21,
920 1761 997 1790 302.
1015 1761 1070 1799 28,
1098 1761 1246 1798 31311,
1268 1760 1359 1798 (319.
1377 1757 1446 1800 25,>

112 1807 190 1838 523.
207 1808 226 1837 3
242 1806 279 1837 et
293 1807 348 1846 23,
375 1807 452 1837 536.
466 1807 519 1837 20.
565 1805 576 1848 ΙΙ
619 1803 665 1838 P.
680 1803 743 1838 88.
761 1808 778 1837 1
805 1804 856 1837 sic
875 1803 923 1846 M,
949 1804 1146 1837 Rothstein
1169 1802 1444 1836 ‘Wochenschiz

111 1850 136 1885 f.
162 1850 274 1884 klass.
304 1850 412 1884 Phil.’
449 1853 550 1884 1892.
584 1854 691 1891 1164,
726 1855 871 1885 senatus
907 1852 1066 1885 consulto
1103 1850 1254 1894 Madvig
1279 1849 1369 1882 Adv.
1398 1849 1448 1882 ΠΙ

112 1909 146 1941 p.
176 1901 241 1931 170
257 1908 327 1940 sq.,
364 1897 475 1939 Boot,
514 1896 714 1939 Lehmann,
754 1898 841 1940 quid
879 1897 944 1930 alii
976 1897 1098 1939 codd,
1137 1896 1234 1940 vulg.
1286 1894 1337 1929 Cf.
1358 1895 1444 1930 fam.

111 1955 147 1988 p.
170 1947 223 1977 27.
246 1948 299 1978 37.
335 1944 377 1977 In
401 1943 470 1977 hoc
495 1943 564 1977 vol.
585 1955 611 1978 s.
633 1955 659 1978 c.
682 1943 859 1988 scriptum
883 1944 1069 1978 invenitur
1093 1956 1126 1987 p.
1150 1947 1202 1976 98.
1226 1946 1280 1985 26,
1309 1946 1445 1977 13315

114 1992 152 2024 et
178 1994 232 2034 18,
260 1994 336 2025 156.
359 1994 400 2024 31
429 1992 466 2024 et
491 1994 546 2033 33,
579 1994 656 2024 290.
679 1994 739 2033 28,
771 1995 916 2025 senatus
941 1991 1106 2025 consulto
1134 1994 1209 2023 104.
1232 1993 1288 2031 36,
1319 1994 1447 2024 senatu

115 2039 273 2072 consulto
297 2041 373 2071 124.
391 2041 444 2080 13,
473 2040 549 2070 156.
567 2040 610 2070 27
625 2039 662 2071 et
676 2041 730 2079 28,
759 2040 835 2071 368.
852 2041 905 2071 11.
934 2058 979 2062 -
1007 2041 1026 2070 3
1053 2048 1159 2080 quam
1179 2035 1247 2070 del.
1264 2035 1446 2079 Tunstall,

115 2083 211 2127 vulg.
235 2084 328 2127 edd„
355 2085 498 2129 †quam
522 2084 617 2118 Boot
642 2094 793 2118 censens
821 2086 885 2118 aut
909 2095 1017 2128 quam
1038 2083 1251 2116 ‘delendum
1277 2093 1356 2117 esse
1383 2085 1448 2117 aut

116 2130 366 2164 scribendum:
393 2131 517 2174 Neque
543 2141 632 2174 opus
650 2135 700 2165 cst
719 2131 823 2165 aliud
842 2132 1030 2175 quicquam
1051 2131 1221 2175 abo-oyem?
1239 2130 1301 2164 vel*
1316 2130 1445 2164 etiam:

115 2187 178 2210 ‘nec
203 2177 391 2220 quicquam
416 2178 519 2211 aliud
544 2189 633 2221 opus
658 2182 707 2212 est
733 2189 838 2222 quam
864 2178 957 2211 illud
978 2176 1240 2221 (privilegium)
1260 2176 1444 2222 abroyari’

115 2223 186 2257 hoc
204 2222 285 2257 fals.
323 2223 366 2257 V.
389 2224 435 2257 ad
453 2236 487 2268 p.
504 2228 558 2258 24.
574 2228 604 2258 8.
626 2245 671 2249 —
696 2228 718 2258 4
737 2228 831 2259 erat
846 2224 1075 2268 promulyata
1096 2223 1254 2266 Ernesti,
1274 2223 1445 2258 Wesenb.

116 2271 194 2303 tam
220 2280 404 2313 super-vac.
426 2282 537 2313 quam
561 2283 595 2314 p.
613 2275 666 2304 22.
684 2275 737 2304 10.
759 2292 804 2295 —
825 2275 842 2304 7
870 2281 944 2305 ozon
969 2271 1081 2304 solum
1106 2270 1214 2304 inser.
1228 2272 1314 2314 post
1333 2271 1446 2305 consi-

117 2316 206 2352 lium
220 2316 345 2359 Orelli,
359 2315 543 2360 Wesenb„
563 2328 636 2352 non
650 2318 751 2352 modo
765 2318 852 2351 vett.
880 2316 922 2350 V.
936 2316 1048 2359 Boot,
1070 2317 1118 2350 ad
1133 2321 1250 2351 3618.
1272 2338 1317 2342 -—
1338 2318 1447 2351 14122
