1665 2553
77 770 111 795 10

78 1063 112 1088 15

80 1648 115 1674 25

84 1941 118 1966 30

85 2231 119 2257 35

364 127 705 162 EPISTULARUM
731 127 795 160 AD
821 126 1024 161 BRUTUM
1049 126 1065 160 Ι
1093 129 1147 170 14,
1176 130 1228 160 15.
1383 125 1468 167 539

216 223 352 265 Venio
383 237 496 264 1111116
525 223 654 277 longo
689 237 787 263 sane
818 222 1042 263 intervallo
1070 221 1120 263 ad
1148 221 1359 275 quandam
1386 221 1470 274 epi-
1496 236 1515 263 t,

129 283 297 337 stulam,
330 297 413 337 qua
444 281 549 323 mihi
578 281 714 322 multa
745 281 937 321 tribuens
964 295 1094 321 unum
1122 279 1469 334 reprehendebaS,

130 342 242 396 quod
278 342 323 382 in
358 341 593 382 honoribus
635 339 904 381 decernendis
938 354 1072 380 essem
1102 339 1259 379 nimius
1293 341 1334 379 et
1366 341 1470 379 tam-

130 415 256 454 quam
306 400 522 454 prodigus.
594 398 658 440 Tu
707 398 805 453 hoc,
855 399 962 439 alius
1013 399 1212 451 fortasse,
1264 397 1376 451 quod
1426 397 1470 437 in

131 459 492 500 animadversione
529 472 748 511 poenaque
789 457 950 511 durior,
987 457 1069 498 nisi
1101 457 1212 498 forte
1242 459 1470 509 utrumque

131 521 188 558 tu.
251 517 371 566 Quod
416 517 451 558 si
494 517 555 557 ita
599 519 681 570 est,
723 516 946 570 utriusque
988 516 1049 556 rei
1089 530 1230 556 meum
1267 514 1470 555 iudicium

132 577 279 617 studeo
311 576 393 617 tibi
425 590 516 617 esse
546 575 819 616 notissimum
851 575 1030 628 †neque
1062 574 1199 615 solum
1223 576 1272 614 ut
1300 572 1468 615 Solonis

130 635 289 676 dictum
320 649 532 688 usurpem,
564 634 636 688 qui
669 636 711 675 et
743 634 1080 688 sapientissimus
1112 633 1194 673 fuit
1226 647 1276 673 ex
1308 634 1470 685 septem

133 697 173 735 et
205 695 346 748 legum
381 693 563 747 scriptor
596 692 710 733 solus
744 707 793 733 ex
827 695 997 746 septem.
1060 691 1102 732 Is
1134 706 1223 732 rem
1254 691 1469 744 publicam

131 753 338 793 contineri
370 752 532 792 duabus
564 751 689 792 rebus
722 751 848 806 dixit,
889 750 1076 804 praemio
1110 753 1152 791 et
1183 764 1328 804 poena.
1390 749 1470 789 Est

132 811 293 852 scilicet
325 811 547 864 utriusque
578 811 639 851 rei
670 810 820 851 modus
854 810 962 850 sicut
993 809 1253 863 reliquarum
1278 811 1320 849 et
1346 822 1468 861 quae-

131 871 226 911 dam
269 870 314 910 in
356 872 538 923 utroque
579 883 731 924 genere
768 868 1047 909 mediocritas.
1111 866 1190 908 Sed
1231 881 1317 907 non
1349 868 1470 907 tanta

131 929 180 970 de
217 943 262 969 re
305 929 574 982 propositum
619 931 682 968 est
725 927 805 968 hoc
842 927 934 968 loco
975 927 1207 980 disputare,
1249 925 1351 979 quid
1389 939 1468 979 ego

132 990 272 1028 autem
317 989 485 1028 secutus
528 987 609 1027 1106
651 986 764 1027 bello
809 986 889 1026 61111
926 985 972 1026 111
1011 985 1232 1026 sententiis
1272 984 1470 1039 dicendis,
1522 1034 1530 1037 Δ

133 1046 294 1100 aperire
324 1060 411 1086 non
443 1045 625 1086 alienum
657 1047 773 1099 puto.

219 1104 323 1145 Post
372 1103 593 1145 interitum
638 1102 828 1144 Caesaris
880 1105 921 1144 et
969 1105 1131 1144 vestras
1175 1101 1470 1143 memorabiles

131 1163 230 1204 Idus
269 1163 412 1217 Mart,
449 1163 600 1216 Brute,
639 1162 741 1216 quid
784 1175 861 1216 ego
900 1157 1248 1215 praetermissum
1288 1176 1311 1201 a
1347 1160 1469 1201 vobis

133 1224 418 1276 quantamque
449 1221 689 1274 impendere
720 1220 780 1261 rei
812 1220 1005 1274 publicae
1037 1222 1334 1273 tempestatem
1361 1219 1470 1259 dixe-

132 1281 232 1334 rim,
271 1294 358 1321 non
397 1295 439 1321 es
479 1280 649 1320 oblitus.
711 1279 867 1333 Magna
905 1279 1038 1332 pestis
1071 1281 1161 1318 erat
1192 1278 1366 1331 depulsa
1397 1292 1470 1331 per

133 1354 221 1392 vos,
253 1353 408 1393 magna
439 1338 587 1392 populi
620 1338 801 1378 Romani
833 1337 998 1377 macula
1029 1337 1177 1392 deleta,
1216 1336 1339 1377 vobis
1370 1350 1469 1377 vero

133 1401 254 1451 parta
292 1397 433 1438 divina
471 1397 623 1452 gloria,
662 1396 734 1437 sed
771 1396 1102 1437 instrumentum
1133 1395 1253 1449 regni
1285 1395 1470 1435 delatum

134 1456 186 1496 ad
211 1455 415 1509 Lepidum
448 1458 489 1496 et
520 1455 773 1508 Antoniuni3
806 1469 986 1508 quorum
1018 1454 1124 1494 alter
1149 1454 1470 1507 inconstantior,

135 1514 243 1555 alter
273 1514 491 1567 impurior,
522 1517 701 1566 uterque
732 1527 877 1566 pacem
908 1515 1113 1565 metuens,
1144 1512 1339 1552 inimicus
1370 1512 1469 1552 otio.

134 1572 214 1613 His
258 1572 503 1613 ardentibus
546 1571 855 1625 perturbandae
898 1571 959 1611 rei
1002 1571 1196 1624 publicae
1240 1571 1471 1624 cupiditate

136 1631 249 1685 quod
281 1631 439 1685 opponi
470 1633 614 1684 posset
648 1629 916 1683 praesidium,
947 1643 1034 1669 non
1067 1629 1346 1683 habebamus,
1384 1643 1471 1669 ere-

135 1692 254 1731 xerat
297 1690 407 1730 enim
453 1704 497 1730 se
535 1688 683 1729 civitas
722 1688 767 1728 in
803 1687 1022 1728 retinenda
1059 1687 1258 1728 libertate
1297 1701 1472 1728 consen-

135 1749 264 1803 tiens,
304 1763 382 1789 nos
427 1751 520 1788 tum
562 1747 689 1788 nimis
728 1760 860 1800 acres,
903 1760 978 1786 vos
1017 1745 1200 1786 fortasse
1239 1746 1470 1799 sapientius

137 1807 376 1848 excessistis
408 1807 512 1847 urbe
545 1821 604 1860 ea,
636 1820 763 1859 quam
788 1804 1040 1858 liberaratis,
1071 1803 1220 1845 Italiae
1248 1818 1323 1844 sua
1348 1804 1471 1845 vobis

137 1866 278 1906 studia
308 1865 527 1919 profitenti
557 1864 794 1906 remisistis.
845 1862 1006 1917 Itaque,
1039 1877 1134 1903 cum
1165 1862 1299 1902 teneri
1325 1863 1473 1903 urbem

139 1939 162 1964 a
197 1924 416 1977 parricidis
453 1923 637 1964 viderem
675 1937 750 1962 nec
787 1924 829 1962 te
868 1922 911 1961 in
950 1936 997 1962 ea
1033 1935 1109 1961 nec
1147 1920 1342 1961 Cassium
1378 1924 1472 1962 tuto

138 1997 229 2023 esse
260 1997 384 2036 posse
415 1997 589 2035 eamque
622 1981 749 2022 armis
783 1994 1025 2033 oppressam
1057 1980 1108 2020 ab
1135 1979 1339 2034 Antonio,
1369 1979 1474 2020 mihi

139 2055 306 2094 quoque
350 2041 433 2094 ipsi
474 2055 564 2081 esse
607 2039 889 2080 excedendum
931 2038 1094 2092 putavi,
1138 2040 1323 2078 taetrum
1363 2038 1475 2078 enim

140 2099 423 2152 spectaculum
459 2113 660 2152 oppressa
692 2098 744 2138 ab
776 2097 918 2151 impiis
951 2096 1101 2137 civitas
1134 2096 1370 2150 opitulandi
1402 2111 1474 2150 po-

139 2160 294 2198 testate
327 2157 525 2210 praecisa.
577 2157 658 2198 Sed
691 2156 855 2197 animus
890 2155 999 2196 idem
1032 2154 1105 2208 qui
1132 2169 1295 2207 semper
1320 2154 1475 2195 infixus

138 2215 183 2256 in
226 2216 387 2269 patriae
431 2215 606 2256 caritate
647 2215 875 2255 discessum
913 2213 964 2254 ab
1004 2213 1093 2253 eius
1132 2212 1328 2266 periculis
1365 2213 1475 2254 ferre

137 2287 224 2314 non
254 2273 406 2326 potuit.
469 2273 617 2327 Itaque
650 2273 694 2313 in
725 2272 864 2312 medio
897 2271 1079 2311 Achaico
1113 2285 1238 2311 cursu
1269 2285 1363 2311 cum
1395 2275 1476 2312 ete-

140 2332 298 2373 siarum
336 2331 483 2373 diebus
522 2330 680 2372 Auster
716 2345 782 2371 me
820 2330 864 2370 in
901 2328 1071 2370 Italiam
1109 2329 1229 2383 quasi
1261 2329 1477 2370 dissuasor
