1665 2553
667 60 705 95 P.
734 64 930 94 215—224.
1379 57 1475 92 LXV

131 165 168 198 p.
183 156 238 188 53.
251 157 282 195 9,
302 153 401 188 infra
415 154 464 187 ad
476 165 510 198 p.
523 157 602 189 485.
619 157 651 197 8,
673 154 716 189 cf.
733 153 781 188 ad
794 157 873 188 413.
890 157 945 195 22,
965 156 1044 187 457.
1060 154 1092 197 1)
1107 152 1224 196 codd.,
1238 152 1377 194 Baiter,
1394 163 1478 185 cum

134 213 240 237 cruce
265 202 376 245 Boot,
409 202 497 247 quid
521 203 598 236 eiu-s
621 203 736 236 modi
758 202 871 244 fuerit
894 201 1004 245 vulg,
1036 200 1223 244 Wesenb„
1249 200 1401 245 Tyrrell.
1463 201 1474 246 ῐΙ

180 250 226 284 Ρ.
248 249 336 284 220.
357 253 379 283 4
404 261 434 283 V.
456 248 496 283 O.
511 249 550 282 E.
568 248 737 283 Schmidt
763 248 851 282 ‘Der
874 248 1037 282 Briefw.’
1066 260 1100 292 p.
1120 252 1197 291 133,
1224 260 1256 282 α.
1272 249 1305 282 cl.
1327 248 1401 282 ΙΙΙ
1414 248 1471 282 Icl.

133 296 276 338 Baiter,
308 295 481 330 Wesenb.
521 317 566 321 —
604 299 623 329 8
652 296 780 330 Cassio
805 295 948 338 Bosius,
975 294 1150 329 Wesenb.
1190 316 1235 320 ——
1276 299 1318 328 14
1344 295 1426 339 Eyo
1451 306 1474 328 α

132 344 282 378 consilio
308 343 428 386 Klotz,
460 342 644 385 Wesenb.,
671 343 774 385 Boot,
801 342 944 386 Tyrrell
971 353 1024 386 ep.
1047 345 1126 385 323,
1153 342 1235 387 Eyo
1260 342 1409 376 consilio
1437 340 1472 382 C,

133 401 150 424 e
175 390 323 424 consilio
349 389 421 433 Ml,
453 402 476 424 a
501 390 650 424 consilio
675 389 747 432 M2’,
779 389 888 433 vulg,
920 389 1057 423 Baiter.
1097 409 1142 414 —-
1182 392 1223 422 17
1251 401 1280 422 V.
1304 388 1474 422 Schmidt

138 437 225 470 ‘Der
249 436 701 481 B1·iefweehsel’p.133,
734 448 766 471 α
782 437 815 470 cl.
836 437 910 470 ΙΙΙ
929 436 1021 470 Idus
1045 435 1188 478 Baiter,
1221 435 1394 469 Wesenb.
1428 456 1473 460 ——

137 488 178 518 19
204 484 290 518 sed?
309 505 354 509 —
374 488 416 517 25
447 484 476 517 O
501 486 691 526 tamquam
718 483 939 517 additicium
958 494 1023 517 scr.
1045 482 1182 526 Baiter,
1207 482 1349 516 habent
1369 482 1472 516 codd.

132 532 282 575 p·raete1
319 533 351 564 Δ
389 530 592 574 (Lehmann
630 530 705 564 Att.
732 534 843 574 p.40,
884 533 966 573 136,
1006 530 1097 573 204).
1142 531 1152 573 ΙΙ
1203 530 1248 564 P.
1276 529 1365 563 221.
1391 533 1410 562 2
1442 541 1471 562 v.

135 576 174 611 Ο.
195 577 234 611 Ε.
257 577 424 611 Schmidt
457 577 544 611 c·De1
577 576 852 610 Briefwechsel’
938 580 1021 619 133,
1053 577 1183 610 Idibus
1210 576 1315 611 Febr
1336 575 1473 618 Baiter,

134 623 306 658 Wesenb.
334 645 379 649 —
406 628 425 658 5
447 636 606 668 przmum
634 624 762 657 addidi
782 635 872 657 mus
879 589 1021 657 pRhen.
1032 627 1122 657 1898
1148 635 1182 667 p.
1206 627 1344 657 126.--
1365 628 1382 657 7
1411 623 1474 657 ad-

131 672 320 714 feruntur,
359 672 401 705 cle
434 671 513 704 edd.
571 671 629 704 Ad
660 683 693 715 p.
723 674 776 704 15,
805 675 858 704 22.
894 692 939 695 —
984 674 1026 704 15
1058 671 1175 704 ridere
1204 670 1330 714 potius
1363 680 1475 712 quam

135 719 251 752 videri
275 718 428 761 Madvig
453 718 543 751 Adv.
564 717 615 750 HI
639 730 673 762 p.
698 721 775 760 178,
803 718 943 751 adsent.
957 717 1150 751 Lehmann
1172 717 1393 750 ‘Jahresbein
1410 717 1473 750 des

134 764 263 809 philol.
290 765 458 798 Vereins’
495 768 584 798 1888
617 776 650 808 p.
674 768 758 800 285.
790 765 912 798 videre
943 764 981 797 M
1013 764 1075 808 (ad
1104 776 1139 808 p.
1162 767 1216 797 57.
1239 766 1307 807 28).
1346 784 1392 789 —-
1431 767 1474 797 18

134 812 264 854 fraudi
295 812 394 854 fecit?
425 832 471 836 —
508 815 550 845 32
582 812 687 855 743613
717 811 826 853 Boot,
860 811 912 845 sic
945 810 1042 844 enim
1074 811 1177 844 codd.
1222 812 1233 855 l}
1276 811 1321 845 P.
1343 809 1432 844 222.
1454 814 1473 844 5

136 871 165 892 V.
194 857 232 892 Ο,
260 858 300 892 Ε.
328 858 495 892 Schmidt
533 858 621 891 ‘Der
650 858 925 892 Briefwechsel’
965 870 999 902 p.
1029 861 1112 900 134,
1151 869 1184 891 α.
1210 858 1245 891 d.
1278 857 1360 891 XV
1386 857 1472 891 Kal.

134 905 273 947 Baiter,
300 905 472 938 VVesenb.
513 926 557 929 —
597 908 733 938 10—-13
760 916 850 948 quae
876 909 961 939 sant
993 925 1038 929 —
1076 905 1214 939 mittam
1238 903 1279 937 in
1304 904 1472 948 parenth.

136 951 327 994 WVesenb.,
362 952 466 994 Boot,
494 951 637 995 Tyr-rel]
664 962 718 995 ep.
741 955 819 993 328,
846 953 962 995 ‘ipsam
987 951 1054 986 tibi
1091 972 1135 976 —
1172 952 1311 985 mittam
1335 951 1472 984 Baiter.

134 999 194 1032 Ad
218 1011 253 1043 p.
277 1002 329 1032 16.
354 1002 406 1032 14.
445 1019 491 1023 —
530 1002 570 1032 11
600 1009 706 1042 quam
732 1009 839 1042 quae
867 997 992 1039 Orelli,
1018 997 1155 1031 Baiter.
1201 997 1260 1031 Ad
1284 1010 1319 1042 p.
1342 1002 1396 1032 23.
1419 1002 1472 1031 32.

136 1066 181 1070 —
214 1049 256 1079 12
289 1045 348 1079 secl
372 1046 447 1079 iam
473 1045 528 1078 ed.
550 1045 669 1087 Rom.,
702 1046 762 1079 sed
786 1049 860 1079 tam
885 1044 1076 1084 Wesenh..
1116 1045 1219 1078 miser
1243 1045 1317 1078 iam
1342 1044 1380 1077 M
1389 1045 1398 1063 ¹
1423 1044 1495 1088 (in.

135 1103 208 1135 quo
235 1091 381 1135 syllaba
407 1092 458 1126 mi
483 1093 539 1125 est
565 1102 586 1124 a
611 1091 790 1125 vocabulo
815 1091 998 1136 proxim03
1027 1091 1074 1124 ad
1098 1103 1133 1135 p.
1156 1095 1210 1124 24.
1232 1093 1277 1135 8),
1304 1092 1378 1125 wisi
1401 1095 1475 1126 tam

136 1138 203 1182 ΜΞ,
234 1138 372 1179 Baiter,
403 1138 507 1180 Boot,
534 1138 678 1182 Tyrrel]
704 1138 856 1172 soloece.
885 1159 929 1163 —
957 1142 998 1172 17
1025 1138 1214 1172 derelicto
1240 1137 1278 1170 M
1306 1138 1409 1172 ‘corr
1432 1149 1475 1171 ex

134 1186 285 1228 relicto’,
311 1185 453 1228 Baiter,
486 1185 645 1229 Tyr-rell,
678 1186 800 1220 relicto
831 1197 904 1219 non
929 1185 1001 1227 M1,
1029 1187 1075 1218 ‘ut
1108 1185 1162 1218 ait
1187 1184 1376 1227 Wesenb,
1410 1185 1475 1218 sed

135 1232 175 1265 M
207 1233 293 1266 ante
326 1234 492 1275 correct,
530 1243 598 1266 nec
629 1232 671 1275 Z,
710 1232 775 1265 sed
801 1232 863 1274 Zb,
896 1232 1087 1274 Wesenb„
1124 1232 1228 1265 Boot.
1270 1253 1316 1256 —
1353 1235 1397 1265 20
1423 1243 1475 1266 ⁴me

135 1289 211 1313 ozon
243 1279 348 1322 Pius,
385 1279 528 1321 Baiter,
565 1279 676 1320 Boot,
715 1279 867 1322 Tyrrell.
924 1279 982 1312 Ad
1019 1290 1053 1322 p.
1077 1282 1130 1312 11,
1154 1282 1194 1312 11
1230 1279 1251 1322 (,
1279 1280 1399 1324 8.19).
1464 1279 1475 1324 Η

184 1326 230 1360 Ρ.
251 1325 340 1360 223.
362 1329 382 1359 3
409 1330 439 1360 et
459 1326 576 1369 codd„
602 1330 643 1360 ut
660 1325 846 1368 Wesenb,
872 1325 1010 1367 Baiter,
1037 1325 1139 1359 Boot.
1182 1325 1249 1359 ‘Ut
1267 1346 1314 1351 —-
1333 1329 1473 1361 contra-

134 1373 272 1407 hantur
303 1374 359 1406 est
384 1372 592 1406 subiectum
616 1384 647 1406 V.
664 1373 828 1416 parceri',
860 1372 984 1415 inquit
1007 1372 1112 1413 Boot,
1141 1372 1196 1406 ‘ut
1218 1372 1266 1406 sit
1289 1373 1429 1416 pendet
1454 1383 1474 1405 a

136 1419 215 1453 sic’.
265 1419 379 1452 Immo
416 1431 447 1452 v.
470 1420 517 1452 ad
548 1419 634 1453 fam.
656 1431 690 1463 p.
713 1423 790 1453 268.
813 1423 843 1453 9.
896 1419 933 1453 Si
972 1419 1197 1453 correctione
1235 1429 1326 1463 opus
1366 1421 1473 1461 esset,

136 1465 287 1499 mallem
312 1467 381 1500 secl.
403 1487 448 1491 —
466 1466 517 1499 Ib.
539 1470 571 1500 et
595 1477 639 1500 oze
663 1467 695 1500 is
720 1478 750 1510 q.
767 1467 787 1499 l.
809 1467 950 1500 stabilis
974 1466 1013 1499 in
1037 1466 1207 1510 parenth.
1224 1465 1377 1509 Tyrrell.
1415 1466 1474 1499 Ad

137 1524 171 1556 p.
195 1516 247 1546 16.
271 1516 323 1546 14.
363 1533 408 1538 -—
444 1512 494 1546 Ib.
516 1513 563 1547 sit
592 1513 732 1547 stabilis
763 1525 848 1554 scr.,
887 1513 1028 1547 stabilis
1058 1514 1104 1547 sit
1136 1512 1300 1555 Ernesti,
1335 1512 1473 1555 Baiter,

136 1558 329 1602 Wesenb,
366 1559 476 1602 Boot,
514 1560 638 1594 standi
667 1560 714 1594 sit
743 1559 895 1603 Madvig
925 1559 1087 1593 Adv.111
1110 1571 1144 1603 p.
1168 1562 1244 1593 178.
1299 1559 1474 1593 ‘Locum

138 1605 352 1639 stabilem
377 1606 510 1639 Latine
543 1606 632 1649 dici,
664 1606 703 1639 in
734 1617 805 1648 quo
833 1606 968 1649 aliquis
996 1606 1177 1640 consistat
1201 1617 1269 1640 nec
1294 1606 1393 1640 ultra
1418 1606 1472 1639 fu-

137 1652 247 1696 giat',
261 1652 394 1696 inquit,
406 1653 567 1697 ‘prorsus
582 1653 703 1697 nego.’
728 1652 833 1694 Eum,
846 1653 910 1696 qui
925 1653 1151 1687 consistendi
1164 1652 1385 1686 facultatem
1399 1653 1472 1695 det,

136 1700 299 1734 stabilem
325 1700 439 1734 Iocum
465 1699 556 1733 dicit
574 1699 650 1733 Liv.
666 1699 779 1732 XLIV
800 1703 830 1733 5.
848 1703 891 1733 10
911 1701 974 1734 via:
991 1700 1151 1734 stabilem
1172 1700 1220 1733 ad
1238 1700 1473 1733 insistendum

137 1746 281 1780 nanctis
295 1746 417 1787 locum,
440 1747 476 1779 et
490 1746 580 1789 quid
593 1746 760 1790 impedit,
782 1757 854 1789 quo
868 1746 989 1780 minus
1003 1747 1072 1780 hoc
1088 1746 1247 1780 voluisse
1262 1745 1474 1780 Ciceronem

139 1794 364 1827 statuamus:
392 1792 452 1826 Sic
467 1793 590 1826 omnia
602 1794 793 1837 parantur,
814 1795 866 1835 ut,
883 1805 964 1826 cum
977 1793 1170 1827 Luceriam
1186 1792 1314 1836 copiae
1329 1794 1472 1826 contra-

137 1839 286 1882 hantur,
311 1850 357 1873 ne
381 1839 435 1873 ibi
456 1839 606 1882 quidem
626 1840 852 1873 consistendi
871 1839 1031 1874 facultas
1052 1841 1316 1884 praeparetur?
1347 1839 1472 1873 Lehm.

141 1885 362 1920 ‘Jahresben
397 1887 460 1920 des
487 1886 614 1930 philol.
636 1886 804 1920 Vereins’
837 1890 924 1920 1888
950 1899 984 1930 p.
1008 1890 1074 1920 258
1102 1886 1192 1920 60111,
1214 1886 1354 1919 stabilis
1378 1887 1474 1921 sedes

137 1933 197 1974 sit,
222 1933 292 1967 sed.
313 1954 358 1958 —
386 1936 403 1966 7
430 1934 477 1967 sit
502 1944 570 1966 0111.
592 1933 658 1975 M1,
685 1938 733 1967 est
752 1933 901 1975 Victor,
921 1933 1106 1972 Wesenb.,
1133 1933 1294 1976 quaesita
1314 1944 1475 1976 unquam

141 1982 222 2021 est,
251 1990 385 2023 semper
409 1980 519 2022 Boot,
547 1980 646 2022 quod
671 1979 726 2012 Ml
751 1982 836 2023 post
866 1991 1036 2023 umquam
1062 1990 1135 2012 non
1160 1979 1220 2012 secl
1244 1978 1374 2021 habet,
1408 1980 1474 2013 sed

138 2026 182 2060 si.
230 2025 289 2059 Ad
313 2038 347 2070 p.
370 2030 425 2060 41.
447 2030 501 2060 25.
541 2047 585 2051 -—
624 2030 644 2060 8
675 2027 794 2071 fuvyae.
834 2027 1012 2060 E'zmdum
1037 2024 1180 2069 Tyrrell
1210 2035 1331 2069 prave.
1359 2047 1404 2050 —
1431 2030 1471 2059 11

142 2072 379 2115 locupletium
405 2073 485 2106 edd.
530 2073 588 2106 Ad
613 2085 646 2117 p.
669 2077 747 2107 200.
769 2077 823 2107 33.
846 2094 890 2098 —-
922 2077 964 2106 21
992 2083 1062 2106 esse
1088 2076 1245 2115 oportere
1269 2072 1474 2106 Lehmanni

141 2118 245 2152 codd.
262 2119 371 2153 Eetl
396 2119 484 2163 (Att.
505 2132 539 2164 p.
556 2123 599 2153 47
616 2130 681 2161 ex,
709 2121 778 2163 89).
799 2141 845 2144 —
865 2123 909 2152 24
935 2123 1030 2153 sum.
1054 2120 1141 2152 vett.
1159 2118 1253 2160 edd„
1273 2119 1376 2152 Boot.
1416 2120 1473 2153 Ad

139 2177 174 2209 p.
198 2168 274 2199 106.
297 2170 328 2208 9,
354 2169 430 2199 268.
454 2170 507 2199 21.
546 2168 557 2210 [Ι
599 2167 645 2201 Ρ.
666 2165 756 2201 224.
773 2170 791 2199 S
819 2165 957 2209 μέμψιν
977 2166 1001 2198 1.
1017 2165 1073 2198 Fr.
1090 2164 1257 2206 Gronov.,
1284 2165 1474 2199 Lehmann

142 2210 306 2252 Quaestt.
327 2223 361 2255 p.
385 2216 450 2245 133
477 2213 520 2246 cf.
541 2225 575 2256 p.
598 2217 675 2246 402.
699 2217 753 2255 31,
780 2216 858 2246 430.
881 2216 935 2253 31,
962 2211 1104 2255 Tyr-rell
1131 2222 1185 2256 ep.
1207 2215 1286 2254 332,
1313 2224 1382 2247 esse
1407 2213 1473 2253 M1,

140 2258 226 2292 secl.
247 2258 384 2301 Baiter,
406 2270 488 2292 cum
514 2270 618 2293 cruce
638 2259 750 2301 VVes,
776 2259 880 2301 Boot,
907 2259 1000 2292 enim
1025 2258 1091 2302 M‘2,
1118 2270 1134 2292 e
1158 2270 1188 2292 v.
1205 2269 1246 2293 em
1272 2259 1338 2303 (ea)
1364 2270 1476 2294 ‘nassa

213 2322 272 2348 Cic.
287 2323 372 2354 epist.
387 2323 425 2347 11.
1244 2328 1262 2350 e
