1665 2553
283 92 626 128 EPISTULARUM
651 92 717 127 AD
743 92 960 128 ATTICUM
985 93 1036 127 IV
1063 97 1119 136 15,
1148 97 1202 127 16.
1339 93 1419 134 121

72 190 159 231 fere
186 189 331 231 eodem
356 192 547 243 tempore
574 189 649 230 abs
676 191 718 230 te
743 188 958 230 Buthroto
985 188 1117 230 datae.
1166 188 1283 231 Scire
1310 189 1423 229 enim

72 248 267 290 volebam
298 251 340 289 te
373 248 590 289 commode
615 248 852 302 navigasse.
907 247 988 289 Sed
1012 247 1116 288 haec
1143 247 1423 301 epistularum

72 307 310 361 frequentia
340 321 428 348 non
468 310 557 347 tam
596 307 790 347 ubertate
829 321 904 347 sua
936 321 1064 360 quam
1097 306 1324 347 crebritate
1357 306 1424 347 de-

72 366 256 408 lectavit.
317 365 398 407 Illa
431 365 514 406 fuit
546 366 689 421 gravis
721 367 763 405 et
794 365 919 419 plena
955 380 1115 419 rerum,
1157 380 1284 419 quam
1316 364 1423 406 mihi

38 441 54 467 5
72 424 129 467 M.
161 424 347 479 Paccius,
377 424 533 478 hospes
566 427 678 477 tuus,
708 424 904 465 reddidit.
964 423 1032 464 Ad
1069 439 1161 465 eam
1192 423 1422 465 rescribam

73 484 208 538 igitur
239 486 280 524 et
302 482 383 524 hoc
409 483 578 537 quidem
603 483 799 536 primum.
849 482 998 523 Paccio
1024 483 1190 524 ratione
1216 485 1258 523 et
1280 482 1422 524 verbis

75 545 117 583 01
147 557 193 583 10
226 542 404 596 ostendi,
438 541 539 595 quid
570 545 643 582 tua
673 541 982 583 commendatio
1009 541 1208 595 ponderis
1234 541 1421 582 haberet.

75 600 227 655 Itaque
258 601 304 642 in
322 601 487 641 intimis
508 603 572 641 031
593 600 710 655 111013,
743 615 839 641 011111
859 602 982 641 311103
1001 603 1131 641 1101113
1151 614 1238 641 11011
1256 600 1420 641 fuisset.

163 658 289 700 Nunc
329 673 503 714 pergam
544 659 596 700 ad
637 662 786 700 cetera.
848 658 1004 713 Varro,
1048 659 1098 700 de
1140 673 1223 713 quo
1266 659 1317 699 ad
1356 673 1422 700 1110

23 736 57 761 10
78 718 242 774 scribis,
272 718 511 759 includetur
531 718 576 758 in
596 718 780 771 aliquem
799 717 952 772 locum,
984 718 1020 758 si
1039 718 1164 758 modo
1186 718 1266 758 erit
1291 717 1422 759 locus.

77 776 160 819 Sed
188 777 305 818 nosti
337 791 468 831 genus
502 776 768 831 dialogorum
799 791 1002 817 meorum.
1052 775 1113 817 Ut
1138 776 1185 817 in
1211 776 1422 830 oratoriis,

78 849 185 890 quos
217 838 266 876 tu
296 836 343 876 in
373 835 535 876 caelum
566 835 662 888 fers,
694 849 781 876 non
812 835 955 888 potuit
983 835 1142 875 mentio
1168 835 1261 875 fieri
1287 835 1423 876 cuius-

79 908 207 948 quam
238 894 290 935 ab
323 894 395 948 113,
429 894 502 948 qui
533 894 771 947 disputant,
808 893 893 934 nisi
924 893 1033 947 eius,
1072 893 1145 948 qui
1177 893 1262 934 illis
1294 896 1424 934 notus

78 955 151 994 aut
184 953 352 994 auditus
386 955 515 1006 03301,
554 954 613 994 sic
641 952 750 993 hanc
781 966 877 1006 ego,
919 952 968 993 de
1008 967 1054 992 10
1094 952 1265 1006 publica
1297 967 1425 1006 quam

24 1028 57 1054 15
77 1011 265 1065 institui,
306 1011 640 1065 disputationem
680 1011 726 1052 in
756 1010 950 1052 Africani
980 1025 1207 1064 personam
1238 1013 1279 1051 et
1310 1010 1425 1051 Phili
1485 1008 1493 1011 ’

78 1072 121 1111 01
148 1069 265 1111 Laeli
291 1073 328 1111 et
353 1069 505 1111 Manili
537 1069 709 1110 contuli.
753 1068 942 1110 Adiunxi
968 1069 1255 1110 adulescentes
1277 1068 1322 1118 Q.
1344 1069 1424 1110 Tu-

75 1128 295 1183 beronem,
331 1127 376 1170 P.
406 1127 639 1184 Rutilium,
676 1128 757 1169 duo
789 1128 908 1169 Laeli
940 1126 1136 1183 generos,
1180 1127 1425 1169 Scaevolam

78 1190 119 1228 01
156 1186 377 1228 Fannium.
439 1186 590 1241 Itaque
627 1187 884 1241 cogitabam,
924 1187 1124 1240 quoniam
1159 1186 1205 1227 in
1243 1187 1423 1241 singulis

76 1246 201 1286 libris
232 1249 332 1287 utor
363 1245 622 1300 prohoemiis
654 1248 704 1286 ut
735 1245 992 1287 Aristoteles
1025 1246 1069 1286 in
1108 1246 1179 1299 iis,
1221 1260 1328 1299 quos
1362 1245 1424 1295 ἐξ-

25 1322 59 1347 20
79 1306 314 1359 ωτερικοὺς
344 1307 485 1358 vocat,
527 1304 688 1358 aliquid
729 1305 912 1358 efficere,
952 1307 1001 1345 ut
1040 1319 1128 1345 non
1169 1304 1259 1345 sine
1300 1318 1424 1344 causa

78 1364 211 1404 istum
244 1363 518 1419 appellarem3
548 1363 592 1404 id
618 1363 731 1417 quod
761 1363 964 1417 intellego
998 1363 1078 1403 tibi
1105 1363 1280 1416 placere.
1330 1361 1424 1404 Uti-

78 1437 178 1462 nam
208 1422 334 1462 modo
367 1424 518 1462 conata
559 1422 722 1463 efficere
762 1422 939 1475 possim!
1000 1420 1108 1462 Rem
1141 1422 1270 1476 enim,
1312 1421 1425 1475 quod

79 1483 122 1521 te
151 1494 240 1521 non
269 1480 400 1535 fugit,
439 1494 638 1534 magnam
677 1481 921 1534 complexus
963 1495 1057 1520 sum
1098 1483 1139 1521 01
1178 1494 1350 1534 gravem
1382 1483 1424 1520 et

79 1538 253 1593 plurimi
286 1539 375 1593 otii,
407 1553 491 1592 quo
512 1553 589 1593 ego
621 1539 803 1579 maxime
824 1553 937 1592 egeo.
989 1538 1109 1587 Quod
1140 1539 1186 1579 in
1210 1539 1263 1579 iis
1288 1538 1424 1592 1110113,

27 1614 61 1641 25
81 1612 187 1652 quos
218 1597 384 1652 laudas,
424 1612 648 1651 personam
687 1597 897 1638 desideras
932 1595 1175 1651 Scaevolae,
1214 1611 1302 1637 non
1333 1611 1424 1637 eam

80 1659 237 1697 temere
264 1656 434 1710 dimovi,
467 1656 538 1696 sed
561 1656 642 1696 feci
667 1657 774 1708 quod
794 1656 907 1696 idem
932 1656 978 1695 in
1002 1658 1200 1710 πολιτείᾳ
1225 1655 1325 1696 deus
1352 1655 1423 1695 ille

80 1717 227 1756 noster
256 1713 393 1755 Plato.
456 1713 564 1755 Cum
600 1715 646 1754 in
682 1714 878 1754 Piraeum
917 1713 1111 1755 Socrates
1148 1714 1336 1754 venisset
1374 1713 1425 1753 ad

82 1772 327 1828 Cephalum,
357 1773 614 1826 locupletem
633 1776 674 1813 et
695 1773 895 1813 festivum
916 1786 1071 1825 senem,
1098 1772 1237 1825 quoad
1260 1772 1424 1825 primus

82 1831 153 1872 ille
185 1846 322 1873 sermo
353 1831 547 1886 habetur,
578 1831 696 1871 adest
728 1831 773 1871 in
805 1830 1061 1884 disputando
1094 1844 1232 1885 senex,
1264 1830 1424 1883 deinde,

29 1907 64 1933 30
84 1904 179 1930 cum
208 1890 299 1944 ipse
331 1904 499 1944 quoque
531 1889 868 1930 commodissime
896 1889 1065 1929 locutus
1098 1891 1220 1941 esset,
1253 1889 1305 1928 ad
1335 1902 1425 1929 rem

85 1948 269 1989 divinam
300 1949 402 1989 dicit
434 1962 477 1989 se
507 1948 615 1989 velle
647 1947 857 1988 discedere
893 1962 1029 2000 neque
1064 1949 1214 2000 postea
1254 1947 1425 1987 reverti-

83 2009 165 2047 tur.
218 2005 351 2047 Credo
382 2006 604 2048 Platonem
629 2006 699 2047 vix
726 2008 897 2059 putasse
929 2006 1032 2046 satis
1059 2019 1292 2046 consonum
1322 2005 1427 2060 fore,

85 2065 122 2106 si
152 2064 367 2106 hominem
397 2066 440 2106 id
472 2065 623 2106 aetatis
665 2065 711 2105 in
747 2067 835 2105 13111
872 2064 1002 2118 longo
1042 2078 1233 2104 sermone
1264 2063 1425 2104 diutius

83 2123 339 2164 retinuisset.
413 2123 551 2165 Multo
597 2137 674 2178 ego
724 2123 860 2177 magis
910 2123 990 2163 hoc
1039 2122 1145 2162 mihi
1195 2123 1425 2163 cavendum

31 2198 65 2226 35
84 2181 233 2236 putavi
272 2181 317 2221 in
359 2180 576 2237 Scaevola,
617 2181 690 2236 qui
732 2184 773 2222 et
814 2184 951 2222 aetate
984 2183 1025 2221 et
1055 2180 1296 2221 valetudine
1335 2184 1424 2221 erat

85 2255 151 2296 ea,
182 2255 265 2294 qua
297 2254 392 2280 eum
424 2255 514 2281 esse
545 2239 788 2293 meministi,
821 2242 863 2280 et
894 2239 947 2280 iis
979 2239 1234 2295 honoribus,
1274 2242 1322 2280 ut
1352 2239 1425 2280 Vix

84 2298 188 2340 satis
222 2298 419 2340 decorum
448 2299 661 2339 videretur
687 2313 783 2339 eum
809 2298 952 2351 plures
980 2298 1067 2338 dies
1093 2312 1184 2338 esse
1209 2298 1254 2338 in
1281 2296 1422 2339 Crassi

1449 668 1470 698 N>
