1665 2553
620 110 657 144 P.
678 114 874 144 426-432.
1258 108 1421 143 CXXVII

80 215 121 237 ae
140 214 178 238 eo
198 203 264 243 M2‘,
291 207 396 247 atque
420 214 458 238 eo
477 203 657 246 Lambin,
678 215 715 238 eo
734 215 820 248 mgo
843 203 981 246 Lamb,
1004 203 1188 247 Wesenb,
1206 202 1362 247 Tyrrell.
1376 221 1420 226 —

82 254 123 284 19
149 251 320 285 Domitii
347 250 523 284 ‘Ernestii
549 252 710 295 operae’,
738 251 904 292 SchuetZ,
931 250 1083 295 Tyrrell.
1120 272 1165 276 ——
1203 254 1247 284 24
1272 262 1325 284 me
1350 260 1418 283 om.

79 301 112 331 Δ
139 297 343 341 (Lehmann
370 298 446 331 Att.
462 310 497 342 p.
515 302 570 339 76,
587 301 678 342 184),
704 299 857 332 recentt.
881 298 962 331 edd.
983 299 1132 342 praeter
1150 297 1322 331 Wesenb.
1362 296 1421 329 Ad

78 348 179 388 p.11.
192 348 245 378 11.
261 365 305 369 —
320 348 363 378 26
378 356 408 378 V.
426 344 593 378 Schmidt
606 349 731 389 11528,
745 346 903 389 143020
923 344 1067 389 Tyrrell
1081 348 1224 389 ep.666,
1239 344 1421 378 XIIocler

80 391 145 425 XI
167 392 254 426 Kal.
276 391 368 435 Sept.
391 391 546 425 Schiche
572 392 694 426 Herm.
716 391 834 426 XVIII
858 404 892 436 p.
909 396 976 426 612
993 403 1059 434 ex.,
1086 395 1164 435 615,
1190 402 1306 426 mense
1325 390 1419 425 Seoet.

78 438 216 480 Baiter,
245 439 404 481 (ineante
429 450 545 473 meuse
573 439 688 482 Oct.?)
715 438 887 473 Wesenb.
915 460 960 464 —
987 443 1030 473 28
1045 450 1097 482 sq.
1119 451 1227 483 quam
1252 459 1297 464 —
1322 438 1418 472 salu-

79 490 146 520 tem
171 485 209 518 in
235 496 311 529 par.
335 497 413 528 scin,
441 487 589 520 multam
615 487 728 531 igyitur
745 487 895 521 salutem
913 487 1062 520 tantum
1075 486 1213 528 Baiter,
1240 485 1419 526 Schmidt,

81 532 241 576 Tyrress,
275 544 382 576 quam
415 534 574 576 equidem
605 534 686 567 'ruri
717 544 787 568 esse
812 534 971 567 arbitror
995 533 1168 567 Wesenb.
1220 532 1421 576 Propterea

78 579 178 613 idem
215 591 245 613 V.
268 583 310 613 29
342 580 490 614 salutem
525 581 562 614 ei
587 585 618 614 et
643 581 774 623 Piliae,
806 580 905 624 quod
931 580 1031 614 idem
1057 580 1135 613 sine
1159 580 1329 624 parenth.
1352 590 1418 613 scr.

79 627 188 660 Boot:
224 626 335 660 ‘Ante
361 631 393 661 et
419 627 548 660 addidi
574 627 632 669 οῖ’,
659 627 790 670 inquit.
839 627 950 660 ‘Nam
976 627 1103 661 durius
1130 629 1186 661 est
1211 637 1230 660 e
1256 626 1419 670 superio-

78 673 180 707 ribus
209 684 394 707 assumere
420 675 571 715 Atticae,
598 675 697 717 quod
722 674 826 708 iubet
844 674 1013 708 Handius
1039 674 1077 708 in
1097 674 1199 708 Turs.
1220 674 1253 707 Π
1272 686 1306 718 p.
1323 673 1418 707 518³.

78 741 124 745 —
149 720 200 754 Π).
235 721 376 764 quidem
408 720 641 754 scribendum
671 720 817 755 videtur
848 721 972 765 potius
1005 732 1117 765 quam
1141 722 1310 766 equidem.
1362 720 1421 753 Ad

77 779 112 812 p.
130 771 183 801 76.
202 772 254 801 14.
288 789 333 792 —
371 770 414 801 29
452 768 549 810 Fuit,
588 779 671 801 cum
707 769 856 802 multam
893 769 1006 813 v'gyz'tur
1041 769 1190 803 salutem
1227 768 1315 801 ferri
1346 778 1420 801 11011

79 825 187 858 posse
214 816 318 848 ratus
345 816 444 858 (nam
470 816 583 859 iyitur
608 826 680 849 non
700 815 837 848 habere
857 815 1013 858 videtur,
1041 826 1112 858 quo
1132 815 1330 856 referatur,
1357 824 1418 848 ne-

79 872 150 904 que
178 861 276 894 enim
301 861 494 895 rusticatio
521 862 603 905 ipsa
629 873 742 895 causa
768 872 846 895 0550
872 864 996 906 potest
1017 862 1187 896 multae
1214 862 1345 895 salutis
1366 861 1417 894 di-

80 908 232 950 cendae)
260 908 495 942 scribendum
521 920 706 942 censerem
732 910 895 943 nuntia
921 910 1034 954 iyitur
1058 910 1216 944 salutem.
1256 909 1328 943 Sed
1347 908 1418 942 for-

78 957 178 989 tasse
206 954 330 989 Cicero
354 958 550 999 propterea
570 956 735 989 Atticam
760 956 837 989 ruri
863 967 942 989 esse
964 956 1177 998 arbitratur,
1203 955 1303 999 quod
1322 955 1418 989 Atti-

80 1014 142 1036 cus
170 1002 368 1046 scripserat
394 1013 475 1036 eam
501 1002 725 1036 valetudinis
752 1014 864 1036 031153
889 1015 950 1036 1115
976 1003 1114 1036 ituram
1140 1013 1230 1045 esse.
1257 1004 1299 1036 ut
1324 1002 1419 1036 ruris

80 1049 378 1083 commemoratio
411 1049 501 1083 satis
535 1060 668 1083 causae
700 1050 854 1091 habeat,
888 1061 951 1083 cur
982 1050 1147 1083 Atticam
1178 1050 1355 1083 maiorem
1381 1050 1419 1082 in

78 1096 228 1129 modum
255 1096 394 1129 salvere
425 1096 563 1130 iubeat.
620 1098 630 1141 ΙΙ
685 1097 730 1131 P.
753 1095 842 1131 431.
866 1100 882 1129 1
911 1101 943 1131 et
966 1098 1052 1141 post
1076 1098 1136 1131 sed
1163 1097 1246 1130 add.
1268 1097 1316 1139 M,
1343 1097 1420 1142 [et]

79 1143 183 1184 Boot,
211 1143 289 1176 sine
316 1143 490 1177 cancellis
516 1143 669 1188 Tyrress,
697 1144 795 1186 quod
822 1154 889 1188 ego
911 1154 982 1177 non
1001 1144 1122 1188 magis
1142 1144 1325 1187 perspicio
1347 1154 1418 1187 quo

78 1190 187 1224 modo
202 1189 373 1234 intellegi
391 1190 511 1234 possit
530 1201 642 1234 quam
662 1191 784 1224 ceteri.
831 1190 1004 1235 Suspicor
1023 1191 1061 1224 in
1077 1191 1278 1235 archetypo
1293 1191 1418 1232 fuisse,

81 1237 179 1280 quod
205 1239 261 1270 est
286 1237 325 1270 in
351 1237 406 1270 ed.
427 1238 531 1279 Iens.,
558 1238 790 1281 Ephomaeae
817 1238 947 1271 eadem
972 1237 1102 1280 forma,
1130 1249 1204 1281 qua
1229 1250 1263 1282 p.
1279 1242 1357 1271 430.
1375 1242 1417 1271 32

79 1295 149 1317 11011
178 1283 245 1317 1113
266 1284 320 1317 0(1.
344 1284 472 1326 50111111,
501 1285 565 1318 sed
591 1284 704 1318 etiam
730 1284 768 1318 M
793 1285 908 1318 habet
933 1286 1103 1328 ephamee.
1126 1306 1171 1309 —
1193 1289 1233 1318 11
1257 1290 1347 1329 puto
1368 1297 1420 1319 me

78 1331 144 1364 tibi
162 1342 331 1365 'narrasse
344 1331 383 1364 in
396 1332 563 1375 parenth.
581 1331 752 1365 Wesenb.
780 1331 838 1364 Ad
850 1344 886 1376 p.
900 1335 952 1365 16.
965 1335 1009 1365 14
1034 1353 1078 1356 —
1095 1335 1137 1365 16
1153 1333 1350 1366 Phamean
1369 1332 1418 1374 M,

80 1378 274 1412 Phameam
295 1378 377 1412 edd.
394 1389 519 1412 omnes
532 1380 704 1422 utpew.
716 1382 770 1421 10,
787 1380 825 1412 at
839 1379 960 1413 Saran
973 1391 1007 1423 p.
1018 1382 1096 1412 480.
1107 1383 1161 1412 27.
1190 1377 1240 1413 Cf.
1256 1379 1420 1413 Demean

79 1428 205 1466 417.9;
225 1426 369 1459 Alexim
384 1437 419 1469 p.
435 1429 578 1467 35923,
599 1426 823 1469 Euphratem
842 1438 876 1470 p.
894 1429 1011 1460 1472.
1035 1447 1080 1450 -
1108 1430 1150 1459 17
1177 1427 1219 1460 de
1244 1438 1279 1460 30
1305 1427 1420 1461 dicere

81 1483 158 1513 scr,
185 1472 227 1505 (Ζο
246 1471 295 1513 M,
322 1473 364 1506 de
388 1483 423 1506 se
449 1483 574 1506 omnes
595 1472 688 1512 edd,
715 1473 828 1507 dicere
848 1485 878 1506 V.
896 1476 938 1506 16
958 1474 1042 1517 post
1061 1484 1113 1507 me
1134 1473 1218 1507 add.
1233 1472 1418 1516 Wesenb,

80 1519 166 1551 ante
192 1530 244 1552 me
269 1518 448 1559 Lambin,
474 1519 576 1562 prob.
598 1519 692 1553 Boot
716 1522 795 1563 (scr.
817 1520 921 1553 illum
942 1548 947 1553 .
972 1548 977 1554 .
1002 1548 1007 1553 .
1032 1548 1037 1554 .
1058 1521 1134 1565 me),
1163 1520 1287 1554 omitti
1311 1531 1418 1564 posse

80 1566 251 1598 statuunt
275 1565 418 1607 Baiter,
452 1565 629 1608 Schmidt,
656 1566 807 1610 Tyrrell.
859 1566 952 1600 Mihi
976 1577 1022 1600 ne
1047 1566 1142 1600 illud
1167 1567 1319 1610 quidem
1344 1579 1418 1601 cer-

79 1614 159 1645 tum
185 1613 250 1653 est,
277 1614 375 1646 recte
403 1612 513 1646 scribi
539 1614 580 1647 de
605 1624 648 1647 se.
700 1613 870 1647 Fortasse
898 1613 1118 1658 ‘suspicans'
1148 1616 1204 1648 est
1229 1615 1298 1657 ille,
1326 1616 1363 1648 et
1388 1615 1419 1648 is

80 1658 290 1703 suspicatur
326 1671 378 1694 me
414 1659 537 1693 facere
569 1660 691 1694 nescio
724 1660 815 1703 quid
846 1659 948 1694 velut
978 1661 1020 1695 de
1051 1672 1119 1695 sua
1149 1662 1218 1704 fide
1242 1662 1418 1704 dubitare,

79 1706 244 1748 diffidere
280 1707 351 1740 szssbz'
388 1708 455 1740 etc.
501 1727 545 1731 —
591 1711 632 1740 19
666 1708 794 1742 libere
829 1708 942 1742 odisse
967 1707 1136 1741 Schmidt
1167 1708 1270 1751 (‘Der
1301 1708 1417 1742 Brief-

80 1752 252 1786 wechsel'
280 1765 315 1797 p.
338 1756 429 1795 354),
456 1753 609 1796 Tyr-rell.
636 1774 679 1778 —
707 1758 751 1787 20
776 1765 851 1788 uon
875 1755 1040 1788 omuibus
1064 1755 1229 1797 dormire,
1254 1756 1307 1789 ita
1334 1757 1419 1789 ante

80 1811 154 1833 nou
179 1801 342 1834 omuibus
369 1800 451 1834 add.
474 1800 626 1842 Erasm.,
652 1800 832 1841 Lambin,
858 1801 995 1843 Baiter,
1017 1800 1203 1843 Wesenb,
1229 1801 1371 1845 Tyrrell
1399 1812 1419 1836 e

80 1845 165 1880 fam.
187 1846 253 1880 VII
274 1850 375 1889 24.1,
402 1848 532 1889 odisse,
565 1848 642 1893 [et]
673 1848 969 1891 quemadmodum
993 1859 1067 1882 uon
1092 1849 1256 1882 omnibus
1287 1849 1418 1884 servire

81 1893 236 1927 Ernesto
264 1895 413 1927 auctore
439 1894 549 1936 Boot,
583 1895 697 1929 odisse
722 1899 754 1929 et
778 1895 1037 1939 quodammodo
1061 1906 1136 1929 uon
1161 1896 1324 1929 omnibus
1347 1907 1419 1930 ser-

80 1941 154 1974 vire
180 1940 347 1974 Schmidt
371 1940 430 1974 vix
458 1941 621 1975 credibil.
649 1962 693 1966 -
714 1945 755 1975 21
783 1942 933 1976 mercule
958 1941 1005 1975 M.
1050 1941 1109 1975 Ad
1134 1953 1168 1985 p.
1192 1945 1268 1975 166.
1292 1946 1345 1976 15.
1373 1964 1419 1968 —

82 1990 125 2019 24
144 1998 174 2020 V.
190 1986 358 2020 Schmidt
370 2000 404 2031 p.
415 1991 493 2025 529,
509 1990 603 2033 Auy.
615 1990 664 2022 22
678 1988 821 2032 Tyrress
835 1999 890 2032 ep.
901 1992 980 2029 667,
995 1989 1062 2022 XI
1071 1989 1154 2022 oder
1167 1988 1208 2022 X
1220 1988 1307 2023 Kal.
1323 1989 1417 2034 Sept.

83 2032 238 2067 Schiche
263 2033 384 2068 Herm.
407 2034 524 2068 XVIII
549 2047 582 2079 p.
600 2039 666 2068 612
682 2045 748 2078 ex.,
774 2047 888 2070 meuse
914 2036 1009 2070 Sext.
1029 2035 1165 2076 Baiter,
1193 2035 1353 2078 (ineunte
1371 2049 1416 2071 m.

84 2079 198 2123 Oct..9)
219 2079 391 2114 Wesenb.
411 2103 456 2106 —
479 2085 522 2115 30
542 2083 597 2116 his
610 2082 714 2122 Boot,
730 2093 798 2116 om.
814 2082 879 2116 M1.
907 2082 965 2115 Ad
983 2085 1146 2126 p.37.37.
1188 2083 1200 2125 ΙΙ
1242 2081 1417 2118 P.432.2

79 2127 200 2171 †dari
225 2126 394 2161 Wesenb.
417 2129 508 2162 coni.
536 2130 620 2163 dari
640 2141 706 2173 per
730 2141 764 2164 se
788 2140 895 2164 servo.
929 2149 975 2154 —
1007 2132 1027 2161 8
1058 2128 1223 2173 Tz'yellio,
1253 2130 1348 2164 velut
1372 2151 1419 2156 —

81 2174 272 2216 acceperit:
301 2185 451 2217 prorsus
482 2175 672 2218 VVesenb„
704 2176 813 2217 Boot,
847 2175 1000 2219 Tyr-rell.
1039 2196 1084 2200 —
1123 2179 1166 2208 18
1197 2187 1228 2209 v.
1250 2176 1419 2211 Schmidt

80 2232 114 2264 p.
137 2224 221 2263 529,
259 2219 402 2263 Tyrrell
434 2232 487 2265 ep.
510 2226 594 2265 669,
627 2223 667 2256 Χ
691 2224 775 2257 oder
799 2223 863 2256 IX
889 2222 975 2256 Kal.
997 2222 1088 2265 Sept.
1112 2221 1265 2257 Schiche
1290 2223 1415 2258 Herm.

81 2266 197 2300 XVIH
222 2279 257 2311 p.
279 2271 345 2300 612
361 2278 432 2309 ex,
471 2280 586 2303 meuse
626 2269 747 2313 Quint.
774 2269 918 2310 Baiter,
958 2269 1117 2311 (ineunte
1153 2281 1267 2305 meuse
1301 2271 1417 2314 Oct..?)

79 2311 251 2348 Wesenb.
273 2335 317 2339 —
344 2318 386 2347 22
415 2315 591 2360 Illoe'eyllus
608 2315 745 2358 Baiter,
771 2316 924 2350 mieidus
944 2315 1122 2359 Schmidt,
1151 2316 1227 2350 Fui
1245 2328 1308 2352 uec
1326 2319 1417 2353 ridi-
