1665 2553
14 1871 30 1900 1
47 1869 145 1902 (XLII
165 1872 190 1902 3)

117 2045 136 2074 2
161 2046 198 2076 (1)

222 65 307 107 386
646 65 694 101 Μ.
722 65 862 100 TULLI
888 63 1137 100 CICERONIS

827 218 958 261 XLII.

491 301 565 336 Ser.
586 300 745 335 Asturae
775 300 835 333 VI
853 300 911 334 Id.
933 300 1028 334 Mai.
1049 312 1082 334 a.
1105 302 1177 336 709
1203 302 1294 344 (45).

628 382 819 416 CICERO
843 381 1036 417 ATTICO
1055 381 1164 416 SAL.

310 454 487 495 Nullum
525 470 549 495 a
585 457 628 495 te
659 454 891 495 desideravi
923 454 1033 494 diem
1063 454 1322 509 litterarum3
1365 453 1559 495 videbam

222 514 346 568 enim,
377 528 483 567 quae
516 513 677 567 scribis,
709 515 751 553 et
781 515 925 553 tamen
956 513 1202 566 suspicabar
1231 513 1299 554 vel
1329 513 1472 566 potius
1498 513 1559 554 in·
1597 529 1612 555 5

222 572 473 627 tellegebam
510 571 619 612 nihil
655 572 804 625 fuisse,
843 571 955 625 quod
993 571 1215 625 scriberes3
1259 586 1292 612 a.
1319 572 1355 612 d.
1382 583 1429 612 VI
1459 571 1558 612 Idus

221 646 320 671 vero
359 634 400 671 et
438 626 584 671 abesse
616 633 657 670 te
690 630 893 683 putabam
925 633 966 671 et
998 630 1122 684 plane
1153 630 1347 671 videbam
1377 629 1487 670 nihil
1516 632 1559 671 te

221 689 387 730 habere.
448 689 543 743 Ego
580 691 723 729 tamen
755 689 805 729 ad
836 692 878 729 te
909 688 996 729 fere
1028 688 1181 729 cotidie
1212 689 1403 742 mittam,
1446 688 1558 730 malo

222 748 333 789 enim
371 748 549 803 frustra,
586 762 712 801 quam
749 750 790 788 te
827 762 913 788 non
952 747 1126 802 habere,
1163 747 1229 788 cui
1263 747 1352 801 des,
1390 747 1426 788 si
1458 747 1560 801 quid

222 807 332 847 forte
364 806 431 860 sit,
464 806 577 860 quod
608 809 732 860 putes
764 820 829 846 me
857 806 961 846 scire
988 808 1193 860 oportere.
1243 804 1392 859 Itaque
1419 806 1559 860 accepi
1580 823 1613 847 10

222 877 270 906 V1
300 864 399 905 Idus
425 865 590 906 litteras
617 868 712 905 tuas
738 865 894 905 inanes.
945 864 1055 913 Quid
1081 865 1192 905 enim
1217 864 1418 919 habebas,
1449 865 1561 918 quod

223 924 454 964 scriberes?
487 923 548 964 Mi
573 927 716 964 tamen
740 923 856 977 illud,
877 923 1077 977 quicquid
1102 926 1204 976 erat,
1223 938 1309 964 non
1337 923 1561 964 molestum

222 982 318 1037 fuit,
347 986 393 1023 ut
421 982 529 1023 nihil
561 982 687 1037 aliud,
719 982 824 1022 scire
855 997 920 1023 me
952 982 1053 1023 novi
1083 984 1125 1022 te
1156 982 1264 1022 nihil
1294 982 1460 1023 habere.

311 1039 528 1094 Scripsisti
565 1044 706 1081 tamen
736 1041 876 1082 nescio
910 1040 1010 1094 quid
1041 1040 1090 1081 de
1123 1039 1280 1082 Clodia.
1343 1039 1428 1081 Ubi
1460 1054 1560 1095 ergo

222 1114 270 1140 ea
307 1102 370 1140 est
408 1103 481 1140 aut
520 1100 685 1153 quando
724 1099 930 1140 ventura?
980 1098 1124 1140 Placet
1160 1099 1265 1139 mihi
1296 1113 1363 1140 res
1396 1099 1472 1153 sic,
1510 1101 1559 1139 ut
1581 1116 1612 1141 15

224 1157 452 1198 secundum
485 1157 696 1198 Othonem
725 1158 834 1198 nihil
864 1158 1011 1211 inagis.
1064 1157 1145 1198 Sed
1169 1172 1305 1211 neque
1330 1157 1438 1198 hanc
1463 1171 1560 1198 ven-

222 1217 406 1256 dituram
436 1219 540 1270 puto
573 1215 824 1271 (delectatur
849 1216 960 1256 enim
985 1218 1027 1256 et
1052 1216 1223 1269 copiosa
1249 1214 1345 1271 est),
1370 1218 1425 1271 et,
1454 1215 1560 1256 illud

222 1275 403 1315 alterum
436 1289 562 1328 quam
595 1275 649 1315 sit
681 1275 864 1328 difficile,
894 1277 936 1315 te
960 1288 1047 1315 non
1072 1274 1194 1328 fugit.
1246 1273 1339 1328 Sed,
1371 1274 1560 1329 obsecro,

223 1333 448 1386 enitamur,
486 1336 534 1373 ut
566 1333 724 1386 aliquid
751 1333 802 1373 ad
833 1333 893 1386 id,
934 1333 1048 1386 quod
1079 1333 1222 1387 cupio,
1259 1333 1557 1387 excogitemus.

310 1391 404 1446 Ego
436 1406 503 1432 me
534 1391 631 1432 hinc
662 1391 866 1445 postridie
899 1391 962 1432 Id.
994 1391 1207 1431 exiturum
1239 1394 1357 1446 puto,
1389 1391 1460 1432 sed
1485 1394 1559 1432 aut
1579 1409 1613 1433 20

221 1450 266 1490 in
303 1449 587 1490 Tusculanum
628 1453 702 1490 aut
745 1450 935 1504 domum,
977 1449 1073 1490 inde
1115 1450 1297 1490 fortasse
1334 1449 1557 1504 Arpinum.

223 1506 330 1549 Cum
362 1512 523 1549 certum
556 1509 700 1564 sciero,
732 1509 913 1549 scribam
945 1508 997 1549 ad
1027 1510 1080 1549 te.

813 1625 964 1666 XLIII.

492 1706 566 1741 Ser.
588 1707 746 1741 Asturae
770 1707 834 1740 IV
855 1707 912 1740 Id.
936 1706 1031 1741 Mai.
1052 1718 1085 1740 a.
1108 1708 1180 1741 709
1207 1708 1297 1750 (45).

623 1788 813 1823 CICERO
837 1787 1030 1823 ATTICO
1055 1787 1163 1822 SAL.
1578 1794 1611 1819 25

304 1859 491 1901 Venerat
528 1859 634 1900 mihi
666 1860 711 1900 in
742 1862 926 1900 mentem
957 1874 1128 1901 monere
1159 1862 1214 1914 te,
1253 1861 1301 1899 ut
1332 1858 1375 1899 id
1406 1859 1558 1913 ipsum,

222 1918 335 1971 quod
360 1918 476 1972 facis,
507 1918 675 1958 faceres.
718 1918 927 1959 Putabam
953 1918 1065 1958 enim
1091 1917 1353 1959 commodius
1379 1920 1423 1957 te
1447 1917 1558 1958 idem

221 1976 336 2016 istud
368 1976 481 2017 domi
513 1990 635 2030 agere
667 1991 790 2030 posse
822 1976 1164 2030 interpellatione
1196 1975 1374 2016 sublata.

311 2034 405 2088 Ego
438 2035 641 2087 postridie
673 2034 790 2089 Idus,
827 2037 875 2075 ut
907 2035 1056 2088 scripsi
1088 2034 1141 2075 ad
1172 2037 1213 2075 te
1244 2036 1352 2087 ante,
1393 2033 1557 2074 Lanuvi

221 2107 389 2133 manere
427 2093 646 2147 constitui,
683 2093 779 2134 inde
818 2096 890 2133 aut
922 2092 1080 2134 Romae
1119 2095 1191 2133 aut
1222 2092 1267 2133 in
1299 2091 1556 2146 Tusculan03
1576 2109 1611 2133 30

223 2150 326 2190 scies
359 2154 474 2206 ante,
510 2154 663 2192 utrum.
725 2151 889 2205 †Qu0d
921 2152 1025 2192 scies
1057 2154 1169 2192 recte
1199 2150 1317 2191 illam
1348 2165 1437 2192 rem
1467 2150 1557 2191 fore

220 2208 476 2263 levamento,
518 2209 623 2250 bene
661 2210 763 2250 facis
805 2210 1037 2250 cumidesse
1073 2209 1180 2250 mihi
1217 2209 1335 2250 crede
1372 2208 1558 2263 perinde,

222 2268 269 2305 ut
301 2267 540 2308 existimare
571 2271 619 2308 tu
643 2283 730 2309 non
754 2271 886 2322 potes.
935 2268 1020 2309 Res
1045 2268 1216 2323 indicat,
1248 2270 1406 2321 quanto
1434 2280 1557 2321 opere
