1665 2553
292 54 634 90 EPISTULARUM
660 54 724 88 AD
752 52 966 88 ATTICUM
992 53 1025 87 X
1052 56 1105 97 15,
1135 56 1188 87 16.
1332 52 1418 93 319

686 207 798 250 XVI.

292 290 366 326 Ser.
388 291 428 325 in
456 290 617 324 Cumano
640 290 737 333 prid.
758 289 815 324 Id.
838 288 933 323 Mai.
955 301 987 324 α.
1012 291 1084 323 705
1111 290 1200 331 (49).

478 372 668 408 CICERO
693 371 886 406 ATTICO
911 370 1018 406 SAL.

30 445 31 484 1
165 446 442 488 Commodum
493 445 546 486 ad
593 448 635 486 te
680 444 875 485 dederam
917 443 1084 484 litteras
1129 442 1178 483 de
1221 441 1416 496 pluribus
1445 452 1462 482 1

27 522 54 564 Ι5
74 506 212 560 rebus,
245 520 339 546 eum
372 504 423 545 ad
453 518 520 544 me
552 504 659 545 bene
690 518 813 544 mane
844 502 1077 556 Dionysius
1110 501 1244 555 †fuit.
1309 500 1417 548 Quoi

27 567 29 570 ’
76 565 244 619 quidem
291 577 368 618 ego
411 577 499 604 non
541 562 666 603 modo
712 562 962 615 placabilem
1006 575 1072 601 me
1116 560 1419 614 praebuissem,

75 624 146 664 sed
182 626 323 664 totum
360 622 635 675 remisissem,
681 621 716 661 31
754 621 956 675 venisset,
1001 634 1083 673 qua
1114 622 1254 660 mente
1286 622 1334 659 tu
1367 618 1418 658 ad

74 697 140 723 me
185 681 424 736 scripseras.
493 680 600 721 Erat
646 680 756 720 enim
796 680 854 720 310
886 679 931 719 111
967 678 1053 719 tuis
1092 678 1266 733 litteris,
1312 691 1417 730 quas

75 741 228 795 Arpini
260 754 519 794 acceperam,
563 754 658 779 eum
689 741 916 778 venturum
947 737 1260 791 facturumque,
1303 735 1418 789 quod

40 817 55 841 ο
76 814 153 854 ego
185 799 346 840 vellem.
408 798 502 853 Ego
534 798 729 838 volebam
761 800 902 837 autem
933 796 1000 836 vel
1025 795 1245 849 cupiebam
1272 795 1416 848 potius

76 873 166 899 esse
204 873 299 898 eum
330 857 563 897 nobiscum.
628 855 747 904 Quod
786 856 884 909 quia
924 855 1066 908 plane,
1107 869 1202 895 cum
1242 854 1287 894 in
1317 852 1417 894 For-

75 918 264 958 mianum
307 916 511 969 venisset,
553 915 832 969 praeciderat,
876 913 1065 967 asperius
1110 913 1161 953 ad
1199 915 1241 953 te
1280 912 1328 952 de
1368 926 1417 952 eo

78 976 257 1017 seribere
291 975 491 1015 solebam.
541 974 601 1014 At
632 974 704 1014 ille
736 987 943 1027 perpauca
974 972 1141 1012 locutus
1169 971 1279 1012 hane
1306 986 1416 1011 sum-

76 1050 188 1075 mam
224 1033 377 1074 habuit
417 1032 638 1086 orationis,
681 1035 729 1072 ut
768 1032 849 1072 sibi
890 1032 1171 1086 ignoscerem,
1216 1045 1259 1071 se
1291 1029 1416 1070 rebus

41 1109 56 1134 5
78 1094 165 1134 suis
209 1092 459 1146 impeditum
502 1091 725 1132 nobiseum
763 1091 823 1130 ire
860 1104 948 1131 non
984 1103 1119 1142 posse.
1180 1088 1319 1129 Pauca
1356 1102 1418 1128 re-

78 1151 240 1206 spondi,
271 1164 473 1205 magnum
506 1150 645 1203 accepi
672 1149 872 1201 dolorem,
903 1148 1095 1188 intellexi
1120 1148 1338 1188 fortunam
1365 1147 1416 1187 ab

77 1225 124 1251 eo
162 1212 353 1250 nostram
391 1209 629 1262 despectam
670 1222 770 1249 esse.
834 1207 942 1256 Quid
975 1206 1173 1260 quaeris?
1219 1204 1418 1261 (fortasse

76 1267 317 1324 miraberis)
369 1267 414 1308 in
463 1267 658 1308 maximis
708 1266 862 1307 horum
913 1268 1153 1319 temporum
1198 1264 1416 1305 doloribus

76 1328 189 1368 hune
220 1327 323 1367 1111111
359 1326 465 1367 scito
498 1340 597 1367 esse.
648 1325 801 1379 Velim,
832 1327 880 1365 ut
912 1324 993 1364 tibi
1019 1324 1177 1364 amicus
1206 1324 1273 1364 sit.
1323 1323 1416 1363 Hoc

42 1403 58 1427 ο
78 1401 173 1427 011111
204 1386 285 1426 tibi
316 1387 429 1440 opto,
462 1388 577 1438 opto,
609 1387 657 1424 ut
688 1384 838 1424 beatus
866 1383 942 1437 sis,
975 1383 1055 1424 erit
1082 1382 1194 1423 enim
1220 1385 1307 1423 tam
1334 1382 1414 1422 diu.

168 1443 405 1485 Consilium
453 1446 649 1484 nostrum
695 1457 816 1496 spero
861 1456 1039 1482 vacuum
1083 1441 1268 1495 periculo
1315 1441 1415 1481 fore.
1443 1450 1463 1479 ‘3

78 1502 190 1544 Nam
227 1505 269 1543 et
307 1502 663 1542 dissimulavimus
702 1504 761 1555 et,
804 1503 852 1541 ut
891 1500 1061 1553 opinor,
1104 1514 1187 1540 ozon
1219 1499 1418 1540 acerrime

80 1560 407 1602 adservabimur.
469 1559 697 1614 Navigatio
730 1559 854 1600 modo
889 1559 962 1611 sit,
1004 1558 1170 1612 qualem
1204 1561 1326 1611 opto,
1358 1572 1419 1598 00-

79 1623 189 1675 tera,
233 1634 339 1673 quae
378 1618 546 1672 quidem
584 1618 760 1659 consilio
800 1617 1011 1670 provideri
1048 1619 1267 1669 poterunt,
1306 1630 1419 1656 cave-

44 1695 59 1720 5
80 1679 252 1719 buntur.
315 1677 392 1731 Tu,
424 1677 523 1717 dum
556 1677 767 1730 adsumus,
797 1690 884 1716 non
915 1674 1040 1715 modo
1075 1689 1180 1727 quae
1214 1675 1316 1715 scies
1351 1689 1419 1714 au-

80 1737 279 1791 dierisve,
331 1736 401 1777 sed
441 1736 569 1776 etiam
614 1749 719 1789 quae
763 1735 907 1774 futura
951 1733 1215 1787 providebis,
1260 1732 1418 1773 scribas

80 1796 217 1836 velim.

170 1852 288 1907 Cato,
321 1853 393 1906 qui
421 1851 608 1893 Siciliam
640 1854 784 1892 tenere
815 1850 932 1891 nullo
965 1850 1137 1903 negotio
1170 1849 1314 1903 potuit
1346 1847 1418 1903 (et,
1445 1860 1465 1890 3

83 1912 119 1952 si
149 1912 368 1965 tenuisset,
406 1925 549 1952 omnes
581 1911 682 1951 boni
715 1910 766 1950 ad
798 1924 893 1950 eum
927 1923 969 1949 se
1002 1906 1314 1963 contulissent),
1346 1906 1419 1961 Sy-

47 1987 63 2012 o
82 1970 243 2011 raeusis
275 1970 488 2023 profectus
522 1972 585 2010 est
618 1971 714 2009 ante
747 1968 855 2008 diem
882 1979 964 2007 V111
989 1966 1039 2007 K.
1060 1966 1171 2019 Mai„
1202 1969 1251 2006 ut
1278 1966 1329 2006 ad
1353 1980 1420 2006 me

83 2027 211 2070 Curio
245 2029 422 2081 scripsit.
483 2027 673 2081 Utinam,
716 2027 828 2081 quod
860 2026 992 2079 aiunt,
1024 2024 1151 2066 Cotta
1183 2023 1420 2065 Sardiniam

83 2088 246 2128 teneat!
291 2089 355 2126 est
387 2087 499 2127 enim
530 2101 685 2127 rumor.
749 2085 783 2126 O
830 2085 864 2125 31
896 2085 939 2125 id
969 2084 1108 2137 fuerit,
1146 2086 1313 2136 turpem
1346 2081 1419 2123 Ca-

83 2146 244 2186 tonem!

171 2203 280 2258 Ego,
312 2205 360 2243 ut
391 2203 622 2243 minuerem
650 2203 930 2256 suspicionem
956 2200 1230 2255 profectionis
1257 2202 1330 2241 aut
1355 2215 1419 2241 00-
1445 2211 1467 2241 4

49 2278 64 2304 5
84 2261 308 2316 gitationis
345 2275 480 2315 meae,
516 2262 730 2315 profectus
770 2276 862 2302 sum
903 2261 948 2300 in
978 2259 1284 2312 Pompeianum
1318 2274 1351 2299 a.
1380 2259 1415 2299 d.

38 2362 43 2422 1

35 2449 39 2553 l

787 2120 796 2139 7
