1665 2553
284 60 624 95 EPISTULARUM
649 61 714 95 AD
741 60 958 96 ATTICUM
982 61 1050 95 XII
1077 65 1226 97 36—323.
1344 63 1426 104 381

82 157 191 199 belle
234 156 281 198 in
322 160 509 198 mentem
551 157 694 198 venire
738 158 960 211 potuisset.
1032 156 1115 199 Sed
1158 158 1299 199 nescio
1346 173 1429 212 quo

81 219 204 271 pacto
244 215 535 257 celebritatem
575 216 765 271 requiro3
806 217 951 270 itaque
981 216 1132 258 hortos
1164 217 1272 258 mihi
1304 218 1430 258 confi-

82 275 166 317 cias
204 288 374 316 necesse
413 278 488 316 est.
550 274 749 316 Maxuma
783 278 846 316 est
878 276 923 316 in
956 273 1160 329 Scapulae
1193 276 1430 332 celebritas,

79 334 379 388 propinquitas
412 336 627 388 praeterea
660 334 797 390 urbis,
833 348 887 375 ne
918 337 1059 376 totum
1091 335 1203 376 diem
1235 335 1280 376 in
1313 335 1426 376 villa.

43 392 238 448 5Quare,
282 395 509 447 antequam
554 393 751 446 discedis,
797 391 1027 447 Othonem,
1073 393 1109 434 si
1151 392 1314 435 Romae
1353 397 1430 448 est,

83 451 308 493 convenias
341 451 556 505 pervelim.
608 451 653 493 Si
683 451 793 492 nihil
819 452 911 506 erit,
944 452 1025 493 etsi
1050 455 1098 493 tu
1125 467 1261 493 meam
1289 453 1430 494 stulti-

81 510 188 552 tiam
229 510 444 551 consuesti
486 510 613 565 ferre,
658 525 705 551 eo
750 513 894 551 tamen
930 511 1196 566 progrediar,
1241 512 1306 552 uti
1346 514 1430 552 sto-

81 569 284 611 machere.
345 568 513 610 Drusus
556 570 667 610 enim
713 572 824 611 certe
862 570 1040 611 vendere
1077 570 1180 611 vult.
1244 568 1289 612 Si
1328 584 1428 626 ergo

82 628 198 669 aliud
239 628 336 682 erit,
372 642 461 669 non
496 643 589 669 mea
627 628 707 669 erit
746 628 889 683 culpa,
926 629 1009 670 nisi
1048 644 1198 670 emero.
1263 628 1353 678 Qua
1384 630 1429 670 in

27 704 62 728 ιο
80 701 126 728 re
156 701 209 728 ne
240 687 379 742 labar,
417 702 592 741 quaeso,
632 687 816 740 provide.
879 687 1135 728 Providendi
1168 690 1311 729 autem
1344 703 1429 729 una

80 745 191 787 ratio
225 748 302 801 est,
341 746 377 787 si
410 746 512 800 quid
544 746 593 786 de
627 745 875 800 Scapulanis
908 761 1146 800 possumus.
1208 747 1267 788 Et
1298 747 1428 788 velim

80 819 148 846 me
185 805 407 846 certiorem
448 805 596 860 facias,
641 819 767 858 quam
806 805 877 846 diu
916 805 962 846 in
994 805 1238 847 suburbano
1273 806 1331 847 sis
1364 807 1428 847 fu-

81 866 215 905 turus.

169 921 296 977 Apud
337 922 579 963 Terentiam
626 926 711 964 tam
752 922 891 978 gratia
936 938 1041 977 opus
1084 926 1149 965 est
1187 924 1313 965 nobis
1356 926 1431 966 tua
1456 934 1476 964 3

29 997 62 1022 15
84 996 210 1036 quam
237 981 500 1022 auctoritate.
553 980 633 1022 Sed
659 981 798 1036 facies,
830 984 878 1022 ut
904 982 1129 1024 videbitur.
1181 982 1276 1024 Scio
1304 983 1429 1038 enim,

84 1041 119 1081 si
164 1040 265 1094 quid
307 1054 400 1081 mea
443 1040 630 1096 intersit,
673 1040 754 1081 tibi
798 1041 949 1081 maiori
994 1056 1117 1082 curae
1162 1042 1297 1083 solere
1339 1057 1429 1083 esse

84 1113 210 1153 quam
241 1098 358 1139 mihi.
1045 1117 1048 1119 ’

630 1181 837 1223 XXXVII
850 1197 883 1223 a.

324 1261 398 1296 Ser.
420 1261 579 1296 Asturae
604 1262 679 1296 III
697 1263 795 1297 Non.
819 1263 914 1297 Mai.
936 1275 968 1297 (1.
993 1265 1065 1297 709
1092 1265 1182 1306 (45).

31 1350 64 1374 20
488 1344 678 1380 CICERO
702 1344 896 1380 ATTICO
921 1344 1030 1379 SAL.

173 1415 341 1456 Hirtius
386 1416 438 1456 ad
480 1431 547 1457 me
593 1417 762 1470 scripsit
807 1415 898 1458 Sex.
931 1415 1183 1470 Pompeium
1228 1415 1426 1457 Corduba
1452 1422 1500 1465 (4)

85 1474 222 1515 exisse
269 1476 310 1514 et
351 1474 511 1528 fugisse
552 1475 596 1515 in
638 1475 892 1529 Hispaniam
936 1475 1193 1530 citeriorem,
1238 1474 1430 1516 Gnaeum

84 1533 246 1587 fugisse
277 1533 418 1573 nescio
452 1548 552 1587 quo3
583 1547 719 1587 neque
752 1534 863 1574 enim
896 1548 1008 1574 curo.
1059 1532 1183 1574 Nihil
1213 1536 1430 1587 praeterea

85 1592 196 1633 novi.
265 1590 451 1632 Litteras
490 1590 692 1632 Narbone
737 1592 850 1632 dedit
892 1603 993 1632 XIIII
1029 1591 1123 1632 Kal.
1155 1591 1302 1633 Maias.
1366 1593 1430 1633 Tu

33 1666 66 1693 25
84 1650 191 1691 mihi
223 1650 273 1691 de
305 1648 457 1690 Canini
487 1650 711 1705 naufragio
739 1651 860 1704 quasi
887 1650 1016 1690 dubia
1042 1650 1209 1691 misisti.
1263 1650 1429 1692 Scribes

86 1709 232 1764 igitur,
266 1708 301 1749 si
334 1709 435 1762 quid
469 1709 548 1749 erit
581 1709 747 1750 certius.
799 1707 920 1757 Quod
952 1723 1019 1750 me
1045 1724 1068 1749 a
1095 1709 1309 1750 maestitia
1336 1724 1429 1750 avo-

87 1782 172 1821 cas,
216 1767 399 1808 multum
439 1767 609 1821 levaris,
656 1768 691 1808 si
731 1768 872 1808 locum
909 1767 1007 1808 fano
1049 1768 1223 1808 dederis.
1291 1767 1430 1808 Multa

86 1826 193 1867 mihi
220 1828 280 1875 εἷς
306 1825 560 1867 ἀποθέωσιν
586 1826 630 1866 111
656 1829 841 1866 mentem
867 1826 1054 1879 veniunt,
1089 1826 1160 1866 sed
1186 1826 1280 1867 loco
1307 1827 1429 1867 valde

90 1899 196 1939 opus
229 1887 302 1925 est.
366 1884 503 1933 Quare
535 1885 664 1925 etiam
697 1884 908 1925 Othonem
942 1884 1044 1925 vide.

38 2019 71 2045 30
641 2000 879 2042 XXXVIII.

321 2076 395 2111 Ser.
416 2076 575 2110 Asturae
596 2077 692 2120 prid.
715 2076 811 2110 Non.
835 2076 930 2110 Mai.
953 2088 985 2110 a.
1009 2079 1031 2110 7
1034 2079 1081 2111 09
1108 2079 1199 2120 (45).

494 2146 683 2180 CICERO
709 2146 900 2180 ATTICO
927 2146 1034 2181 SAL.

181 2211 281 2253 Non
312 2211 473 2266 dubIto,
506 2212 608 2265 quin
635 2211 983 2265 occupatissimus
1010 2212 1154 2268 fueris,
1186 2212 1259 2266 qui
1286 2212 1338 2252 ad
1364 2227 1430 2253 me
1458 2224 1475 2254 1

93 2271 201 2312 nihil
231 2271 487 2325 litterarum3
521 2270 593 2311 sed
623 2270 750 2311 homo
776 2284 969 2325 nequam,
1003 2271 1076 2325 qui
1101 2273 1223 2311 tuum
1249 2285 1431 2312 commo—
