1665 2553
217 84 300 126 192
637 84 684 118 Μ.
712 84 852 118 TULLI
878 83 1124 119 CICERONIS

214 179 331 235 illud,
362 179 408 220 in
439 194 522 234 quo
553 182 595 220 te
626 178 882 220 Dicaearcho
914 179 1116 220 adsentiri
1146 193 1293 234 negas,
1326 179 1408 220 etsi
1438 180 1550 234 cupi-

214 239 400 279 dissume
431 238 664 292 expetitum
700 253 723 278 a
756 240 865 278 mest
905 240 946 278 ct
985 240 1028 278 te
1067 238 1342 293 approbante,
1371 252 1424 279 ne
1462 238 1550 279 diu-

215 298 301 338 tius
335 312 445 338 anno
475 297 521 337 in
552 296 768 351 provincia
800 310 951 351 essem,
990 298 1132 337 tamen
1172 311 1259 338 non
1300 299 1364 337 est
1402 299 1550 338 nostra

215 356 486 397 contentione
528 355 771 409 perfectum.
846 353 915 395 Sic
958 355 1070 396 enim
1119 355 1244 410 scito,
1286 355 1462 396 verbum
1504 355 1551 396 in

216 417 366 456 senatu
402 414 561 455 factum
603 427 692 454 esse
728 427 960 467 numquam
999 413 1049 454 de
1090 414 1178 454 ullo
1221 416 1433 469 nostrum,
1477 414 1549 468 qui

215 473 454 527 provincias
502 472 781 527 obtinuimus,
830 486 912 526 quo
952 471 996 512 in
1038 472 1090 513 iis
1130 472 1289 513 diutius
1332 487 1458 526 quam
1499 487 1550 514 ex

216 534 387 572 senatus
419 531 612 572 consulto
644 545 922 586 maneremus,
953 533 1001 571 ut
1032 531 1115 571 iam
1146 545 1199 572 ne
1229 531 1354 572 istius
1382 531 1550 585 quidem

215 590 276 630 rei
309 590 474 644 culpam
507 589 753 644 sustineam,
785 589 897 643 quod
928 589 1068 630 minus
1095 590 1167 630 diu
1197 589 1349 630 fuerim
1381 590 1427 630 in
1457 604 1550 644 pro-

215 648 369 702 vincia,
408 663 533 702 quam
570 648 751 689 fortasse
782 647 909 689 fuerit
946 648 1061 689 utile.
1125 647 1206 689 Sed
1237 648 1361 702 ‘quid
1398 648 1435 689 si
1469 648 1551 690 hoc

214 707 410 748 melius‘R'
443 709 650 761 oportune
683 707 763 748 dici
793 707 960 748 videtur
990 706 1058 748 vel
1095 707 1140 747 in
1169 706 1250 748 hoc
1286 707 1390 761 ipso
1453 705 1549 748 Sive

215 765 327 806 enim
359 765 411 806 ad
442 765 707 807 concordiam
738 780 804 806 res
842 765 991 806 adduci
1027 768 1170 819 potest
1207 765 1294 806 sive
1332 765 1383 806 ad
1420 765 1549 806 bono-

214 839 309 865 rum
340 825 580 880 victoriam,
616 824 821 865 utriusvis
858 823 919 864 rei
955 838 1022 865 me
1054 826 1127 865 aut
1159 823 1393 865 adiutorem
1423 824 1550 865 velim

215 897 306 924 esse
337 885 410 923 aut
442 885 553 924 certe
584 897 672 924 non
703 885 934 938 expertem3
967 883 1033 923 sin
1058 883 1284 924 vincuntur
1314 882 1426 936 boni,
1458 882 1549 923 ubi-

216 955 394 996 cumque
427 956 572 996 essem,
603 955 687 982 una
719 956 813 982 cum
844 942 897 982 iis
922 941 1059 982 victus
1086 955 1230 982 essem.
1281 940 1417 990 Quare
1448 941 1550 982 cele-

215 1000 319 1041 ritas
349 1001 486 1041 nostri
524 1000 683 1041 reditus
716 1000 1030 1055 ἆμεταμέλητος
1068 1000 1191 1041 debet
1228 1014 1327 1041 esse.
1390 999 1548 1049 Quodsi

213 1059 297 1099 ista
335 1059 460 1099 nobis
502 1059 705 1113 cogitatio
747 1059 796 1100 (le
843 1059 1059 1113 triumpho
1106 1059 1260 1099 iniecta
1299 1073 1386 1100 non
1426 1061 1548 1114 esset,

215 1131 341 1171 quam
373 1120 421 1157 tu
453 1132 620 1171 quoque
652 1118 872 1172 adprobas,
901 1131 953 1158 ne
985 1121 1032 1158 tu
1062 1117 1176 1158 haud
1205 1117 1388 1158 multum
1412 1117 1549 1171 requi-

214 1190 327 1216 reres
360 1175 481 1216 illum
513 1176 669 1230 virum,
707 1176 779 1229 qui
816 1176 861 1216 in
893 1179 1011 1216 sexto
1042 1175 1153 1216 libro
1185 1175 1439 1216 informatus
1472 1178 1546 1216 est.

215 1233 324 1282 Quid
368 1234 479 1274 em'm
523 1234 604 1274 tibi
647 1235 815 1288 faciam,
869 1234 940 1287 qui
989 1234 1086 1274 illos
1129 1234 1262 1274 libros
1308 1234 1546 1274 devorasti?

214 1291 327 1340 Quin
361 1306 474 1333 nunc
511 1293 651 1346 ipsum
687 1306 774 1333 non
811 1291 1013 1333 dubitabo
1050 1306 1139 1333 rem
1177 1294 1340 1332 tantam
1372 1292 1546 1347 abicere,

216 1351 251 1391 si
291 1351 333 1391 id
376 1351 456 1392 erit
506 1351 672 1391 rectius.
740 1350 980 1404 Utrumque
1022 1365 1120 1392 vero
1171 1350 1299 1391 simul
1347 1350 1416 1405 agi
1460 1365 1546 1391 non

214 1412 374 1463 potest,
418 1412 459 1450 et
502 1409 551 1450 de
594 1409 812 1463 triumpho
856 1409 1080 1450 ambitiose
1125 1411 1165 1449 et
1209 1408 1258 1450 de
1297 1423 1342 1449 re
1378 1409 1547 1463 publica

214 1468 356 1509 libere.
420 1467 499 1508 Sed
541 1482 593 1509 ne
634 1467 860 1522 dubitaris,
905 1468 1024 1522 quin,
1068 1467 1180 1522 quod
1222 1467 1463 1522 honestius,
1504 1468 1547 1509 id

215 1526 319 1567 mihi
350 1525 543 1567 futurum
575 1526 631 1567 sit
663 1526 889 1580 antiquius.
950 1525 1074 1582 Nam,
1106 1525 1218 1580 quod
1248 1528 1373 1580 putas
1397 1526 1546 1567 utilius

215 1599 318 1641 esse,
348 1585 415 1626 vel
446 1585 551 1625 mihi
584 1585 696 1639 quod
726 1585 861 1625 tutius
895 1585 963 1640 sit,
993 1585 1061 1626 vel
1092 1585 1218 1625 etiam
1243 1587 1292 1625 ut
1319 1584 1381 1626 rei
1410 1585 1547 1639 publi-

215 1657 287 1685 cae
316 1643 516 1697 prodesse
546 1643 725 1698 possim,
756 1657 824 1684 me
856 1657 945 1684 esse
976 1657 1071 1684 cum
1101 1642 1297 1698 imperio,
1333 1642 1376 1683 id
1406 1657 1546 1684 coram

214 1702 573 1744 considerabimus
612 1702 735 1756 quale
772 1703 838 1742 sit.
899 1700 1041 1743 Habet
1084 1702 1196 1743 enim
1238 1715 1304 1743 res
1348 1701 1546 1742 delibera—

215 1761 394 1815 tionem,
428 1761 508 1801 etsi
535 1775 583 1801 ex
609 1764 729 1815 parte
749 1774 903 1815 magna
933 1760 1014 1801 tibi
1045 1760 1268 1801 adsentior.
1316 1757 1381 1800 De
1405 1760 1545 1801 animo

216 1822 358 1860 autem
394 1833 488 1860 meo
527 1833 626 1874 erga
662 1833 751 1860 rem
787 1819 1000 1874 publicam
1038 1819 1144 1860 bene
1178 1818 1280 1859 facis
1319 1818 1431 1872 quod
1459 1833 1547 1860 non

215 1877 403 1932 dubitas,
441 1880 482 1918 et
513 1877 619 1918 illud
649 1878 781 1932 probe
816 1877 994 1933 iudicas,
1030 1891 1294 1931 nequaquam
1333 1876 1436 1923 satis
1468 1891 1544 1931 pro

215 1936 319 1977 meis
352 1936 516 1992 officiis,
546 1950 622 1990 pro
654 1936 789 1990 ipsius
821 1936 866 1977 in
894 1937 998 1978 alios
1031 1936 1232 1976 effusione
1257 1935 1379 1976 illum
1410 1935 1455 1976 in
1479 1950 1545 1977 me

215 1995 432 2035 liberalem
463 1995 612 2049 fuisse,
651 1995 824 2048 eiusque
854 1995 915 2035 rei
947 2009 1114 2035 causam
1144 2008 1241 2034 vere
1273 1993 1472 2049 explicas,
1505 1996 1545 2034 et

216 2054 289 2107 eis,
321 2067 426 2107 quae
458 2053 506 2093 de
538 2052 670 2094 Fabio
697 2052 958 2107 Caninioque
989 2055 1081 2094 acta
1108 2051 1270 2106 scribis,
1300 2052 1419 2094 valde
1452 2066 1546 2093 con-

218 2111 416 2152 sentiunt.
480 2110 593 2160 Quae
625 2111 661 2152 si
699 2125 816 2152 secus
854 2113 1013 2166 essent,
1051 2113 1276 2164 totumque
1317 2125 1361 2151 se
1398 2110 1471 2152 ille
1501 2110 1547 2151 in

215 2183 282 2210 me
312 2170 583 2225 profudisset,
614 2172 755 2211 tamen
786 2170 871 2225 illa,
903 2184 1028 2224 quam
1061 2169 1221 2223 scribis,
1252 2172 1393 2210 custos
1425 2169 1544 2210 urbis

215 2241 282 2268 me
311 2228 548 2280 praeclarae
578 2228 866 2283 inscriptionis
899 2242 1127 2269 memorem
1159 2242 1248 2269 esse
1274 2230 1440 2283 cogeret
1470 2241 1546 2268 nec

215 2285 320 2325 mihi
351 2287 610 2342 concederet,
647 2289 695 2328 ut
732 2287 920 2328 imitarer
951 2285 1196 2327 Volcacium
1232 2288 1304 2327 aut
1342 2284 1546 2340 Servium,

1569 724 1601 749 10

1568 1017 1599 1042 15

1567 1309 1599 1334 20

1567 1601 1598 1627 25

1565 1894 1598 1919 30

1565 2185 1597 2211 35
