1665 2553
279 101 618 136 EPISTULARUM
642 101 706 135 AD
732 99 947 135 ATTICUM
973 101 1039 135 VII
1066 105 1213 137 15—17.
1330 102 1416 144 213

683 254 819 297 XVII.

253 336 327 372 Ser.
354 337 395 370 in
420 336 622 371 Formiano
648 336 711 370 IV
731 336 829 370 Non.
857 336 963 371 Febr.
991 347 1024 370 α.
1054 339 1125 371 705
1152 339 1241 380 (49).

476 417 665 453 CICERO
690 418 882 453 ATTICO
909 419 1014 453 SAL.

167 491 280 532 Tuae
319 490 488 531 litterae
527 489 634 530 mihi
674 492 819 545 gratae
856 489 1147 544 iucundaeque
1180 493 1290 532 sunt.
1352 490 1416 533 De
1443 501 1461 533 1

44 566 59 592 5
79 550 220 605 pueris
270 549 315 590 in
361 547 580 589 Graeciam
625 549 966 602 transportandis
1017 551 1110 590 tum
1163 549 1417 605 cogitabam,

78 624 174 650 cum
204 609 306 663 fuga
343 621 392 648 ex
423 606 549 648 Italia
587 607 732 661 quaeri
768 607 1000 648 videbatur.
1063 606 1155 649 Nos
1198 608 1309 649 enim
1341 608 1417 649 Hi-

79 667 270 722 spaniam
307 669 559 720 peteremus3
605 666 691 706 illis
732 665 812 707 hoc
853 680 984 720 aeque
1023 667 1289 708 commodum
1329 682 1416 709 non

79 728 178 768 erat.
245 725 311 766 Tu
350 725 442 779 ipse
485 739 580 765 cum
622 723 749 765 Sexto
792 724 920 766 etiam
960 739 1071 766 nunc
1112 725 1218 766 mihi
1258 726 1415 767 videris

78 785 239 826 Romae
269 786 381 825 recte
418 797 509 824 esse
545 797 685 837 posse3
727 783 882 824 etenim
921 783 1093 824 minime
1136 784 1259 825 amici
1294 784 1416 826 Pom-

26 861 60 884 10
79 843 174 898 peio
204 845 353 884 nostro
393 856 483 883 esse
521 842 693 883 debetis.
755 841 890 883 Nemo
934 843 1044 883 enim
1085 857 1286 897 umquam
1326 846 1416 884 tan-

79 906 172 944 tum
204 902 254 943 de
284 901 457 942 urbanis
489 901 671 954 praediis
710 900 903 942 detraxit.
966 900 1151 943 Videsne
1188 916 1254 942 me
1287 903 1416 943 etiam

79 960 238 1002 iocari?
1485 1005 1493 1009 ‚

171 1019 285 1061 Scire
308 1019 394 1060 iam
420 1021 462 1059 te
489 1020 669 1073 oportet
700 1017 744 1059 L.
773 1016 927 1059 Caesar
953 1033 1059 1072 quae
1085 1033 1288 1073 responsa
1314 1019 1416 1060 refe-
1441 1029 1461 1059 2

80 1081 146 1119 rat
190 1093 214 1119 a
252 1077 473 1132 Pompeio,
517 1091 620 1131 quas
665 1076 716 1117 ab
762 1077 908 1118 eodem
952 1078 1004 1118 ad
1045 1075 1266 1119 Caesarem
1307 1078 1416 1119 ferat

28 1153 61 1178 15
81 1138 258 1178 litteiffas
322 1135 512 1190 Scriptae
544 1135 654 1176 enim
694 1138 734 1176 et
773 1135 893 1176 datae
931 1136 991 1176 ita
1028 1128 1146 1191 sunt,
1185 1139 1233 1176 ut
1265 1151 1417 1202 propo-

79 1198 279 1237 nerentur
318 1195 362 1235 in
402 1194 584 1249 publico.
651 1193 700 1235 In
747 1208 830 1248 quo
879 1195 1071 1235 accusavi
1115 1208 1279 1236 mecum
1325 1195 1415 1249 ipse

78 1253 343 1309 Pompeium,
375 1253 464 1308 qui,
496 1267 588 1294 cum
621 1252 803 1307 scriptor
832 1252 1073 1294 luculentus
1107 1256 1235 1308 esset,
1272 1256 1414 1295 tantas

79 1327 145 1354 res
172 1315 298 1366 atque
323 1327 405 1367 eas,
437 1326 543 1366 quae
573 1311 619 1352 in
644 1311 834 1353 omnium
858 1326 1009 1353 manus
1035 1315 1237 1353 venturae
1262 1315 1416 1368 essent,

83 1371 220 1412 Sestio
245 1373 393 1412 nostro
421 1370 660 1412 scribendas
688 1370 856 1411 dederit.
907 1370 1056 1424 Itaque
1080 1370 1189 1411 nihil
1214 1385 1416 1425 umquam

29 1446 62 1470 20
81 1430 166 1484 legi
198 1429 402 1483 scriptum
434 1428 813 1483 σηστιωὸέστερον.
874 1427 1062 1483 Perspici
1093 1432 1237 1470 tamen
1268 1444 1318 1471 ex
1346 1430 1416 1470 lit-

81 1488 183 1529 teris
215 1487 389 1542 Pompei
418 1490 560 1541 potest
590 1487 699 1529 nihil
730 1486 899 1529 Caesari
935 1488 1082 1542 negari
1120 1488 1345 1542 omniaque
1377 1488 1416 1530 ei

83 1546 313 1601 cumulate,
359 1561 464 1601 quae
500 1546 706 1601 postulet,
751 1546 852 1587 dari.
915 1545 1028 1594 Quae
1069 1546 1141 1588 ille
1180 1546 1416 1588 amentissi-

82 1620 177 1646 mus
217 1605 346 1646 fuerit
381 1605 464 1645 nisi
502 1605 723 1659 acceperit,
769 1605 1019 1659 praesertim
1062 1619 1156 1646 cum
1199 1605 1416 1659 impuden-

83 1664 247 1705 tissime
277 1663 566 1718 postulaverit.
629 1661 730 1712 Quis
763 1663 875 1704 enim
906 1666 954 1703 tu
986 1677 1050 1717 es,
1082 1663 1154 1717 qui
1186 1663 1314 1704 dicas:
1349 1662 1416 1704 <Si

30 1723 128 1764 25in
162 1722 414 1776 Hispaniam
449 1722 663 1776 profectus
702 1721 798 1775 erit,
843 1721 879 1762 si
918 1721 1125 1775 praesidia
1163 1721 1414 1762 dimiserit'?

83 1781 242 1822 Tamen
272 1780 513 1822 conceditur
543 1780 683 1820 minus
714 1779 891 1821 honeste
921 1794 1033 1820 nunc
1065 1779 1232 1833 quidem
1257 1780 1416 1820 violata

83 1840 168 1880 iam
200 1839 251 1880 ab
283 1839 358 1880 illo
390 1854 435 1880 re
465 1839 634 1892 publica
670 1837 873 1892 illatoque
911 1838 1041 1893 bello,
1080 1852 1206 1892 quam
1244 1838 1280 1878 si
1312 1838 1414 1878 olim

87 1897 136 1938 de
166 1898 329 1938 ratione
360 1897 551 1938 habenda
582 1897 861 1950 impetrasset.
922 1896 981 1937 Et
1012 1899 1156 1937 tamen
1179 1910 1337 1951 vereor,
1368 1899 1415 1936 ut

84 1955 152 1996 his
182 1955 286 2009 ipsis
318 1958 542 1998 contentus
574 1955 640 1996 sit.
702 1954 833 2010 Nam,
870 1969 964 1996 cum
1000 1954 1084 1995 ista
1121 1955 1319 1995 mandata
1352 1954 1416 1995 de·

34 2029 67 2054 30
87 2013 217 2055 disset
258 2013 303 2055 L.
346 2013 532 2069 Caesari,
581 2013 726 2055 debuit
769 2027 858 2054 esse
901 2013 1027 2067 paulo
1074 2012 1274 2068 quietior,
1317 2012 1417 2054 dum

86 2085 286 2126 responsa
327 2073 601 2127 referrentur,
648 2072 800 2113 dicitur
841 2074 981 2112 autem
1026 2085 1137 2112 nunc
1177 2085 1267 2112 esse
1308 2085 1416 2112 acer-

86 2145 228 2171 rimus.

175 2188 397 2230 Trebatius
424 2190 593 2243 quidem
624 2189 772 2230 scribit
805 2204 847 2230 se
874 2188 926 2229 ab
951 2188 1026 2229 illo
1052 2199 1152 2228 V1111
1176 2186 1269 2228 Kal.
1296 2187 1415 2229 Febr.
1442 2198 1462 2228 3

86 2250 283 2302 rogatum
315 2261 416 2303 esse,
445 2250 494 2288 ut
527 2248 728 2289 scriberet
755 2248 806 2288 ad
830 2261 908 2301 me7
940 2249 988 2288 ut
1015 2260 1148 2287 essem
1175 2246 1225 2286 ad
1250 2246 1416 2300 urbem3

34 2320 67 2345 35
86 2305 194 2346 nihil
225 2306 263 2346 ei
293 2320 360 2346 me
392 2306 554 2360 gratius
594 2307 727 2348 facere
765 2320 898 2360 posse.
960 2304 1073 2345 Haec
1109 2304 1249 2346 verbis
1286 2304 1417 2359 pluri-
