1665 2553
296 76 639 111 EPISTULARUM
666 76 729 110 AD
755 75 970 111 ATTICUM
995 76 1046 110 IX
1073 77 1210 112 7Β-9,
1343 76 1427 118 269

85 172 387 227 inimicissimi3
438 186 620 226 quorum
664 172 854 213 artificiis
899 172 1094 214 effectum
1138 175 1219 226 est,
1270 175 1318 213 ut
1361 187 1428 213 res

18 287 19 293 1
85 231 255 286 publica
286 231 332 272 in
360 230 474 272 hunc
506 233 665 272 statum
696 231 946 285 perveniret.

698 347 814 389 VIII.

258 428 332 463 Ser.
360 430 400 462 in
426 429 628 463 Formiano
650 429 747 473 prid.
776 430 832 463 Id.
861 430 976 464 Mart.
1004 441 1036 463 a.
1067 432 1137 464 705
1165 432 1255 472 (49).

52 518 67 543 5
489 510 679 545 CICERO
705 511 898 546 ATTICO
923 511 1031 546 SAL.

179 582 437 624 Cenantibus
468 594 501 623 ΙΙ
532 580 632 623 Idus
665 583 789 624 nobis
822 598 868 624 ac
900 586 1029 624 noctu
1064 583 1233 637 quidem
1266 581 1429 624 Statius

88 657 112 682 a
143 645 185 683 te
217 642 443 696 epistulam
476 642 647 682 brevem
680 642 835 682 attulit.
899 641 961 683 De
994 641 1039 683 L.
1067 642 1284 696 Torquato
1318 641 1431 696 quod

89 701 268 755 quaeris,
299 715 386 742 non
416 700 541 741 modo
573 699 748 755 Lucius,
779 701 851 742 sed
883 701 1011 742 etiam
1043 700 1180 742 Aulus
1213 700 1430 755 profectus

88 762 164 813 est,
196 759 225 813 †
246 759 353 800 alter
383 759 554 800 multos.
604 758 668 800 De
692 759 973 800 Reatinorum
999 774 1154 801 corona
1188 759 1301 814 quod
1333 759 1431 800 scri-

35 835 69 860 10
88 818 173 873 bis,
209 818 388 859 moleste
419 819 507 859 fero
540 817 585 858 in
616 831 718 872 agro
752 818 908 859 Sabino
948 821 1176 859 sementem
1215 818 1307 859 fieri
1338 833 1432 872 pro-

89 877 345 931 scriptionis.
392 876 616 918 Senatores
649 877 807 918 multos
841 891 931 918 esse
957 876 1119 918 Romae
1150 891 1228 918 nos
1262 891 1431 931 quoque

89 936 366 976 audieramus.
429 935 593 990 Ecquid
638 938 759 989 potes
802 936 956 990 dicere,
997 950 1070 977 cur
1111 936 1319 976 exierint?
1381 934 1431 976 In
1459 946 1477 974 2

87 994 155 1035 his
197 994 301 1036 locis
345 994 488 1048 opinio
537 996 600 1034 est
648 995 888 1035 coniectura
931 995 1068 1049 magis
1111 1009 1240 1048 quam
1279 995 1430 1035 nuntio

90 1056 163 1094 aut
208 1053 363 1094 litteris
411 1052 630 1094 Caesarem
670 1052 851 1094 Formiis
893 1067 926 1093 a.
967 1053 1002 1093 d.
1042 1065 1090 1094 XI
1130 1053 1223 1094 Kal.
1262 1052 1432 1106 Apriles

37 1129 70 1153 15
90 1112 190 1153 fore.
245 1111 326 1152 Hic
357 1126 435 1166 ego
467 1111 618 1152 vellem
649 1111 805 1152 habere
837 1111 1013 1153 Homeri
1045 1112 1164 1152 illam
1196 1112 1434 1152 Minervam

90 1170 332 1211 simulatam
364 1170 561 1225 Mentori,
594 1171 661 1211 cui
694 1170 894 1211 dicerem:

91 1252 300 1307 &1415va
320 1260 410 1301 πῶς
430 1251 467 1294 τ’
492 1251 560 1307 ἄρ’
586 1256 652 1305 ἴω,
672 1261 762 1301 πῶς
782 1251 816 1294 τ’
845 1251 898 1307 ἂρ
920 1252 1244 1307 προςπτύξομαι
1265 1253 1434 1307 αὐτόν;’

90 1345 265 1387 Nullam
296 1361 385 1387 rem
417 1361 619 1400 umquam
651 1346 934 1387 difficiliorem
961 1346 1160 1400 cogitavi,
1193 1346 1264 1387 sed
1291 1346 1434 1402 cogito

91 1407 234 1446 tamen
264 1419 339 1446 nec
371 1419 440 1446 ero
474 1408 521 1446 ut
560 1405 604 1446 in
641 1405 764 1446 malis
802 1405 1049 1459 imparatus.
1113 1404 1195 1446 Sed
1233 1419 1349 1459 cura,
1388 1407 1435 1445 ut

39 1481 72 1505 ρο
92 1464 243 1505 valeas.
305 1463 414 1504 Puto
448 1464 560 1504 enim
592 1463 702 1504 diem
736 1466 856 1504 tuum
887 1463 979 1504 heri
1010 1463 1153 1505 fuisse.

728 1579 799 1621 IX.

274 1660 348 1695 Ser.
375 1661 416 1694 in
443 1660 642 1695 Formiano
672 1660 778 1694 XVI
799 1661 846 1694 K.
874 1661 964 1704 Apr.
992 1672 1025 1694 a.
1055 1663 1126 1695 705
1154 1663 1245 1705 (49).

519 1740 686 1776 CICERO
714 1741 886 1776 ATTICO
915 1741 1011 1776 SAL.

182 1813 283 1854 Tres
326 1813 528 1867 epistulas
569 1816 664 1854 tuas
706 1813 844 1866 accepi
886 1813 1091 1867 postridie
1123 1811 1234 1854 Idus.
1297 1811 1433 1853 Erant

41 1888 74 1914 25
95 1874 235 1912 autem
266 1884 346 1926 1111,
376 1885 437 1926 111,
470 1872 603 1926 pridie
628 1870 728 1912 Idus
762 1872 892 1912 datae.
942 1870 1083 1927 Igitur
1112 1871 1435 1924 antiquissimae

95 1930 245 1983 cuique
275 1931 460 1984 primum
490 1930 764 1984 respondebo.
815 1930 1020 1971 Adsentio
1055 1930 1147 1983 tibi,
1179 1932 1227 1970 ut
1258 1930 1304 1970 in
1335 1928 1435 1970 For-

94 1988 234 2029 miano
267 1990 539 2042 potissimum
579 2003 828 2043 commorer,
870 1989 998 2029 etiam
1040 1989 1089 2029 de
1131 2002 1283 2042 supero
1316 1988 1434 2042 mari,

95 2046 412 2103 temptaboque,
449 2051 497 2089 ut
530 2050 652 2089 antea
684 2048 735 2088 ad
767 2051 809 2088 te
841 2048 1009 2101 scripsi,
1044 2061 1277 2100 ecquonam
1308 2046 1434 2087 modo

95 2105 256 2158 possim
286 2106 505 2147 voluntate
538 2107 627 2147 eius
657 2106 819 2147 nullam
850 2106 910 2147 rei
948 2105 1140 2159 publicae
1179 2107 1344 2158 partem
1376 2108 1435 2145 at-

43 2181 76 2206 30
95 2164 270 2219 tingere.
333 2163 452 2213 Quod
482 2165 646 2219 laudas,
690 2165 788 2218 quia
827 2164 1022 2205 oblivisci
1059 2178 1125 2204 me
1158 2163 1307 2217 scripsi
1340 2165 1436 2204 ante

95 2222 207 2263 facta
239 2224 280 2262 et
313 2222 463 2264 delicta
494 2223 631 2264 nostri
664 2223 799 2276 amici,
831 2237 908 2277 ego
936 2236 1034 2263 vero
1067 2222 1128 2263 ita
1153 2222 1274 2263 facio.
1325 2221 1437 2271 Quin

96 2294 143 2321 ea
174 2281 277 2336 ipsa,
310 2295 416 2335 quae
449 2296 472 2323 a
503 2284 544 2322 te
570 2285 965 2336 commemorantur,
991 2295 1110 2321 secus
1138 2280 1190 2321 ab
1218 2294 1266 2322 eo
1299 2280 1344 2321 in
1369 2295 1435 2321 me
