1689 2572
662 53 700 86 P.
723 56 918 86 104—109.
1304 51 1455 86 XXXIII

118 148 195 179 318.
218 149 279 189 33,
311 149 389 179 335.
411 148 472 188 31,
507 149 584 179 342.
607 149 667 189 35,
702 149 779 179 343.
802 149 839 187 3,
873 148 950 179 382.
973 149 1028 182 20.
1061 148 1140 179 466.
1164 148 1218 188 15,
1251 149 1328 179 513.
1352 149 1382 179 2.
1410 166 1455 170 —

117 196 160 225 21
186 203 267 226 vero
293 194 330 226 Σ
351 192 554 236 (Lehmann
580 192 655 226 Att.
676 204 711 236 p.
733 195 802 235 46),
836 202 905 226 om.
929 192 1011 226 edd.
1038 213 1084 217 —
1111 196 1154 226 24
1180 193 1336 227 tollebat
1361 192 1452 226 coni.

117 238 276 282 Manut,
313 240 455 274 nolebat
491 239 615 282 codd,
652 239 790 281 Baiter,
827 239 987 283 Tyrrell,
1028 250 1110 273 cum
1142 250 1248 273 cruce
1280 238 1452 273 Wesenb.

118 286 210 320 coni.
237 287 358 320 animo
389 287 564 329 volvebat,
596 286 701 329 Boot,
736 285 988 320 ‘scribendum
1015 288 1072 320 est
1096 286 1268 321 volvebat’
1303 286 1456 330 Madvig

117 332 209 367 Adv.
224 333 257 366 ΙΙ
274 345 309 377 p.
326 337 402 367 235.
435 334 446 378 ΙΙ
483 333 529 368 Ρ.
546 332 635 368 107.
651 337 671 367 5
699 333 889 375 Catilinas,
914 333 1091 368 Acidinos
1115 333 1252 376 Baiter,
1279 332 1452 367 Wesenb.

118 378 169 413 Cf.
196 392 231 424 p.
261 383 336 414 149.
361 383 402 414 12
419 391 470 423 sq.
510 401 556 405 -—
593 384 613 414 6
648 380 831 414 Germalo
863 381 952 413 vett.
976 380 1075 422 edd„
1114 379 1286 414 Wesenb.
1326 401 1372 405 -
1412 384 1452 414 11

117 427 316 472 [Milonis]
353 426 463 461 Kiehl
500 427 633 461 Mnem.
660 427 693 460 Π
716 439 751 471 p.
769 430 855 470 423,
895 425 1011 460 Cobet
1035 426 1103 460 VII
1126 438 1160 471 p.
1183 431 1250 461 455
1285 429 1322 461 et
1352 426 1396 461 N.
1419 426 1453 461 S.

117 472 201 506 VIII
222 477 299 516 195,
324 474 463 516 Baiter,
489 473 642 518 Tyrrell.
658 495 704 498 —
725 478 767 508 13
787 474 1005 508 interiorem
1020 479 1191 518 partem
1210 475 1354 508 aecliam
1375 485 1454 517 scin,

117 521 179 554 ille
209 532 252 555 ex
283 521 485 555 interiorem
517 522 635 555 edium
660 520 714 563 M,
746 521 921 556 interiora
954 521 1030 555 aed.
1053 521 1134 555 edd.
1174 542 1219 546 —
1258 525 1300 555 17
1327 525 1359 556 et
1384 532 1453 555 om.

118 567 236 610 codd,
267 567 372 610 Boot,
398 567 590 602 Lehmann
615 567 780 608 Quaestt.
801 579 836 612 p.
859 572 915 609 25,
942 579 985 602 ac
1003 568 1083 602 virt.
1100 567 1241 609 Graev.,
1268 567 1454 611 WVesenb„

121 614 233 648 ‘nunc
257 614 412 648 mavult⁷
441 615 545 657 Boot,
571 616 775 649 constantia
800 615 872 649 viri
896 615 1037 657 Faeni,
1063 614 1381 658 Baiter,rTyrrell.
1410 636 1455 640 -—

120 664 162 694 19
189 661 286 696 Milo
312 662 395 695 add.
413 661 595 704 Wesenb.,
628 662 732 704 Boot,
758 673 788 695 V.
806 665 849 695 23
871 662 1083 705 proscripsit
1109 662 1280 696 Sestias
1299 662 1454 705 Manut,

117 707 253 742 Baiter.
292 729 338 733 —-
376 712 419 742 23
451 709 525 743 nisi
549 709 739 751 anteferret
761 710 848 752 post
873 709 1064 751 anteferret
1089 709 1172 742 add.
1195 708 1340 752 Tyr-rell
1365 708 1454 742 Pur-

118 765 198 789 sero
226 757 376 789 auctore
401 755 553 799 probab.
587 776 632 780 —
665 759 708 789 26
735 766 910 799 campum
937 755 1053 797 codd,
1079 755 1178 800 vulg.
1200 757 1301 797 vett,
1328 755 1456 789 Baiter

119 812 250 844 errore,
277 804 320 835 ut
338 802 493 836 videtur.
528 802 570 836 V.
587 802 635 835 ad
654 814 688 846 p.
705 806 759 836 24.
776 806 807 845 8,
829 806 882 835 54.
901 806 952 836 15.
968 823 1013 827 —
1032 802 1083 836 lb.
1099 807 1203 837 erant
1221 805 1307 846 post
1324 804 1454 845 fictura

119 849 203 882 add.
225 848 410 891 WVesenb„
437 849 539 883 Boot.
561 870 607 874 —
632 852 675 883 27
702 853 804 884 ante
827 849 993 883 mediam
1016 854 1163 884 noctem
1189 847 1283 892 CM2,
1310 849 1455 893 Tyri-cll

118 895 233 938 tacit,
259 896 378 931 medici
403 898 504 930 noete
524 895 590 939 Ml,
616 896 734 930 media
758 900 858 930 nocte
882 895 978 940 vulg.
1012 896 1071 929 Ad
1089 908 1123 940 p.
1140 900 1194 930 27.
1211 899 1265 930 35.
1281 917 1326 921 —
1347 900 1389 929 37
1401 908 1452 939 sq.

118 943 302 985 carrebat;
334 943 542 986 adsequitur
574 942 654 976 edd.
675 944 823 986 praeter
848 942 1004 986 Tyr-rell.
1049 943 1107 976 Ad
1132 943 1218 977 fam.
1240 955 1274 987 p.
1298 947 1375 977 181.
1399 947 1454 986 19,

118 988 215 1022 infra
242 993 318 1023 114.
337 992 390 1032 10,
413 993 489 1023 162.
506 993 561 1031 23,
583 992 659 1024 171.
678 993 733 1032 37,
752 989 845 1023 Plin.
863 989 977 1033 ep.Vl
992 993 1085 1023 16.8.
1119 991 1130 1033 ΙΙ
1166 989 1339 1024 Ρ.108.1
1361 990 1456 1025 vicos

116 1035 256 1070 Jordan
276 1034 492 1070 Commentt.
514 1036 727 1070 Mommsen.
741 1048 776 1080 p.
792 1040 870 1079 364,
900 1036 1100 1070 ‘Kritische
1119 1036 1308 1081 Beitrage'
1335 1049 1370 1081 p.
1386 1040 1454 1070 273
1489 1077 1496 1080 -

118 1093 183 1127 pro
219 1085 335 1125 certo,
375 1093 442 1127 ego
474 1083 632 1117 fortasse
665 1083 895 1117 dubitassem
927 1083 1111 1127 accipere,
1149 1083 1222 1117 nisi
1255 1083 1454 1117 admodum

117 1129 212 1163 nihil
236 1129 434 1164 interesset
458 1130 555 1164 inter
579 1130 724 1164 litteras
750 1131 850 1165 uicos
875 1132 913 1164 et
938 1131 1044 1174 lucos,
1077 1130 1176 1174 quod
1203 1132 1258 1165 est
1282 1130 1322 1164 in
1348 1130 1452 1164 codd.

119 1178 156 1210 et
181 1176 262 1210 edd.
285 1197 330 1202 -—
357 1180 438 1220 7sq.
455 1178 586 1222 paucis
607 1178 784 1221 pannosis
810 1178 907 1211 linea
932 1178 1099 1212 lanterna
1123 1177 1283 1220 Victor.,
1315 1177 1452 1220 Baiter,

118 1223 308 1267 VVesenb„
341 1223 451 1266 Boot,
480 1225 612 1268 paucis
638 1225 799 1268 pannosi
829 1225 905 1259 sine
937 1225 1129 1259 alanterna
1154 1224 1202 1267 M,
1223 1225 1339 1268 pauci
1358 1236 1453 1268 pan-

117 1271 215 1305 nosi:
246 1271 343 1305 linea
368 1271 387 1305 l.
411 1270 576 1314 Schuetz,
604 1270 757 1314 Tyrrell.
785 1292 830 1295 —
865 1275 905 1304 11
932 1272 1096 1315 †dz'vz'na
1120 1270 1276 1305 Ernesto
1303 1273 1453 1305 auctore

118 1316 211 1352 coni.
238 1318 402 1352 divinare
435 1319 500 1352 aut
530 1319 702 1352 divinans
737 1318 848 1360 Boot3
887 1318 952 1351 sed
989 1320 1169 1352 retractat
1199 1318 1332 1352 Mnem.
1363 1322 1451 1352 1892

117 1376 153 1408 p.
174 1367 251 1398 116.
290 1385 335 1390 —
374 1368 416 1398 13
448 1366 480 1399 si
509 1375 544 1399 se
574 1365 615 1398 in
645 1365 753 1399 turba
783 1366 815 1399 ei
845 1365 985 1399 obviam
1010 1365 1175 1400 obtulerit
1201 1365 1292 1399 coni.
1313 1365 1451 1408 Baiter,

117 1412 150 1445 si
173 1411 326 1446 sentitur
349 1412 468 1446 nciam
493 1412 659 1446 obtulerit
684 1411 732 1453 Μ,
760 1423 843 1445 cum
869 1422 975 1445 cruce
1000 1412 1105 1455 Boot,
1130 1413 1163 1447 si
1187 1423 1222 1446 se
1246 1413 1303 1447 ati
1328 1413 1453 1447 turbae

120 1458 192 1491 iam
218 1458 383 1492 obtulerit
409 1456 492 1501 CZb,
518 1460 550 1492 si
574 1469 608 1493 se
627 1459 668 1492 in
692 1459 799 1493 turba
824 1459 856 1492 ei
879 1459 953 1492 iam
979 1460 1144 1494 obtulerit
1168 1459 1286 1502 Klotz,
1312 1459 1451 1501 Baiter,

118 1504 472 1548 Wesenb.,Tyrr.,in
487 1516 558 1548 quo
572 1505 696 1539 nescio
711 1505 801 1548 quid
815 1505 939 1539 valeat
952 1506 1090 1539 iam.—
1106 1509 1148 1539 17
1163 1517 1318 1540 usuras
1331 1505 1451 1548 Klotz,

118 1551 302 1595 Wesenb.,
323 1551 502 1596 Pluygers
522 1552 655 1586 Mnem.
670 1555 758 1586 1881
778 1564 812 1596 p.
831 1556 907 1595 126,
928 1552 1032 1595 Boot,
1052 1552 1206 1596 Tyrrell,
1225 1564 1313 1588 usus
1333 1553 1451 1595 codd,

117 1598 252 1632 Baiter.
291 1619 337 1623 —
374 1602 417 1632 20
443 1603 475 1633 et
501 1601 587 1632 ante
612 1610 655 1633 ne
680 1599 787 1632 inser.
809 1599 962 1643 Kayser,
989 1599 1161 1633 Wesenb.
1197 1621 1242 1624 —
1277 1604 1321 1634 25
1346 1599 1452 1633 Hanc

119 1646 156 1679 et
191 1655 252 1679 eas
285 1656 410 1679 omnes
443 1645 639 1689 epistulas,
673 1656 768 1689 quae
802 1646 977 1688 quoniam
1007 1645 1046 1679 in
1076 1647 1232 1680 vetustis
1263 1646 1369 1680 libris
1396 1646 1450 1679 in-

118 1691 259 1726 divisae
292 1694 413 1735 erant,
450 1692 563 1726 etiam
587 1704 685 1726 nunc
710 1692 866 1736 singulis
892 1692 1053 1726 numeris
1080 1693 1450 1737 comprehenduntur,

118 1739 172 1772 ita
205 1738 374 1782 distinxi,
407 1740 449 1773 ut
478 1739 592 1783 priori
625 1739 831 1784 simplicem
861 1750 1070 1783 numerum,
1103 1740 1211 1774 alteri
1237 1740 1403 1773 litteram
1430 1750 1467 1773 a·

118 1785 310 1827 adderem3
335 1785 374 1819 in
400 1786 625 1820 editionibus
650 1786 789 1830 partim
815 1786 943 1820 eodem
968 1787 1088 1829 modo,
1114 1787 1252 1831 partim
1271 1786 1406 1820 litteris
1429 1797 1451 1820 a

119 1834 156 1866 et
186 1832 210 1866 b
237 1832 440 1877 signantur.
479 1853 524 1858 —
562 1837 606 1867 34
631 1838 730 1877 teque
757 1844 775 1867 e
801 1833 878 1867 cod.
899 1834 987 1867 Rav.
1007 1834 1111 1867 Boot.
1144 1854 1189 1858 —
1228 1837 1271 1866 36
1297 1834 1367 1867 eris
1392 1833 1448 1868 Fr.

119 1878 263 1913 Striller
293 1879 347 1913 De
379 1879 530 1914 Stoicor.
558 1880 653 1914 stud.
680 1880 773 1914 rhet.
797 1880 882 1913 diss.
904 1880 1055 1914 Vratisl.
1079 1883 1168 1914 1886
1200 1880 1292 1913 thes.
1313 1880 1362 1923 Π,
1400 1881 1451 1914 sis

119 1925 236 1969 codd,
267 1925 439 1960 Wesenb.
467 1926 558 1961 coni.
579 1928 682 1962 velim
708 1947 753 1951 —
777 1927 826 1961 sis
853 1928 918 1960 aut
942 1928 1022 1970 eris,
1048 1927 1151 1969 Boot,
1177 1928 1249 1969 fac
1274 1938 1353 1960 curm
1378 1927 1451 1962 tuis

118 1973 218 2016 apud
237 1984 288 2007 nze
307 1974 356 2007 sis
374 1973 510 2016 Baiter,
537 1973 681 2017 Tyr-rell
707 1984 761 2018 ep.
779 1977 855 2007 101.
890 1972 941 2007 Cf.
958 1974 1006 2007 ad
1030 1985 1065 2017 p.
1089 1977 1230 2016 12828,
1258 1977 1398 2008 13836.
1438 1974 1449 2020 ΙΙ

166 2019 211 2054 P.
228 2019 316 2054 109.
333 2023 351 2053 2
376 2019 431 2053 De
456 2022 622 2064 tempore
646 2020 756 2054 huius
784 2022 821 2054 et
845 2020 1074 2063 insequentis
1102 2019 1207 2064 epist.
1222 2032 1253 2053 V.
1268 2020 1306 2054 P.
1321 2020 1448 2054 Hilde-

117 2065 254 2099 brandt
278 2066 332 2100 De
359 2066 469 2101 schol.
491 2067 580 2101 Bob.
604 2070 693 2101 1894
717 2079 752 2111 p.
775 2070 830 2101 27.
858 2088 902 2092 —-
929 2071 1010 2110 5sq.
1031 2067 1072 2101 in
1097 2068 1270 2101 librorum
1294 2078 1449 2101 meorum

119 2113 326 2147 bibliotheca
361 2113 504 2156 Baiter,
550 2114 635 2160 [in]
673 2115 751 2148 libr.
777 2124 934 2148 meorum
969 2114 1225 2158 [bibliotheca]
1262 2113 1448 2156 Wesenb.,

119 2159 218 2202 quod
252 2158 291 2192 in
315 2159 372 2192 Μ1
404 2162 459 2194 est
491 2161 644 2203 miriftca
669 2162 715 2194 in
741 2161 761 2194 l.
782 2172 826 2194 m.
854 2161 1077 2203 bibliotheca,
1113 2161 1154 2194 in
1180 2163 1217 2194 et
1241 2161 1449 2196 bibliotheca

119 2217 187 2239 om.
206 2206 310 2247 Boot,
336 2207 376 2240 in
402 2217 482 2248 om.,
510 2208 718 2242 bibliotheca
744 2206 828 2240 secl.
849 2206 993 2250 Tyr-rell
1014 2217 1067 2250 ep.
1085 2210 1162 2249 107,
1190 2208 1449 2242 bibliothecam

117 2252 257 2286 habent
276 2251 328 2285 Ns
349 2252 552 2296 (Lehmann
571 2254 647 2288 Att.
662 2266 697 2298 p.
713 2257 768 2295 89,
791 2256 881 2297 174).
897 2273 941 2278 —
963 2257 980 2286 7
1002 2254 1054 2288 Et
1073 2253 1176 2288 codd.
1193 2256 1230 2288 Σ
1245 2254 1450 2298 (Lehmann

187 2316 246 2342 Cic.
261 2319 345 2348 epist.
359 2318 389 2342 ΙΙ
1220 2324 1238 2346 C
