1665 2553
97 499 138 536 (v
158 500 185 530 3)

98 1675 135 1706 (V
154 1674 180 1703 4)

214 97 298 138 356
642 96 689 132 M.
718 97 858 131 TULLI
884 96 1131 131 CICERONIS

842 250 928 292 Vb.

343 333 417 369 Ser.
438 334 479 367 in
507 332 714 367 Tusculano
740 332 814 365 III
834 336 897 366 aut
922 332 973 365 II
992 332 1049 366 Id.
1071 332 1156 366 Ιιιη.
1178 344 1211 366 α,
1233 334 1304 368 709
1331 335 1420 376 (45).

617 413 807 448 CICERO
832 413 1023 448 ATTICO
1049 414 1157 449 SAL.

301 487 515 528 Tubulum
552 488 793 539 praetorem
832 485 953 526 video
986 484 1030 526 L.
1058 485 1249 540 Metello,
1292 486 1336 535 Q.
1364 486 1550 529 Maximo

212 546 468 588 consulibus.
512 543 656 585 *Nunc
687 544 832 597 velim,
869 543 912 585 P.
947 543 1158 600 Scaevola,
1197 545 1390 598 pontifex
1420 547 1551 587 maxi-
1588 563 1605 589 5

211 620 317 659 mus,
334 605 487 658 quibus
515 603 760 644 consulibus
787 602 986 643 tribunus
1011 603 1067 656 pl.
1104 603 1314 657 Equidem
1334 606 1437 658 puto
1458 620 1552 658 pro-

211 664 349 718 ximis,
371 662 580 716 Caepione
605 665 647 702 et
666 661 885 715 Pompei03
912 665 1082 715 praetor
1102 663 1213 702 enim
1232 662 1279 703 L.
1296 661 1437 717 Furio,
1458 663 1549 705 Sex.

211 722 358 763 Atilio.
420 721 553 762 Dabis
586 721 718 775 igitur
751 720 1018 761 tribunatum
1052 723 1104 774 et,
1137 720 1172 761 si
1204 722 1377 776 poteris,
1410 721 1552 763 Tubu-

210 782 277 822 lus
311 795 393 834 quo
427 780 612 821 crimine.
674 778 733 819 Et
765 779 877 833 vide,
922 793 1096 834 quaeso,
1133 778 1176 820 L.
1203 779 1329 834 Libo,
1371 780 1444 821 ille
1476 780 1550 835 qui

211 840 260 880 de
293 838 378 880 Ser.
407 838 555 893 Galba,
586 836 874 879 Censorinone
906 841 948 878 et
975 837 1148 879 Manilio
1182 853 1236 879 an
1267 838 1311 879 T.
1339 838 1549 894 Quinctio,
1568 857 1604 882 ιο

209 898 274 939 M'.
302 898 440 939 Acilio
473 897 717 939 consulibus
750 896 949 937 tribunus
981 896 1036 950 pl.
1063 897 1201 938 fuerit.
1254 895 1549 939 Conturbabat

211 958 321 998 enim
354 972 420 997 me
453 956 656 1011 [epitome
688 955 812 996 Bruti
844 954 877 995 F
880 955 1091 1010 anniana],
1131 956 1176 996 in
1207 955 1332 997 Bruti
1364 957 1550 1010 epitoma

209 1015 524 1056 Fannianorum
552 1014 739 1069 [scripsi]
762 1014 873 1068 quod
900 1017 989 1055 erat
1014 1014 1059 1054 in
1085 1017 1287 1070 extremo,
1317 1015 1442 1069 idque
1470 1029 1547 1070 ego

210 1078 379 1116 secutus
404 1074 517 1114 hunc
541 1073 763 1126 Fannium,
793 1072 865 1126 qui
893 1073 1062 1126 scripsit
1088 1073 1325 1129 historiam,
1345 1088 1547 1128 generum

209 1147 300 1174 esse
344 1134 595 1186 scripseram
627 1131 754 1172 Laeli.
820 1130 901 1172 Sed
944 1134 991 1172 tu
1034 1146 1100 1172 me
1145 1141 1443 1187 γεωμετρικῶς
1487 1148 1599 1176 re-15

208 1192 387 1245 felleras,
413 1194 455 1232 te
482 1193 622 1231 autem
648 1204 759 1230 nunc
778 1189 938 1230 Brutus
965 1192 1006 1230 et
1031 1189 1229 1231 Fannius.
1280 1190 1375 1245 Ego
1403 1194 1548 1232 tamen

209 1251 257 1291 de
300 1250 411 1290 bono
452 1252 640 1302 auctore,
678 1247 928 1302 Hortensio,
968 1248 1027 1289 sic
1060 1263 1318 1303 acceperam,
1355 1252 1404 1290 ut
1436 1250 1548 1304 apud

208 1308 389 1349 Brutum
423 1310 497 1349 est.
559 1307 684 1348 Hunc
716 1307 851 1361 igitur
882 1306 1023 1347 locum
1058 1308 1262 1361 expedies.

838 1423 917 1465 Vc.

409 1505 482 1540 Ser.
503 1507 544 1539 in
572 1505 778 1539 Tusculano
799 1505 898 1549 prid.
919 1504 977 1538 Id.
998 1505 1083 1539 Iun.
1104 1517 1137 1539 α.
1160 1507 1234 1540 ’708
1253 1507 1344 1549 (46).
1566 1513 1600 1539 20

610 1586 801 1621 CICERO
825 1585 1018 1621 ATTICO
1043 1586 1151 1629 SAL.

295 1660 389 1714 Ego
426 1659 525 1700 misi
556 1659 754 1700 Tironem
786 1658 1035 1700 Dolabellae
1074 1659 1253 1700 obviam.
1315 1658 1357 1700 Is
1397 1659 1448 1700 ad
1479 1675 1547 1701 me

206 1719 352 1760 Idibus
384 1721 631 1759 revertetur.
682 1717 740 1758 Te
767 1717 1019 1771 exspectabo
1047 1717 1261 1770 postridie.
1314 1717 1379 1759 De
1405 1718 1545 1759 Tullia

206 1793 298 1819 mea
335 1777 416 1818 tibi
454 1777 800 1830 antiquissimum
838 1790 928 1817 esse
966 1775 1104 1829 video,
1147 1776 1273 1829 idque
1304 1776 1365 1816 ita
1396 1779 1444 1817 ut
1477 1777 1544 1831 sit,

206 1840 248 1877 te
285 1836 554 1877 vehementer
591 1849 707 1889 rogo.
769 1835 885 1889 Ergo
926 1834 963 1875 ei
999 1834 1044 1874 in
1081 1834 1248 1889 integro
1281 1835 1438 1889 omnia3
1484 1835 1608 1878 81625-

208 1896 319 1936 enim
363 1895 523 1935 scribis.
592 1893 716 1948 Mihi,
761 1893 841 1934 etsi
878 1893 1091 1933 Kalendae
1134 1893 1328 1934 vitandae
1372 1893 1544 1935 fuerunt

206 1953 567 2007 Nicasionumque
610 1952 828 2007 ἀρχέτυπα
859 1951 1058 2006 fugienda
1089 1951 1452 2006 conficiendaeque
1483 1955 1544 1993 ta-

207 2013 341 2067 bulae,
372 2012 481 2052 nihil
511 2014 655 2052 tamen
685 2011 808 2065 tanti,
839 2013 886 2050 ut
918 2025 941 2050 a
973 2013 1015 2051 te
1046 2010 1248 2063 abessem,
1279 2010 1370 2051 fuit.
1435 2009 1542 2052 Cum

205 2070 366 2111 Romae
399 2085 533 2111 essem
565 2071 606 2110 et
637 2072 680 2110 te
711 2069 795 2109 iam
827 2069 993 2122 iamque
1026 2068 1216 2109 visurum
1241 2083 1309 2109 me
1334 2072 1541 2124 putarem,

207 2129 359 2169 cotidie
391 2131 533 2169 tamen
563 2128 705 2182 horae,
736 2127 890 2180 quibus
918 2127 1222 2182 exspectabam,
1253 2127 1405 2181 longae
1431 2127 1540 2168 vide-
1560 2145 1596 2169 30

206 2187 370 2227 bantur.
430 2187 518 2228 Scis
550 2201 617 2227 me
647 2186 820 2227 minime
852 2200 942 2227 esse
975 2185 1194 2240 blandum3
1224 2186 1368 2240 itaque
1400 2185 1540 2226 minus

207 2245 425 2298 aliquanto
459 2245 564 2300 dico,
597 2260 724 2299 quam
757 2244 905 2285 sentio.
