1665 2553
615 81 654 117 P.
675 85 870 116 486—493.
1261 80 1403 115 CXLIII

70 177 144 210 iam
168 185 242 210 non
267 175 360 209 nolle
385 174 601 208 dubitanter
620 174 771 219 Madvig
790 173 928 208 Advss
945 177 1074 218 p.2403
1099 185 1198 208 nunc
1216 175 1312 208 iam?
1344 174 1404 208 Ad

68 235 103 267 p.
126 225 203 256 203,
226 225 279 255 31.
314 242 359 246 —
391 225 433 254 23
466 222 645 264 affuisset
669 221 723 263 M,
755 221 865 263 Boot,
891 220 1050 264 Tyrrell,
1084 221 1212 263 fnisset
1236 220 1402 263 SchuetZ,

68 269 212 312 Baiter,
249 268 421 302 Wesenb.
460 289 505 293 —-
543 272 587 301 24
612 269 634 312 †
654 268 739 302 tulii
768 268 910 310 Baiter,
942 267 1085 311 Tyrrell
1117 278 1161 302 ex
1192 267 1246 310 Μ,
1272 269 1342 302 tnli
1367 268 1403 310 Z,

68 317 188 351 tollere
221 316 318 360 (‘aut
348 315 426 349 tolli
456 326 508 349 me
542 315 626 349 velle
659 314 822 348 simileve
848 314 1007 357 aliquid,
1040 315 1118 349 tolli
1143 313 1271 358 Corr.’)
1297 315 1402 348 laini-

68 364 217 396 nariam
248 363 391 396 aedium
422 362 470 395 acl
501 361 664 396 Streniae
690 362 850 405 (Sirenae
882 360 1043 405 Corrad.)
1074 362 1276 396 memineris
1309 361 1401 395 coni.

69 408 260 451 Wesenb,
298 409 429 443 sustuli
463 409 698 442 luminarium
729 409 871 442 aedium
895 408 1053 442 Asturae
1090 408 1181 442 coni.
1208 409 1312 442 Boot.
1357 428 1403 433 ——

70 459 113 489 25
126 467 176 499 sq.
203 456 305 501 Quod
330 467 352 489 a
379 455 555 489 Caerellia
580 455 712 489 iuberis
731 454 915 497 WVesenb.,
942 455 1165 497 DIemineris,
1189 466 1300 499 quam
1319 454 1403 489 Cae-

69 503 210 537 relliam
235 503 365 536 videris
391 502 481 535 coni.
503 502 597 535 Boot
621 501 702 535 fals.
747 523 792 526 —
835 506 878 535 26
903 503 1095 546 mancipio
1119 502 1223 544 Boot,
1249 501 1401 545 Tyrrell.

69 549 128 583 Ad
152 553 291 593 p.‘2.29.
320 549 497 582 Ρ.136,12
525 559 670 592 quoque
689 548 815 582 Baiter
833 548 936 582 tacit.
957 549 1168 592 mancupiis.
1190 570 1234 573 .-
1255 552 1298 582 33
1324 559 1404 583 snm

69 596 163 630 enim
188 595 330 639 Tyrrell
361 595 513 639 probab.
568 597 578 639 ΙΙ
633 596 678 629 Ρ.
699 594 788 630 490.
810 600 828 629 7
856 596 1100 639 persequitur
1125 596 1228 629 codd.
1256 597 1404 639 praeter

69 642 108 676 M
133 642 335 686 (Lehmann
362 643 436 675 Att.
464 654 498 686 p.
520 646 581 683 44,
603 646 727 684 94eX.,
755 644 852 685 160),
891 642 1081 683 Wesenb,
1115 642 1224 684 Boot,
1261 641 1404 685 Tyrrell

71 700 125 733 ep.
149 693 232 729 764,
259 690 488 733 prosequitur
514 689 561 729 M,
588 689 729 730 Baiter,
755 689 850 722 Boot
876 689 930 722 ed.
951 689 967 722 Ι
993 690 1030 723 et
1055 688 1139 723 Obs.
1166 701 1200 733 p.
1220 693 1261 722 61
1279 700 1330 732 sq.
1358 709 1403 713 —

71 740 90 770 9
111 747 190 770 cum
210 736 258 777 M,
278 736 414 777 Baiter,
436 735 580 779 Tyr-rell
598 747 671 769 non
690 735 921 769 tolerabilius
943 746 1054 778 quam
1072 748 1107 780 p.
1124 740 1201 769 320.
1220 739 1271 769 12.
1288 756 1333 760 —
1359 739 1402 769 22

71 783 113 817 cle
138 783 335 824 Bacchide,
366 783 389 827 †
408 787 607 816 statuarum
629 782 812 824 Wesenb,
845 783 887 816 cle
912 783 1103 824 Bacchide,
1134 783 1176 817 de
1200 786 1405 817 statuarum

70 829 214 871 Baiter,
240 829 350 871 Boot,
377 829 528 872 Tyrrell.
556 828 597 862 V.
626 828 761 862 Ziehen
786 840 876 862 mus.
903 829 1018 862 Rhen.
1048 832 1137 863 1896
1162 841 1196 873 p.
1219 832 1296 863 593.
1393 828 1405 875 ΙΙ

119 876 164 910 Ρ.
185 874 274 910 4.91
296 880 315 908 6
341 877 567 910 immutatam
593 886 742 910 (onorem
770 887 883 910 meam
908 875 1093 918 IVesenb,
1118 876 1221 918 Boot,
1248 875 1403 919 Tyrrell,

71 924 195 957 minzio
224 926 339 957 tutam
370 933 486 956 amore
516 933 589 956 meo
620 922 673 963 M,
708 924 853 957 φ”ηιηῃηε
878 926 989 957 totum
1014 933 1166 957 amorem
1191 933 1229 957 eo
1257 922 1403 965 Victor,

71 969 208 1003 Baiter.
232 989 277 993 —
297 973 316 1002 9
338 972 370 1003 6.
390 969 470 1003 Jali
489 968 607 1002 Ruete
627 969 712 1002 diss.
728 969 844 1002 Marb.
862 972 951 1002 1883
965 981 999 1012 p.
1017 973 1047 1011 9,
1070 973 1123 1003 28.
1139 972 1183 1002 30
1201 980 1220 1003 e
1239 981 1272 1012 p.
1289 972 1366 1002 492.
1383 973 1402 1002 5

72 1016 205 1060 pridie,
242 1027 349 1059 qaam
378 1016 441 1049 hoc
469 1016 680 1057 scribebam,
712 1016 751 1049 icl
782 1019 832 1050 est
862 1016 935 1049 III
960 1016 1076 1058 N0n.,
1114 1015 1209 1049 Ο.Ε.
1237 1015 1405 1049 Schmidt

72 1061 250 1096 Fleckeis.
279 1073 360 1096 ann.
384 1065 473 1095 1884
498 1074 531 1106 p.
554 1065 620 1095 349
636 1073 700 1105 sq,
727 1061 870 1105 Tyrrell
896 1073 949 1106 ep.
973 1066 1039 1096 768
1065 1062 1186 1106 prob,
1213 1063 1286 1096 HI
1306 1063 1402 1096 Non.

76 1109 198 1153 Quint.
224 1108 360 1152 Baiter,
389 1108 558 1142 Wesenb.
586 1108 664 1142 sine
690 1108 801 1142 dubio
822 1108 933 1142 verba
953 1109 992 1143 id
1011 1113 1060 1143 est
1078 1110 1152 1143 III
1165 1109 1261 1143 Non.
1281 1108 1402 1153 Qaint.

72 1155 273 1189 referentes
300 1156 349 1189 ad
372 1167 402 1188 v.
430 1167 535 1199 quarn
560 1155 623 1189 hoc
647 1156 849 1190 scribebam.
865 1176 910 1180 —
925 1159 967 1188 16
990 1155 1128 1190 Cosano
1155 1155 1404 1189 ‘scribendum

75 1204 170 1244 erat,
202 1202 301 1245 quod
334 1202 424 1235 fecit
449 1201 677 1235 Schuetzius⁷
711 1202 821 1244 Boot,
846 1201 1020 1236 Huebner
1044 1202 1196 1246 Ephem.
1224 1202 1339 1246 epigr.
1372 1202 1405 1235 Π

72 1261 106 1293 p.
130 1251 172 1282 37
201 1249 338 1292 ‘potest
362 1249 526 1290 mutari’,
558 1249 712 1283 Coeiano
731 1249 779 1291 M,
807 1260 889 1282 eum
915 1259 1020 1283 cruce
1039 1248 1224 1291 Wesenb,
1253 1249 1405 1283 Cosiano

73 1295 183 1339 vulg„
208 1295 345 1338 Baiter,
370 1296 474 1337 Boot,
500 1295 651 1338 Tyrrell.
673 1316 718 1320 —
744 1299 787 1329 17
806 1307 916 1330 causa
937 1296 1019 1329 add.
1036 1296 1127 1329 coni.
1142 1295 1280 1338 Baiter,
1300 1295 1402 1339 prob.

73 1342 168 1376 Boot
187 1341 284 1385 (Obs.
306 1354 340 1386 p.
357 1345 426 1385 62),
453 1342 592 1376 Gurlitt
613 1342 720 1376 ‘BerL
736 1342 862 1386 philol.
880 1342 1154 1377 Wochenschr.'
1180 1346 1279 1376 1897,
1303 1346 1403 1384 1108,

73 1400 111 1423 re
134 1388 178 1422 H.
193 1389 234 1422 A.
250 1388 352 1422 Koch
376 1400 496 1433 progr.
518 1389 677 1422 Portens.
697 1392 786 1423 1868
812 1401 845 1433 p.
862 1393 916 1432 31,
943 1393 1008 1424 tua
1032 1389 1152 1423 eadem
1177 1389 1267 1433 (scil.
1283 1391 1404 1432 opera)

74 1436 218 1478 eaepedis
230 1435 383 1478 Tyrrell,
404 1440 467 1469 tna
481 1436 503 1480 γι
520 1435 701 1477 Wesenb.,
720 1436 823 1469 Boot.
839 1456 884 1460 —
902 1439 943 1469 19
959 1436 1045 1479 qaid
1059 1457 1104 1460 —
1118 1435 1340 1470 iucundius?
1366 1435 1404 1469 in

73 1481 331 1526 par.Wesenb.
365 1482 423 1515 Ad
441 1485 604 1525 p.16.14.
626 1502 671 1507 —
697 1485 740 1516 25
760 1482 962 1526 †Asinium
976 1482 1162 1525 Wesenb,
1184 1482 1404 1524 Favonium,

74 1529 246 1562 Asinium
270 1528 405 1562 Baiter.
432 1527 474 1562 V.
501 1529 603 1562 Boot.
638 1549 681 1554 —
715 1533 757 1562 26
783 1534 815 1563 et
838 1534 879 1563 ut
903 1540 1036 1563 mecum
1061 1533 1098 1564 et
1116 1530 1192 1573 †ut
1217 1528 1402 1570 Wesenb.,

77 1574 156 1608 sine
187 1585 291 1608 cruce
322 1574 464 1616 Baiter,
498 1575 608 1617 Boot,
639 1580 671 1610 et
700 1580 741 1610 ut
771 1587 904 1609 ¹mecum
933 1580 965 1610 et
995 1574 1217 1609 σπείσασθαι
1249 1575 1403 1619 Tyrrell,

76 1625 107 1656 et
130 1632 264 1656 mecum
288 1622 506 1655 σπείσασθαι
532 1623 608 1656 vult
632 1626 663 1656 et
686 1633 765 1656 cnm
791 1623 908 1656 Bruto
933 1626 965 1656 et
991 1622 1112 1657 Cassio
1136 1621 1275 1664 Lamb,
1301 1622 1403 1665 prob

75 1667 178 1702 Boot.
211 1688 256 1693 —
293 1671 336 1701 28
366 1669 510 1702 Tutiam
543 1679 570 1702 e.
596 1680 668 1712 mg.
689 1668 814 1702 Lamb.
836 1668 988 1712 Tyrrell.
1030 1668 1230 1702 ‘Utrumvis
1258 1668 1404 1712 eligas’,

76 1713 199 1757 inquit
222 1714 326 1757 Boot,
354 1715 524 1758 ‘persona
548 1714 690 1748 ineerta
714 1716 865 1749 manet.⁹
893 1736 936 1740 —
963 1719 1004 1749 31
1026 1716 1101 1760 †cle
1122 1715 1259 1757 Baiter,
1286 1716 1329 1749 de
1347 1725 1406 1749 ore

71 1762 176 1804 putri
201 1761 292 1796 coni.
318 1743 485 1804 Bchuetz,
513 1761 555 1794 ‘E
583 1762 685 1795 codd.
707 1762 891 1805 scriptura
915 1772 988 1796 non
1012 1761 1134 1795 minus
1161 1762 1239 1795 erui
1258 1763 1403 1805 posset:

78 1807 119 1841 de
138 1818 196 1842 ore
214 1808 339 1842 taetr'o
361 1808 471 1850 Boot,
491 1809 709 1851 etpaedore?
722 1829 767 1833 —
787 1813 830 1841 33
844 1820 896 1842 nie
909 1810 1037 1853 negavi
1045 1813 1176 1852 putare
1189 1807 1325 1849 Baiter,
1345 1819 1404 1842 ne-

75 1854 160 1897 gavi
172 1855 373 1898 pababulla
392 1854 439 1888 M.
472 1854 530 1888 Ad
548 1866 582 1898 p.
594 1858 710 1888 11.11.
727 1875 771 1880 -
792 1859 836 1888 34
856 1856 949 1899 †hoc
963 1854 1146 1896 Wesenb„
1166 1855 1223 1888 hic
1243 1852 1403 1896 Corrad,

76 1899 213 1942 Baiter,
238 1901 340 1944 prob.
367 1901 471 1943 Boot,
495 1902 559 1935 hoc
583 1905 633 1935 est
655 1912 750 1935 enim
775 1913 840 1935 scr.
867 1901 906 1935 in
931 1901 1099 1945 parenth.
1125 1883 1229 1942 Boot,
1250 1900 1403 1944 Tyrrell

77 1946 136 1979 Ad
159 1951 264 1990 p.16.
282 1951 333 1981 14.
360 1968 405 1972 —
431 1951 474 1981 35
498 1952 604 1981 τοῦτο
624 1948 762 1991 Baiter,
781 1947 966 1990 Wesenb„
985 1948 1100 1993 τούτῳ
1119 1947 1144 1980 I
1165 1947 1221 1980 Fr.
1238 1945 1404 1989 Gronov„

77 1992 187 2035 Boot,
217 1999 346 2028 τοῦτον
371 1993 522 2038 Tyr-rell
584 1996 595 2037 Π
654 1995 700 2029 Ρ.
721 1976 809 2029 4s'.t2
832 1999 850 2028 1
877 1976 1092 2029 allucinari
1116 1993 1170 2035 Μ,
1199 1994 1406 2027 halucinari

78 2039 220 2081 Baiter,
251 2040 280 2073 T
282 2040 404 2083 yrrell.
436 2062 481 2066 —
512 2045 531 2074 3
561 2041 768 2085 Obsiynata
793 2041 980 2083 Lambin.,
1005 2039 1176 2074 VVesenb.
1204 2060 1248 2064 —
1274 2043 1293 2073 5
1320 2040 1405 2074 haec

78 2085 248 2119 Wesenb.
286 2086 344 2119 Ad
367 2099 402 2130 p.
424 2091 476 2120 12.
492 2091 522 2121 6.
550 2108 595 2112 —
620 2091 639 2121 6
666 2088 865 2131 demissam,
889 2089 965 2122 sine
986 2087 1146 2130 phaleris
1172 2085 1273 2119 ‘This
1300 2085 1404 2120 looks

77 2131 154 2166 like
173 2142 195 2165 a
213 2134 298 2175 part
317 2133 357 2166 of
374 2143 395 2166 a
413 2134 528 2167 verse⁷
550 2133 702 2178 Tyrrell.
740 2136 751 2178 1}
788 2135 833 2169 Ρ.
849 2134 937 2168 493.
955 2137 997 2167 10
1018 2135 1055 2166 et
1073 2136 1150 2166 494.
1168 2136 1209 2165 17
1231 2133 1285 2167 clii
1300 2133 1402 2167 Boot.

78 2178 137 2212 Ad
160 2190 194 2222 p.
215 2182 363 2213 460.17.
389 2200 433 2204 -—-
460 2184 502 2213 12
535 2179 584 2214 ἔτ’
613 2180 740 2223 ἐῶμεν·
774 2180 965 2222 Wesenb,
991 2180 1100 2221 Boot,
1127 2179 1191 2212 sed
1215 2179 1277 2213 hic
1304 2179 1405 2213 ‘scri-

78 2223 241 2259 bendum
266 2227 390 2258 censet
415 2225 465 2259 ἔτι
484 2225 618 2269 ἐῶμεν,·
642 2226 700 2260 vel
726 2223 789 2260 εἶτ’
820 2226 980 2270 §apem-³,
1007 2223 1054 2259 ἔτ’
1085 2225 1224 2269 ἐῶμενὲ
1261 2225 1406 2269 Tyrrell

80 2280 135 2315 ep.
156 2275 233 2305 769.
262 2291 304 2296 —
332 2275 375 2305 14
399 2273 641 2307 inaudiebam
665 2272 846 2316 Lambin„
871 2273 1009 2314 Baiter,
1034 2272 1138 2315 Boot,
1159 2272 1312 2316 Tyrrell,
1337 2283 1405 2307 me-
