1665 2553
369 101 708 136 EPISTULARUM
733 101 798 135 AD
823 101 1037 136 ATTICUM
1061 101 1077 135 1
1103 105 1203 136 2—4.
1427 103 1453 143 5

124 201 189 239 est
225 197 346 238 illum
383 211 473 238 esse
504 197 643 237 minus
681 196 955 253 exorabilem,
992 211 1131 238 meum
1164 196 1349 237 studium
1379 211 1455 238 nec

123 256 202 298 sibi
231 269 301 297 nec
330 255 412 296 tibi
449 255 639 296 defuisse.
696 254 923 296 Tulliolam
955 254 997 297 O.
1024 255 1170 296 Pisoni
1194 254 1239 296 L.
1271 255 1297 296 f.
1324 254 1454 310 Frugi

124 313 433 368 despondimus.

752 464 823 507 IV.

87 555 104 582 5
491 545 564 580 Ser.
593 545 728 580 Romae
751 546 801 579 ἐπ.
829 557 861 580 α.
890 548 964 580 688
991 548 1082 589 (66).

544 626 710 661 CICERO
737 626 908 662 ATTICO
936 627 1032 662 SAL.

211 698 389 741 Crebras
416 700 749 753 exspectationes
774 699 897 740 nobis
923 700 987 740 tui
1013 714 1259 741 commoves.
1306 698 1453 754 Nuper

123 758 306 813 quidem,
345 773 439 799 cum
474 758 558 798 iam
596 760 637 798 te
675 758 896 798 adventare
928 758 1244 813 arbitraremur,
1281 762 1452 813 repente

122 817 197 858 abs
222 820 264 857 te
289 818 335 857 in
358 831 544 857 mensem
572 815 802 864 Quintilem
827 817 970 857 reiecti
1000 831 1154 858 sumus.
1205 816 1329 858 Nunc
1353 832 1452 859 vero

68 896 102 919 10
122 876 276 930 sentio,
314 875 426 929 quod
463 875 680 916 commodo
718 878 792 916 tuo
830 875 964 916 facere
1005 876 1183 931 poteris,
1220 876 1363 917 venias
1402 876 1454 917 ad

122 934 164 974 id
188 937 368 989 tempus,
400 933 511 987 quod
538 934 704 987 scribis3
737 934 892 974 obieris
920 932 1066 982 Quinti
1093 935 1237 975 fratris
1269 935 1451 990 comitia,

119 1007 197 1033 nos
221 992 349 1047 longo
376 991 599 1033 intervallo
625 992 785 1046 viseris,
810 991 1095 1033 Acutilianam
1122 994 1452 1034 controversiam
1492 1007 1499 1010 ’

119 1051 384 1105 transegeris.
446 1050 538 1091 Hoc
569 1065 635 1091 me
673 1050 801 1091 etiam
830 1050 1069 1092 Peducaeus
1107 1054 1155 1092 ut
1193 1051 1243 1092 ad
1280 1055 1321 1092 te
1355 1053 1451 1093 scri-

118 1109 261 1150 berem
304 1109 532 1150 admonuit.
598 1108 801 1150 Putamus
845 1109 957 1151 enim
998 1110 1102 1150 utile
1153 1125 1242 1151 esse
1288 1113 1329 1151 te
1380 1110 1452 1151 ali-

67 1185 101 1211 15
121 1167 286 1222 quando
325 1182 416 1208 eam
452 1182 541 1208 rem
577 1168 822 1222 transigere.
890 1167 985 1209 Mea
1022 1168 1266 1210 intercessio
1304 1172 1452 1222 parata

120 1229 162 1267 et
194 1228 257 1267 est
289 1229 330 1267 et
360 1226 452 1266 fuit.
502 1225 594 1266 Nos
625 1226 693 1267 hic
723 1226 959 1267 incredibili
990 1241 1037 1267 ae
1068 1227 1273 1281 singulari
1304 1227 1451 1281 populi

119 1284 339 1326 voluntate
379 1284 428 1325 de
467 1282 509 1325 C.
545 1284 686 1326 Macro
724 1286 1018 1340 transegimus.
1081 1284 1160 1326 Cui
1197 1300 1291 1327 cum
1330 1286 1452 1340 aequi

119 1343 364 1398 fuissemus,
406 1346 548 1384 tamen
584 1343 720 1384 multo
757 1344 960 1385 maiorem
996 1344 1179 1385 fructum
1217 1359 1267 1385 ex
1305 1345 1452 1399 populi

121 1401 431 1442 existimatione
474 1402 547 1442 illo
589 1401 785 1443 damnato
823 1403 1008 1456 cepimus
1054 1418 1179 1457 quam
1219 1418 1268 1444 ex
1305 1404 1453 1458 ipsius,

69 1478 102 1503 20
123 1460 159 1500 si
190 1460 410 1500 absolutus
442 1463 564 1514 esset,
595 1461 734 1514 gratia
764 1462 1030 1515 cepissemus

209 1517 328 1567 Quod
359 1518 410 1558 ad
440 1533 506 1559 me
535 1518 584 1558 de
609 1518 895 1561 Hermathena
927 1520 1088 1575 scribis,
1119 1534 1192 1573 per
1222 1520 1328 1561 mihi
1359 1534 1450 1575 gra-

120 1579 212 1618 tum
244 1579 317 1617 est.
367 1576 447 1617 Est
480 1580 772 1618 ornamentum
796 1577 1044 1619 Academiae
1074 1579 1294 1632 proprium
1324 1593 1453 1634 meae,

121 1635 234 1689 quod
265 1638 306 1675 et
334 1634 511 1676 Hermes
543 1650 761 1677 commune
794 1637 981 1677 omnium
1015 1639 1055 1677 et
1089 1637 1279 1678 Minerva
1312 1637 1452 1691 singu-

121 1694 208 1734 lare
239 1696 302 1734 est
332 1694 497 1748 insigne
529 1694 616 1734 eius
649 1695 868 1749 gymnasii.
931 1694 1066 1743 Quare
1096 1695 1235 1750 velim,
1276 1698 1323 1736 ut
1356 1695 1452 1735 scri—

70 1769 102 1795 25
122 1752 206 1807 bis,
243 1752 391 1793 ceteris
431 1766 597 1806 quoque
634 1753 759 1793 rebus
799 1768 924 1806 quam
960 1753 1154 1807 plurimis
1188 1769 1282 1794 eum
1312 1753 1452 1793 locum

123 1824 255 1851 ornes.
329 1809 442 1859 Quae
484 1810 589 1851 mihi
633 1813 754 1852 antea
799 1812 920 1866 signa
962 1811 1136 1867 misisti,
1179 1826 1226 1852 ea
1265 1811 1452 1852 nondum

121 1869 224 1923 vidi3
262 1869 307 1909 in
336 1868 560 1910 Formiano
595 1872 705 1924 sunt,
738 1884 819 1923 quo
853 1884 930 1924 ego
962 1884 1073 1910 nunc
1103 1870 1312 1924 proficisci
1343 1870 1453 1924 cogi-

122 1927 275 1968 tabam.
324 1926 403 1968 Illa
429 1928 569 1968 omnia
594 1927 639 1968 in
664 1927 949 1969 Tusculanum
969 1928 1211 1982 deportabo.
1253 1926 1452 1983 Caietam,

125 1985 160 2025 si
208 1986 371 2039 quando
422 1985 631 2026 abundare
681 2000 873 2043 coepero,
922 1987 1091 2028 ornabo.
1159 1985 1310 2027 Libros
1354 1989 1451 2028 tuos

70 2060 104 2085 30
123 2056 321 2084 conserva
358 2046 399 2084 et
435 2044 524 2085 noli
561 2044 778 2098 desperare
810 2060 880 2086 eos
913 2059 975 2087 me
1005 2059 1120 2086 meos
1152 2044 1286 2086 faeere
1316 2059 1450 2098 posse.

124 2100 243 2149 Quod
275 2102 311 2142 si
342 2102 565 2158 adsequor,
602 2117 754 2157 supero
788 2102 987 2145 Crassum
1019 2103 1178 2144 divitiis
1211 2105 1336 2158 atque
1370 2118 1454 2145 om-

122 2159 240 2200 nium
271 2160 384 2201 vicos
416 2163 457 2202 et
488 2163 609 2215 prata
641 2164 874 2204 contemno.

1478 1240 1496 1270 [θ
