1689 2572
179 96 230 130 IV
600 95 879 130 ADNOTATIO
907 93 1094 129 CRITICA

181 186 618 231 sammenhangende
650 186 993 221 unverfalsehte
1019 187 1131 221 Text
1156 186 1228 221 die
1254 186 1514 231 Grundlage

182 235 260 269 der
296 233 710 279 Textgestaltung’.
762 233 831 274 Qui
864 244 975 276 quam
1012 233 1161 277 iniquus
1195 234 1245 268 sit
1268 233 1395 276 iudeX,
1427 233 1514 267 inde

181 281 275 315 mihi
295 281 352 315 vel
370 281 529 314 maxime
548 280 692 314 videtur
712 291 901 324 apparere,
929 280 1027 323 quod
1047 280 1243 324 permulta,
1265 291 1359 324 quae
1379 280 1515 314 omissa

184 328 231 362 ab
252 328 290 361 M
309 327 550 372 suppeditant
575 326 640 360 alii
667 327 820 369 codices,
849 327 936 360 dum
960 327 1069 360 modo
1095 327 1171 361 ullo
1196 327 1305 361 modo
1333 327 1448 361 careri
1467 326 1513 360 iis

181 385 291 419 posse
316 377 433 419 putet,
468 376 659 416 tamquam
685 374 744 407 ‘ex
769 373 1071 417 interpolatione'
1101 374 1231 407 addita
1255 373 1384 408 reiecit
1408 375 1516 407 tanta

185 421 418 463 confidentia,
446 420 552 464 quasi
577 420 679 453 nulla
707 420 892 453 dubitatio
914 430 992 453 esse
1012 420 1141 464 possit,
1168 420 1333 464 quamvis
1352 422 1514 465 praeter-

184 468 370 502 missionis
399 478 509 501 eausa
535 467 583 500 sit
608 467 755 500 evidens
783 469 820 500 et
844 467 994 509 usitata.

281 514 351 548 Sed
378 514 422 548 de
448 516 528 547 tota
552 513 622 547 hac
649 524 770 556 causa,
796 515 838 547 ut
863 513 950 555 dixi,
976 515 1057 546 tum
1085 513 1231 546 demum
1248 513 1360 558 paulo
1381 513 1515 547 certius

184 561 344 595 iudicari
374 561 527 604 poterit,
560 571 642 593 cum
672 560 803 604 plenus
831 562 1030 604 apparatus
1057 559 1204 593 criticus
1229 562 1420 604 promptus
1447 560 1518 594 erit.

186 610 435 652 (quamquam,
468 609 510 640 ut
536 606 667 649 dicam,
694 607 791 650 quod
819 607 948 647 sentio,
974 607 1095 650 ipsam
1121 607 1416 640 emendationem
1441 617 1516 640 cor-

185 656 378 698 ruptorum
409 653 573 687 locorum
602 653 788 691 modicum
813 653 899 687 inde
924 653 1085 687 fructum
1112 655 1302 697 capturam
1327 654 1517 698 auguror);

186 701 336 734 interim
373 711 440 745 ego
477 700 569 733 mihi
607 700 794 743 quandam
831 700 1043 734 libertatem
1080 699 1243 745 eligendi
1275 699 1414 744 sumpsi
1445 711 1518 734 non

187 747 296 781 nimis
323 747 502 781 sollicitus
530 747 575 780 de
599 746 701 780 fonte
726 747 916 781 bonorum.

282 793 374 827 Sunt
405 796 529 827 autem
564 793 724 836 codices,
761 793 824 837 qui
849 793 947 827 infra
973 794 1319 836 commemorantur,
1352 794 1418 826 aut
1443 792 1518 826 edi-

189 841 308 874 tiones
334 840 390 874 hi:

282 887 319 920 Μ
339 905 383 915 =
404 886 631 920 Mediceus
658 886 771 919 XLIX
792 889 846 928 18,
873 886 897 919 Z
919 904 962 915 =
983 885 1295 920 Tornesianus
1322 887 1402 929 (aut
1421 885 1519 919 Tor-

189 944 304 968 naes.
344 935 407 967 aut
438 933 649 974 Turnes.),
687 933 725 966 Zl
755 933 943 975 Lambini,
975 932 1020 965 Zb
1045 932 1131 966 Bosi
1161 932 1364 974 testimon,
1402 931 1451 964 W
1476 949 1520 960 =

189 981 280 1014 folia
316 980 451 1014 codicis
484 979 892 1023 wurceburgensis
924 978 1126 1021 (Lehmann
1151 978 1226 1012 Att.
1248 990 1282 1022 p.
1303 982 1335 1021 3,
1356 981 1388 1019 5,
1415 977 1454 1011 O.
1476 978 1515 1011 E.

190 1027 357 1061 Schmidt
388 1026 519 1060 Philol.
554 1030 641 1060 1896
673 1038 707 1070 p.
735 1028 833 1069 696),
865 1026 949 1059 Ant.
983 1043 1027 1054 =
1064 1024 1350 1059 Antonianus
1382 1023 1520 1058 Malae-

184 1074 335 1118 spinae,
371 1084 389 1107 c
421 1091 464 1101 =
497 1071 741 1106 Cratandri
781 1072 941 1114 editio,
981 1071 1006 1105 C
1039 1089 1082 1100 =
1107 1082 1257 1116 margo
1297 1071 1520 1105 editionis

192 1119 439 1162 Cratandr,
470 1118 499 1151 E
527 1136 570 1147 =
597 1119 876 1152 Ambrosian.
898 1118 926 1151 E
949 1122 992 1152 14
1016 1118 1093 1160 inf,
1118 1118 1147 1151 F
1173 1135 1216 1146 =
1243 1117 1419 1160 Faerni,
1448 1128 1520 1160 quo

190 1166 400 1210 Malaspina
430 1177 518 1198 usus
551 1167 623 1207 est,
660 1164 695 1198 H
732 1183 775 1193 =
806 1164 1065 1198 Landianus
1097 1164 1136 1198 in
1166 1164 1257 1198 bibl.
1291 1164 1520 1207 Placentina,

191 1213 204 1246 l
237 1231 280 1241 =
314 1211 523 1246 Lambini
555 1212 609 1246 ed.
637 1211 668 1255 Ι,
705 1211 733 1244 L
760 1214 870 1255 (mg-o)
897 1229 940 1240 =
965 1211 1172 1244 Lambini
1213 1221 1368 1255 margo
1401 1210 1457 1244 ed.
1477 1211 1520 1253 Π,

191 1259 283 1292 N:
303 1258 592 1292 Laurentian.
614 1269 657 1292 ex
677 1258 831 1291 abbatia
850 1258 1008 1292 Florent.
1030 1269 1064 1291 n.
1079 1262 1135 1300 49,
1157 1257 1185 1291 O
1201 1257 1519 1291 =Taurinens.

191 1306 222 1340 J.
243 1306 285 1340 V.
307 1310 368 1344 34,
399 1305 427 1338 Ρ
448 1323 491 1333 =
518 1304 707 1339 Parisin.
729 1308 836 1348 8536,
867 1305 900 1338 R
921 1322 963 1333 =
982 1304 1063 1339 Par.
1085 1308 1192 1345 8538,
1226 1316 1241 1338 s
1262 1321 1305 1332 =
1326 1303 1519 1337 Urbinas

192 1352 404 1386 biblioth.
425 1351 544 1385 Vatic.
565 1364 598 1385 n.
621 1355 698 1394 322,
724 1363 754 1385 v.
778 1363 805 1386 c.
827 1369 871 1380 =
890 1353 1017 1385 vetus
1045 1351 1133 1384 cod.
1162 1350 1237 1395 (Z‘e)
1263 1350 1302 1384 in
1328 1361 1441 1395 marg.
1464 1350 1519 1384 ed.

193 1399 318 1432 Lamb.
346 1399 394 1441 Π,
427 1402 459 1432 Δ
485 1415 528 1426 =
555 1408 801 1431 consensus
844 1398 1047 1432 codicum
1078 1397 1115 1430 M
1148 1399 1185 1431 et
1217 1409 1250 1441 s,
1291 1399 1391 1431 Σ--
1418 1408 1521 1431 oon-

194 1456 348 1479 sensus
383 1444 584 1478 codicum
608 1444 770 1478 ENHOP
796 1446 860 1478 aut
884 1443 981 1478 EOR
1006 1446 1071 1478 aut
1096 1443 1198 1478 ORP.

286 1491 582 1535 Discrepantiam
618 1491 823 1525 editionum
859 1491 905 1524 ab
943 1491 1013 1524 hac
1049 1491 1146 1524 infra
1176 1490 1302 1524 notavi
1332 1489 1521 1531 Baiteri,

194 1537 508 1582 Wesenbergi,
534 1537 664 1571 Booti
691 1537 843 1571 alterius
863 1537 1065 1571 Amstelod.
1089 1540 1188 1579 1886,
1209 1536 1409 1580 Tyrrelli
1431 1535 1522 1569 ‘The

196 1584 505 1629 correspondence
531 1584 571 1618 of
592 1584 639 1618 M.
662 1584 755 1618 Tull.
778 1583 848 1618 Cic.
872 1584 1056 1628 arranged
1077 1583 1274 1627 according
1292 1585 1329 1616 to
1350 1583 1398 1616 its
1419 1582 1522 1616 chro-

194 1631 380 1676 nological
412 1631 533 1672 order3
565 1630 657 1664 whit
692 1641 713 1664 a
744 1631 902 1664 revision
928 1630 967 1664 of
989 1631 1052 1664 the
1079 1632 1174 1672 text,
1213 1640 1234 1663 a
1261 1631 1522 1672 commentary,

196 1678 270 1712 and
300 1678 554 1721 introductory
589 1687 713 1721 essays
745 1699 789 1702 —
819 1677 869 1721 by
899 1677 991 1711 Rob.
1015 1677 1212 1710 Yelverton
1237 1675 1380 1720 Tyrrell
1405 1675 1474 1709 vol.
1495 1676 1522 1718 Ι,

195 1725 330 1759 second
355 1724 506 1767 edition,
531 1723 839 1757 Dublin-London
861 1728 961 1769 1885,
986 1723 1054 1757 vol.
1076 1724 1110 1757 Π
1137 1726 1237 1764 1886,
1263 1722 1332 1756 vol.
1355 1722 1406 1755 III
1432 1725 1523 1756 1890

195 1771 245 1815 by
269 1772 310 1805 R.
331 1771 373 1805 Y.
396 1770 537 1814 Tyr-rell
564 1770 637 1803 and
662 1770 771 1804 Louis
793 1769 931 1804 Claude
950 1770 1093 1812 Purser,
1113 1769 1181 1803 vol.
1202 1769 1252 1802 IV
1274 1772 1374 1811 1894,
1400 1768 1469 1803 vol.
1491 1768 1525 1801 V·

198 1819 316 1862 1897',
337 1828 447 1860 quam
479 1817 679 1850 editionem
705 1828 849 1851 omnem
872 1817 1066 1850 brevitatis
1093 1827 1204 1850 eausa
1229 1815 1338 1849 unius
1364 1815 1524 1859 Tyri-elii

196 1865 343 1898 nomine
369 1863 523 1908 signavi,
549 1863 796 1897 Lehmanni
822 1865 859 1897 et
883 1862 1136 1897 Andreseni
1161 1873 1215 1906 ep.
1238 1862 1300 1897 sel.

290 1957 334 1990 P.
356 1956 393 1990 1.
415 1960 456 1990 11
484 1957 651 2000 opinio’st
675 1967 705 1989 v.
723 1967 750 1990 c.
772 1955 811 1989 in
829 1966 944 1999 marg.
966 1954 1131 1988 Lambin.
1154 1954 1357 1998 (Lehmann
1384 1953 1429 1987 de
1450 1952 1521 1988 Cic.

199 2003 246 2036 ad
270 2002 346 2036 Att.
369 2013 422 2046 ep.
444 2015 477 2047 p.
502 2006 593 2047 117),
621 2003 743 2046 opinio
767 2013 802 2036 se
832 2002 869 2035 M
884 2001 1140 2045 ‹1‘a1·chetypon
1171 2001 1347 2034 habuisse
1379 2000 1525 2034 videtur

197 2049 366 2093 opiniost’
382 2049 532 2093 Baiter),
553 2050 675 2093 opinio
698 2050 731 2083 si
749 2049 835 2082 Rav.
864 2048 905 2082 V.
920 2060 954 2092 p.
972 2051 1000 2081 8.
1019 2052 1072 2090 17,
1094 2051 1212 2090 9524,
1234 2051 1310 2081 118.
1328 2051 1382 2090 18,
1405 2051 1523 2090 147.5,

200 2099 277 2129 192,
292 2099 323 2138 2,
346 2099 421 2128 199.
439 2099 470 2138 5,
492 2100 570 2139 205,
591 2100 635 2129 34
649 2096 779 2139 (factas
798 2095 878 2139 RF),
900 2099 977 2129 328.
994 2098 1048 2137 22,
1069 2098 1146 2127 394.
1165 2098 1219 2135 28,
1239 2097 1317 2128 409.
1334 2098 1365 2136 2,
1385 2097 1463 2128 416.
1481 2098 1524 2127 16

199 2142 380 2179 (addenda
405 2146 488 2176 sunt
512 2142 574 2185 M),
606 2146 683 2176 419.
707 2146 737 2184 1,
763 2145 840 2175 487.
864 2145 918 2183 18,
945 2141 1043 2174 Fam.
1064 2152 1098 2184 p.
1120 2144 1150 2174 8.
1173 2144 1226 2174 20.
1253 2162 1298 2165 —
1326 2144 1367 2174 16
1394 2141 1524 2186 eogita-

199 2189 335 2222 bamus
364 2187 555 2229 Wesenb.,
593 2188 702 2231 B00t3
741 2187 847 2231 Seyfl.
874 2187 972 2221 Lael.
992 2199 1026 2231 p.
1050 2191 1132 2230 221,
1172 2187 1215 2220 cf.
1238 2187 1285 2220 ad
1309 2199 1342 2231 p.
1364 2191 1395 2221 4.
1417 2191 1448 2221 4.
1480 2207 1524 2211 -—

200 2238 244 2267 20
281 2235 504 2269 videbantur
534 2235 636 2269 Boot.
675 2256 720 2260 —-
758 2238 800 2268 23
833 2234 1036 2278 Aquillium
1067 2232 1124 2267 Or.
1154 2235 1243 2277 tao,
1281 2233 1452 2267 Wesenb.
1479 2252 1524 2257 —

198 2280 250 2314 Ib.
279 2281 510 2315 arbitramur
535 2283 620 2315 vett.
643 2281 737 2324 edd,
763 2280 899 2323 Baiter,
926 2279 1078 2324 Tyri-ell.
1101 2290 1155 2324 ep.
1178 2284 1232 2314 10.
1254 2301 1297 2306 —
1324 2280 1376 2314 Tb.
1403 2283 1441 2314 et
1464 2289 1523 2312 ne-
