<?xml version="1.0" encoding="UTF-8"?>
<!DOCTYPE html PUBLIC "-//W3C//DTD XHTML 1.0 Transitional//EN"
    "http://www.w3.org/TR/xhtml1/DTD/xhtml1-transitional.dtd">
<html xmlns="http://www.w3.org/1999/xhtml" xml:lang="en" lang="en">
 <head>
  <title>
</title>
<meta http-equiv="Content-Type" content="text/html;charset=utf-8" />
  <meta name='ocr-system' content='tesseract 3.04.00' />
  <meta name='ocr-capabilities' content='ocr_page ocr_carea ocr_par ocr_line ocrx_word'/>
</head>
<body>
  <div class='ocr_page' id='page_1' title='image "./p2scriptaquaemanse03ciceuoft_0336.png"; bbox 0 0 1665 2553; ppageno 0'>
   <div class='ocr_carea' id='block_1_1' title="bbox 242 89 1156 131">
    <p class='ocr_par' dir='ltr' id='par_1_1' title="bbox 242 89 1156 131">
     <span class='ocr_line' id='line_1_1' title="bbox 242 89 1156 131; baseline -0.005 -1"><span class='ocrx_word' id='word_1_1' title='bbox 242 90 327 131; x_wconf 77' lang='lat'>154</span> <span class='ocrx_word' id='word_1_2' title='bbox 664 91 713 124; x_wconf 84' lang='lat' dir='ltr'>M.</span> <span class='ocrx_word' id='word_1_3' title='bbox 740 90 769 124; x_wconf 87' lang='lat' dir='ltr'>T</span> <span class='ocrx_word' id='word_1_4' title='bbox 774 90 881 125; x_wconf 89' lang='lat' dir='ltr'>ULLI</span> <span class='ocrx_word' id='word_1_5' title='bbox 907 89 1156 126; x_wconf 83' lang='lat' dir='ltr'>CICERONIS</span> 
     </span>
    </p>
   </div>
   <div class='ocr_carea' id='block_1_2' title="bbox 235 184 1630 2344">
    <p class='ocr_par' dir='ltr' id='par_1_2' title="bbox 235 184 1630 2344">
     <span class='ocr_line' id='line_1_2' title="bbox 235 184 1581 242; baseline 0.001 -16"><span class='ocrx_word' id='word_1_6' title='bbox 235 185 319 226; x_wconf 93' lang='lat' dir='ltr'>hoc</span> <span class='ocrx_word' id='word_1_7' title='bbox 348 199 508 226; x_wconf 87' lang='lat' dir='ltr'>novum</span> <span class='ocrx_word' id='word_1_8' title='bbox 540 185 588 226; x_wconf 91' lang='lat' dir='ltr'>de</span> <span class='ocrx_word' id='word_1_9' title='bbox 621 184 836 239; x_wconf 83' lang='lat' dir='ltr'>Cibyratis</span> <span class='ocrx_word' id='word_1_10' title='bbox 873 186 1103 240; x_wconf 83' lang='lat' dir='ltr'>pantheris.</span> <span class='ocrx_word' id='word_1_11' title='bbox 1164 185 1352 227; x_wconf 89' lang='lat' dir='ltr'>Multum</span> <span class='ocrx_word' id='word_1_12' title='bbox 1390 188 1434 227; x_wconf 90' lang='lat' dir='ltr'>te</span> <span class='ocrx_word' id='word_1_13' title='bbox 1472 201 1581 242; x_wconf 89' lang='lat' dir='ltr'>amo,</span> 
     </span>
     <span class='ocr_line' id='line_1_3' title="bbox 237 243 1580 299; baseline 0.001 -15"><span class='ocrx_word' id='word_1_14' title='bbox 237 244 353 298; x_wconf 89' lang='lat' dir='ltr'>quod</span> <span class='ocrx_word' id='word_1_15' title='bbox 382 244 641 297; x_wconf 73' lang='lat' dir='ltr'>respondisti</span> <span class='ocrx_word' id='word_1_16' title='bbox 666 244 722 286; x_wconf 84' lang='lat' dir='ltr'>M.</span> <span class='ocrx_word' id='word_1_17' title='bbox 750 243 925 285; x_wconf 87' lang='lat' dir='ltr'>Octavio</span> <span class='ocrx_word' id='word_1_18' title='bbox 957 247 1000 285; x_wconf 90' lang='lat' dir='ltr'>te</span> <span class='ocrx_word' id='word_1_19' title='bbox 1029 258 1117 286; x_wconf 88' lang='lat' dir='ltr'>non</span> <span class='ocrx_word' id='word_1_20' title='bbox 1147 247 1307 298; x_wconf 87' lang='lat' dir='ltr'>putare.</span> <span class='ocrx_word' id='word_1_21' title='bbox 1358 243 1440 286; x_wconf 81' lang='lat' dir='ltr'>Sed</span> <span class='ocrx_word' id='word_1_22' title='bbox 1465 248 1580 299; x_wconf 90' lang='lat' dir='ltr'>post-</span> 
     </span>
     <span class='ocr_line' id='line_1_4' title="bbox 236 302 1577 358; baseline 0.001 -15"><span class='ocrx_word' id='word_1_23' title='bbox 236 302 317 343; x_wconf 87' lang='lat' dir='ltr'>hac</span> <span class='ocrx_word' id='word_1_24' title='bbox 349 303 506 357; x_wconf 88' lang='lat' dir='ltr'>omnia,</span> <span class='ocrx_word' id='word_1_25' title='bbox 549 317 654 357; x_wconf 89' lang='lat' dir='ltr'>quae</span> <span class='ocrx_word' id='word_1_26' title='bbox 685 306 800 343; x_wconf 88' lang='lat' dir='ltr'>recta</span> <span class='ocrx_word' id='word_1_27' title='bbox 830 317 918 343; x_wconf 89' lang='lat' dir='ltr'>non</span> <span class='ocrx_word' id='word_1_28' title='bbox 957 305 1097 358; x_wconf 86' lang='lat' dir='ltr'>erunt,</span> <span class='ocrx_word' id='word_1_29' title='bbox 1140 318 1216 357; x_wconf 91' lang='lat' dir='ltr'>pro</span> <span class='ocrx_word' id='word_1_30' title='bbox 1260 305 1373 344; x_wconf 89' lang='lat' dir='ltr'>certo</span> <span class='ocrx_word' id='word_1_31' title='bbox 1410 306 1577 358; x_wconf 87' lang='lat' dir='ltr'>negato.</span> 
     </span>
     <span class='ocr_line' id='line_1_5' title="bbox 237 360 1577 414; baseline 0.001 -12"><span class='ocrx_word' id='word_1_32' title='bbox 237 360 330 402; x_wconf 89' lang='lat' dir='ltr'>Nos</span> <span class='ocrx_word' id='word_1_33' title='bbox 364 361 475 402; x_wconf 84' lang='lat' dir='ltr'>enim</span> <span class='ocrx_word' id='word_1_34' title='bbox 508 364 549 402; x_wconf 90' lang='lat' dir='ltr'>et</span> <span class='ocrx_word' id='word_1_35' title='bbox 587 363 735 402; x_wconf 86' lang='lat' dir='ltr'>nostra</span> <span class='ocrx_word' id='word_1_36' title='bbox 778 364 929 414; x_wconf 90' lang='lat' dir='ltr'>sponte</span> <span class='ocrx_word' id='word_1_37' title='bbox 969 361 1075 402; x_wconf 92' lang='lat' dir='ltr'>bene</span> <span class='ocrx_word' id='word_1_38' title='bbox 1111 362 1224 402; x_wconf 84' lang='lat' dir='ltr'>firmi</span> <span class='ocrx_word' id='word_1_39' title='bbox 1263 364 1303 402; x_wconf 92' lang='lat' dir='ltr'>et</span> <span class='ocrx_word' id='word_1_40' title='bbox 1340 361 1577 403; x_wconf 81' lang='lat' dir='ltr'>mehercule</span> 
     </span>
     <span class='ocr_line' id='line_1_6' title="bbox 237 419 1630 475; baseline 0.001 -15"><span class='ocrx_word' id='word_1_41' title='bbox 237 420 494 461; x_wconf 85' lang='lat' dir='ltr'>auctoritate</span> <span class='ocrx_word' id='word_1_42' title='bbox 525 422 599 460; x_wconf 88' lang='lat' dir='ltr'>tua</span> <span class='ocrx_word' id='word_1_43' title='bbox 629 419 881 460; x_wconf 84' lang='lat' dir='ltr'>inflammati</span> <span class='ocrx_word' id='word_1_44' title='bbox 907 420 1084 460; x_wconf 83' lang='lat' dir='ltr'>vicimus</span> <span class='ocrx_word' id='word_1_45' title='bbox 1118 434 1261 461; x_wconf 90' lang='lat' dir='ltr'>omnes</span> <span class='ocrx_word' id='word_1_46' title='bbox 1296 419 1406 475; x_wconf 76' lang='lat' dir='ltr'>(hoc</span> <span class='ocrx_word' id='word_1_47' title='bbox 1437 424 1485 461; x_wconf 90' lang='lat' dir='ltr'>tu</span> <span class='ocrx_word' id='word_1_48' title='bbox 1515 421 1578 461; x_wconf 87' lang='lat' dir='ltr'>ita</span> <span class='ocrx_word' id='word_1_49' title='bbox 1613 438 1630 464; x_wconf 87' lang='lat'><strong>5</strong></span> 
     </span>
     <span class='ocr_line' id='line_1_7' title="bbox 237 477 1577 535; baseline 0.001 -17"><span class='ocrx_word' id='word_1_50' title='bbox 237 477 450 535; x_wconf 79' lang='lat' dir='ltr'>reperies)</span> <span class='ocrx_word' id='word_1_51' title='bbox 483 492 577 518; x_wconf 89' lang='lat' dir='ltr'>cum</span> <span class='ocrx_word' id='word_1_52' title='bbox 609 478 868 519; x_wconf 89' lang='lat' dir='ltr'>abstinentia</span> <span class='ocrx_word' id='word_1_53' title='bbox 900 480 993 519; x_wconf 88' lang='lat' dir='ltr'>tum</span> <span class='ocrx_word' id='word_1_54' title='bbox 1023 479 1207 534; x_wconf 88' lang='lat' dir='ltr'>iustitia,</span> <span class='ocrx_word' id='word_1_55' title='bbox 1243 479 1468 533; x_wconf 83' lang='lat' dir='ltr'>facilitate,</span> <span class='ocrx_word' id='word_1_56' title='bbox 1500 479 1577 520; x_wconf 88' lang='lat' dir='ltr'>cle-</span> 
     </span>
     <span class='ocr_line' id='line_1_8' title="bbox 237 535 1578 592; baseline 0.001 -15"><span class='ocrx_word' id='word_1_57' title='bbox 237 537 408 578; x_wconf 87' lang='lat' dir='ltr'>mentia.</span> <span class='ocrx_word' id='word_1_58' title='bbox 459 535 568 577; x_wconf 83' lang='lat' dir='ltr'>Cave</span> <span class='ocrx_word' id='word_1_59' title='bbox 594 539 717 590; x_wconf 89' lang='lat' dir='ltr'>putes</span> <span class='ocrx_word' id='word_1_60' title='bbox 744 537 970 591; x_wconf 88' lang='lat' dir='ltr'>quicquam</span> <span class='ocrx_word' id='word_1_61' title='bbox 993 536 1186 578; x_wconf 90' lang='lat' dir='ltr'>homines</span> <span class='ocrx_word' id='word_1_62' title='bbox 1212 537 1350 592; x_wconf 88' lang='lat' dir='ltr'>magis</span> <span class='ocrx_word' id='word_1_63' title='bbox 1375 552 1578 591; x_wconf 87' lang='lat' dir='ltr'>umquam</span> 
     </span>
     <span class='ocr_line' id='line_1_9' title="bbox 237 595 1577 649; baseline 0.001 -13"><span class='ocrx_word' id='word_1_64' title='bbox 237 609 329 636; x_wconf 90' lang='lat' dir='ltr'>esse</span> <span class='ocrx_word' id='word_1_65' title='bbox 370 595 546 636; x_wconf 91' lang='lat' dir='ltr'>miratos</span> <span class='ocrx_word' id='word_1_66' title='bbox 580 609 707 649; x_wconf 89' lang='lat' dir='ltr'>quam</span> <span class='ocrx_word' id='word_1_67' title='bbox 746 595 912 636; x_wconf 78' lang='lat' dir='ltr'>nullum</span> <span class='ocrx_word' id='word_1_68' title='bbox 951 596 1211 637; x_wconf 75' lang='lat' dir='ltr'>terruncium</span> <span class='ocrx_word' id='word_1_69' title='bbox 1250 610 1316 636; x_wconf 92' lang='lat' dir='ltr'>me</span> <span class='ocrx_word' id='word_1_70' title='bbox 1358 595 1577 637; x_wconf 72' lang='lat' dir='ltr'>obtinente</span> 
     </span>
     <span class='ocr_line' id='line_1_10' title="bbox 237 654 1578 708; baseline 0.001 -14"><span class='ocrx_word' id='word_1_71' title='bbox 237 654 500 708; x_wconf 84' lang='lat' dir='ltr'>provinciam</span> <span class='ocrx_word' id='word_1_72' title='bbox 531 656 727 707; x_wconf 88' lang='lat' dir='ltr'>sumptus</span> <span class='ocrx_word' id='word_1_73' title='bbox 758 654 918 695; x_wconf 82' lang='lat' dir='ltr'>factum</span> <span class='ocrx_word' id='word_1_74' title='bbox 947 668 1037 695; x_wconf 90' lang='lat' dir='ltr'>esse</span> <span class='ocrx_word' id='word_1_75' title='bbox 1066 669 1144 695; x_wconf 85' lang='lat' dir='ltr'>nec</span> <span class='ocrx_word' id='word_1_76' title='bbox 1174 654 1219 695; x_wconf 90' lang='lat' dir='ltr'>in</span> <span class='ocrx_word' id='word_1_77' title='bbox 1249 669 1338 695; x_wconf 89' lang='lat' dir='ltr'>rem</span> <span class='ocrx_word' id='word_1_78' title='bbox 1363 654 1578 708; x_wconf 82' lang='lat' dir='ltr'>publicam</span> 
     </span>
     <span class='ocr_line' id='line_1_11' title="bbox 236 712 1629 767; baseline 0.001 -14"><span class='ocrx_word' id='word_1_79' title='bbox 236 726 313 753; x_wconf 88' lang='lat' dir='ltr'>nec</span> <span class='ocrx_word' id='word_1_80' title='bbox 344 712 391 753; x_wconf 92' lang='lat' dir='ltr'>in</span> <span class='ocrx_word' id='word_1_81' title='bbox 422 727 677 766; x_wconf 83' lang='lat' dir='ltr'>quemquam</span> <span class='ocrx_word' id='word_1_82' title='bbox 708 727 898 753; x_wconf 87' lang='lat' dir='ltr'>meorum</span> <span class='ocrx_word' id='word_1_83' title='bbox 923 715 1221 767; x_wconf 75' lang='lat' dir='ltr'>praeterquam</span> <span class='ocrx_word' id='word_1_84' title='bbox 1246 713 1292 754; x_wconf 87' lang='lat' dir='ltr'>in</span> <span class='ocrx_word' id='word_1_85' title='bbox 1315 712 1360 753; x_wconf 91' lang='lat' dir='ltr'>L.</span> <span class='ocrx_word' id='word_1_86' title='bbox 1387 713 1576 754; x_wconf 83' lang='lat' dir='ltr'>Tullium</span> <span class='ocrx_word' id='word_1_87' title='bbox 1595 731 1629 756; x_wconf 86' lang='lat'>10</span> 
     </span>
     <span class='ocr_line' id='line_1_12' title="bbox 236 770 1576 827; baseline 0.001 -16"><span class='ocrx_word' id='word_1_88' title='bbox 236 771 436 825; x_wconf 84' lang='lat' dir='ltr'>legatum.</span> <span class='ocrx_word' id='word_1_89' title='bbox 487 770 529 811; x_wconf 85' lang='lat' dir='ltr'>Is</span> <span class='ocrx_word' id='word_1_90' title='bbox 557 771 773 825; x_wconf 70' lang='lat' dir='ltr'>ceteroqui</span> <span class='ocrx_word' id='word_1_91' title='bbox 799 771 1028 825; x_wconf 90' lang='lat' dir='ltr'>abstinens,</span> <span class='ocrx_word' id='word_1_92' title='bbox 1061 771 1134 812; x_wconf 88' lang='lat' dir='ltr'>sed</span> <span class='ocrx_word' id='word_1_93' title='bbox 1157 771 1266 812; x_wconf 83' lang='lat' dir='ltr'>Iulia</span> <span class='ocrx_word' id='word_1_94' title='bbox 1290 771 1383 827; x_wconf 92' lang='lat' dir='ltr'>lege</span> <span class='ocrx_word' id='word_1_95' title='bbox 1414 772 1576 825; x_wconf 86' lang='lat' dir='ltr'>pransi-</span> 
     </span>
     <span class='ocr_line' id='line_1_13' title="bbox 236 829 1576 885; baseline 0.001 -16"><span class='ocrx_word' id='word_1_96' title='bbox 236 832 355 883; x_wconf 86' lang='lat' dir='ltr'>tans,</span> <span class='ocrx_word' id='word_1_97' title='bbox 399 829 528 870; x_wconf 89' lang='lat' dir='ltr'>semel</span> <span class='ocrx_word' id='word_1_98' title='bbox 571 832 714 870; x_wconf 85' lang='lat' dir='ltr'>tamen</span> <span class='ocrx_word' id='word_1_99' title='bbox 762 830 807 870; x_wconf 86' lang='lat' dir='ltr'>in</span> <span class='ocrx_word' id='word_1_100' title='bbox 850 830 977 884; x_wconf 86' lang='lat' dir='ltr'>diem,</span> <span class='ocrx_word' id='word_1_101' title='bbox 1019 844 1125 885; x_wconf 91' lang='lat' dir='ltr'>non,</span> <span class='ocrx_word' id='word_1_102' title='bbox 1173 832 1222 871; x_wconf 87' lang='lat' dir='ltr'>ut</span> <span class='ocrx_word' id='word_1_103' title='bbox 1261 830 1334 871; x_wconf 90' lang='lat' dir='ltr'>alii</span> <span class='ocrx_word' id='word_1_104' title='bbox 1371 830 1576 885; x_wconf 88' lang='lat' dir='ltr'>solebant,</span> 
     </span>
     <span class='ocr_line' id='line_1_14' title="bbox 238 888 1576 944; baseline 0.001 -16"><span class='ocrx_word' id='word_1_105' title='bbox 238 888 435 928; x_wconf 89' lang='lat' dir='ltr'>omnibus</span> <span class='ocrx_word' id='word_1_106' title='bbox 468 888 570 928; x_wconf 78' lang='lat' dir='ltr'>vicis</span> <span class='ocrx_word' id='word_1_107' title='bbox 607 890 790 941; x_wconf 89' lang='lat' dir='ltr'>[praeter</span> <span class='ocrx_word' id='word_1_108' title='bbox 821 903 917 929; x_wconf 90' lang='lat' dir='ltr'>eum</span> <span class='ocrx_word' id='word_1_109' title='bbox 949 889 1078 930; x_wconf 84' lang='lat' dir='ltr'>semel</span> <span class='ocrx_word' id='word_1_110' title='bbox 1108 903 1232 930; x_wconf 88' lang='lat' dir='ltr'>nemo</span> <span class='ocrx_word' id='word_1_111' title='bbox 1259 888 1436 944; x_wconf 88' lang='lat' dir='ltr'>accepit]</span> <span class='ocrx_word' id='word_1_112' title='bbox 1462 889 1576 943; x_wconf 83' lang='lat' dir='ltr'>facit,</span> 
     </span>
     <span class='ocr_line' id='line_1_15' title="bbox 236 946 1576 1002; baseline 0.001 -15"><span class='ocrx_word' id='word_1_113' title='bbox 236 949 286 987; x_wconf 87' lang='lat' dir='ltr'>ut</span> <span class='ocrx_word' id='word_1_114' title='bbox 311 946 418 987; x_wconf 85' lang='lat' dir='ltr'>mihi</span> <span class='ocrx_word' id='word_1_115' title='bbox 444 947 712 1000; x_wconf 78' lang='lat' dir='ltr'>excipiendus</span> <span class='ocrx_word' id='word_1_116' title='bbox 740 947 809 1002; x_wconf 87' lang='lat' dir='ltr'>sit,</span> <span class='ocrx_word' id='word_1_117' title='bbox 841 961 934 987; x_wconf 89' lang='lat' dir='ltr'>cum</span> <span class='ocrx_word' id='word_1_118' title='bbox 960 947 1220 988; x_wconf 72' lang='lat' dir='ltr'>terruncium</span> <span class='ocrx_word' id='word_1_119' title='bbox 1244 961 1353 1002; x_wconf 85' lang='lat' dir='ltr'>nego</span> <span class='ocrx_word' id='word_1_120' title='bbox 1380 950 1576 1001; x_wconf 87' lang='lat' dir='ltr'>sumptus</span> 
     </span>
     <span class='ocr_line' id='line_1_16' title="bbox 236 1004 1630 1059; baseline 0.001 -14"><span class='ocrx_word' id='word_1_121' title='bbox 236 1005 406 1046; x_wconf 84' lang='lat' dir='ltr'>factum.</span> <span class='ocrx_word' id='word_1_122' title='bbox 467 1004 641 1046; x_wconf 77' lang='lat' dir='ltr'>Praeter</span> <span class='ocrx_word' id='word_1_123' title='bbox 671 1020 766 1046; x_wconf 90' lang='lat' dir='ltr'>eum</span> <span class='ocrx_word' id='word_1_124' title='bbox 799 1006 958 1059; x_wconf 87' lang='lat' dir='ltr'>accepit</span> <span class='ocrx_word' id='word_1_125' title='bbox 988 1020 1123 1047; x_wconf 88' lang='lat' dir='ltr'>nemo.</span> <span class='ocrx_word' id='word_1_126' title='bbox 1174 1005 1263 1047; x_wconf 88' lang='lat' dir='ltr'>Has</span> <span class='ocrx_word' id='word_1_127' title='bbox 1296 1021 1320 1046; x_wconf 90' lang='lat' dir='ltr'>a</span> <span class='ocrx_word' id='word_1_128' title='bbox 1349 1008 1497 1047; x_wconf 89' lang='lat' dir='ltr'>nostro</span> <span class='ocrx_word' id='word_1_129' title='bbox 1530 1004 1575 1054; x_wconf 84' lang='lat' dir='ltr'>Q.</span> <span class='ocrx_word' id='word_1_130' title='bbox 1596 1022 1630 1048; x_wconf 86' lang='lat'>15</span> 
     </span>
     <span class='ocr_line' id='line_1_17' title="bbox 237 1063 1545 1118; baseline 0 -14"><span class='ocrx_word' id='word_1_131' title='bbox 237 1063 398 1104; x_wconf 87' lang='lat' dir='ltr'>Titinio</span> <span class='ocrx_word' id='word_1_132' title='bbox 433 1064 575 1105; x_wconf 87' lang='lat' dir='ltr'>sordes</span> <span class='ocrx_word' id='word_1_133' title='bbox 610 1064 852 1118; x_wconf 88' lang='lat' dir='ltr'>accepimus.</span> <span class='ocrx_word' id='word_1_134' title='bbox 1542 1064 1545 1067; x_wconf 51' lang='lat'><strong>⁴</strong></span> 
     </span>
     <span class='ocr_line' id='line_1_18' title="bbox 325 1121 1575 1176; baseline 0.001 -14"><span class='ocrx_word' id='word_1_135' title='bbox 325 1122 421 1176; x_wconf 85' lang='lat' dir='ltr'>Ego</span> <span class='ocrx_word' id='word_1_136' title='bbox 467 1122 639 1163; x_wconf 83' lang='lat' dir='ltr'>aestivis</span> <span class='ocrx_word' id='word_1_137' title='bbox 681 1123 882 1163; x_wconf 84' lang='lat' dir='ltr'>confectis</span> <span class='ocrx_word' id='word_1_138' title='bbox 923 1121 1129 1170; x_wconf 82' lang='lat' dir='ltr'>Quintum</span> <span class='ocrx_word' id='word_1_139' title='bbox 1167 1123 1344 1164; x_wconf 88' lang='lat' dir='ltr'>fratrem</span> <span class='ocrx_word' id='word_1_140' title='bbox 1383 1121 1575 1164; x_wconf 90' lang='lat' dir='ltr'>hibernis</span> 
     </span>
     <span class='ocr_line' id='line_1_19' title="bbox 238 1179 1576 1235; baseline 0.001 -15"><span class='ocrx_word' id='word_1_141' title='bbox 238 1182 279 1220; x_wconf 91' lang='lat' dir='ltr'>et</span> <span class='ocrx_word' id='word_1_142' title='bbox 311 1179 483 1221; x_wconf 78' lang='lat' dir='ltr'>Ciliciae</span> <span class='ocrx_word' id='word_1_143' title='bbox 514 1181 704 1234; x_wconf 82' lang='lat' dir='ltr'>praefeci.</span> <span class='ocrx_word' id='word_1_144' title='bbox 756 1179 800 1229; x_wconf 82' lang='lat' dir='ltr'>Q.</span> <span class='ocrx_word' id='word_1_145' title='bbox 827 1179 1065 1234; x_wconf 76' lang='lat' dir='ltr'>Volusium,</span> <span class='ocrx_word' id='word_1_146' title='bbox 1098 1181 1163 1221; x_wconf 92' lang='lat' dir='ltr'>tui</span> <span class='ocrx_word' id='word_1_147' title='bbox 1189 1181 1333 1221; x_wconf 87' lang='lat' dir='ltr'>Tiberi</span> <span class='ocrx_word' id='word_1_148' title='bbox 1360 1194 1576 1235; x_wconf 79' lang='lat' dir='ltr'>generum,</span> 
     </span>
     <span class='ocr_line' id='line_1_20' title="bbox 237 1238 1576 1293; baseline 0.001 -15"><span class='ocrx_word' id='word_1_149' title='bbox 237 1241 398 1279; x_wconf 86' lang='lat' dir='ltr'>certum</span> <span class='ocrx_word' id='word_1_150' title='bbox 452 1238 667 1279; x_wconf 88' lang='lat' dir='ltr'>hominem</span> <span class='ocrx_word' id='word_1_151' title='bbox 716 1241 758 1279; x_wconf 92' lang='lat' dir='ltr'>et</span> <span class='ocrx_word' id='word_1_152' title='bbox 806 1239 982 1279; x_wconf 89' lang='lat' dir='ltr'>mirifice</span> <span class='ocrx_word' id='word_1_153' title='bbox 1033 1239 1334 1293; x_wconf 80' lang='lat' dir='ltr'>abstinentem,</span> <span class='ocrx_word' id='word_1_154' title='bbox 1383 1238 1482 1279; x_wconf 86' lang='lat' dir='ltr'>misi</span> <span class='ocrx_word' id='word_1_155' title='bbox 1530 1239 1576 1280; x_wconf 86' lang='grc'>111</span> 
     </span>
     <span class='ocr_line' id='line_1_21' title="bbox 238 1296 1629 1352; baseline 0.001 -15"><span class='ocrx_word' id='word_1_156' title='bbox 238 1296 444 1351; x_wconf 71' lang='lat' dir='ltr'>Cyprum,</span> <span class='ocrx_word' id='word_1_157' title='bbox 475 1299 524 1337; x_wconf 89' lang='lat' dir='ltr'>ut</span> <span class='ocrx_word' id='word_1_158' title='bbox 554 1297 615 1337; x_wconf 86' lang='lat' dir='ltr'>ibi</span> <span class='ocrx_word' id='word_1_159' title='bbox 645 1297 847 1350; x_wconf 87' lang='lat' dir='ltr'>pauculos</span> <span class='ocrx_word' id='word_1_160' title='bbox 880 1297 967 1338; x_wconf 88' lang='lat' dir='ltr'>dies</span> <span class='ocrx_word' id='word_1_161' title='bbox 1001 1299 1123 1350; x_wconf 83' lang='lat' dir='ltr'>esset,</span> <span class='ocrx_word' id='word_1_162' title='bbox 1153 1311 1205 1338; x_wconf 88' lang='grc'>110</span> <span class='ocrx_word' id='word_1_163' title='bbox 1237 1297 1348 1338; x_wconf 86' lang='lat' dir='ltr'>cives</span> <span class='ocrx_word' id='word_1_164' title='bbox 1379 1296 1575 1352; x_wconf 80' lang='lat' dir='ltr'>Romani,</span> <span class='ocrx_word' id='word_1_165' title='bbox 1595 1314 1629 1339; x_wconf 85' lang='lat'>20</span> 
     </span>
     <span class='ocr_line' id='line_1_22' title="bbox 235 1355 1575 1410; baseline 0.001 -15"><span class='ocrx_word' id='word_1_166' title='bbox 235 1355 360 1409; x_wconf 85' lang='lat' dir='ltr'>pauci</span> <span class='ocrx_word' id='word_1_167' title='bbox 392 1355 465 1409; x_wconf 87' lang='lat' dir='ltr'>qui</span> <span class='ocrx_word' id='word_1_168' title='bbox 496 1355 584 1396; x_wconf 84' lang='lat' dir='ltr'>illic</span> <span class='ocrx_word' id='word_1_169' title='bbox 614 1356 909 1409; x_wconf 83' lang='lat' dir='ltr'>negotiantur,</span> <span class='ocrx_word' id='word_1_170' title='bbox 949 1356 1015 1396; x_wconf 89' lang='lat' dir='ltr'>ius</span> <span class='ocrx_word' id='word_1_171' title='bbox 1049 1355 1131 1396; x_wconf 82' lang='lat' dir='ltr'>sibi</span> <span class='ocrx_word' id='word_1_172' title='bbox 1163 1355 1323 1396; x_wconf 88' lang='lat' dir='ltr'>dictum</span> <span class='ocrx_word' id='word_1_173' title='bbox 1351 1358 1575 1410; x_wconf 73' lang='lat' dir='ltr'>negarent,</span> 
     </span>
     <span class='ocr_line' id='line_1_23' title="bbox 236 1412 1576 1467; baseline 0 -13"><span class='ocrx_word' id='word_1_174' title='bbox 236 1428 335 1454; x_wconf 90' lang='lat' dir='ltr'>nam</span> <span class='ocrx_word' id='word_1_175' title='bbox 356 1413 520 1454; x_wconf 84' lang='lat' dir='ltr'>evocari</span> <span class='ocrx_word' id='word_1_176' title='bbox 545 1428 595 1454; x_wconf 80' lang='lat' dir='ltr'>ex</span> <span class='ocrx_word' id='word_1_177' title='bbox 614 1414 753 1454; x_wconf 88' lang='lat' dir='ltr'>insula</span> <span class='ocrx_word' id='word_1_178' title='bbox 773 1412 952 1467; x_wconf 77' lang='lat' dir='ltr'>Cyprios</span> <span class='ocrx_word' id='word_1_179' title='bbox 977 1428 1065 1455; x_wconf 91' lang='lat' dir='ltr'>non</span> <span class='ocrx_word' id='word_1_180' title='bbox 1088 1414 1198 1455; x_wconf 86' lang='lat' dir='ltr'>licet.</span> <span class='ocrx_word' id='word_1_181' title='bbox 1248 1412 1344 1467; x_wconf 88' lang='lat' dir='ltr'>Ipse</span> <span class='ocrx_word' id='word_1_182' title='bbox 1363 1413 1409 1454; x_wconf 91' lang='lat' dir='ltr'>in</span> <span class='ocrx_word' id='word_1_183' title='bbox 1427 1413 1576 1454; x_wconf 83' lang='lat' dir='ltr'>Asiam</span> 
     </span>
     <span class='ocr_line' id='line_1_24' title="bbox 236 1471 1576 1526; baseline 0.001 -14"><span class='ocrx_word' id='word_1_184' title='bbox 236 1473 451 1526; x_wconf 86' lang='lat' dir='ltr'>profectus</span> <span class='ocrx_word' id='word_1_185' title='bbox 489 1487 583 1512; x_wconf 88' lang='lat' dir='ltr'>sum</span> <span class='ocrx_word' id='word_1_186' title='bbox 621 1472 752 1513; x_wconf 89' lang='lat' dir='ltr'>Tarso</span> <span class='ocrx_word' id='word_1_187' title='bbox 785 1471 922 1513; x_wconf 52' lang='lat' dir='ltr'>Ionis</span> <span class='ocrx_word' id='word_1_188' title='bbox 953 1472 1179 1526; x_wconf 86' lang='lat' dir='ltr'>Ianuariis,</span> <span class='ocrx_word' id='word_1_189' title='bbox 1215 1486 1304 1513; x_wconf 90' lang='lat' dir='ltr'>non</span> <span class='ocrx_word' id='word_1_190' title='bbox 1339 1471 1576 1513; x_wconf 84' lang='lat' dir='ltr'>mehercule</span> 
     </span>
     <span class='ocr_line' id='line_1_25' title="bbox 237 1529 1575 1585; baseline 0 -14"><span class='ocrx_word' id='word_1_191' title='bbox 237 1531 319 1572; x_wconf 87' lang='lat' dir='ltr'>dici</span> <span class='ocrx_word' id='word_1_192' title='bbox 344 1533 499 1585; x_wconf 86' lang='lat' dir='ltr'>potest,</span> <span class='ocrx_word' id='word_1_193' title='bbox 525 1545 608 1584; x_wconf 89' lang='lat' dir='ltr'>qua</span> <span class='ocrx_word' id='word_1_194' title='bbox 633 1530 911 1572; x_wconf 86' lang='lat' dir='ltr'>admiratione</span> <span class='ocrx_word' id='word_1_195' title='bbox 937 1529 1109 1572; x_wconf 82' lang='lat' dir='ltr'>Ciliciae</span> <span class='ocrx_word' id='word_1_196' title='bbox 1130 1530 1352 1572; x_wconf 75' lang='lat' dir='ltr'>civitatum</span> <span class='ocrx_word' id='word_1_197' title='bbox 1377 1531 1575 1571; x_wconf 80' lang='lat' dir='ltr'>maxime-</span> 
     </span>
     <span class='ocr_line' id='line_1_26' title="bbox 237 1588 1627 1643; baseline 0 -13"><span class='ocrx_word' id='word_1_198' title='bbox 237 1604 318 1643; x_wconf 89' lang='lat' dir='ltr'>que</span> <span class='ocrx_word' id='word_1_199' title='bbox 359 1589 641 1630; x_wconf 83' lang='lat' dir='ltr'>Tarsensium.</span> <span class='ocrx_word' id='word_1_200' title='bbox 710 1588 864 1630; x_wconf 89' lang='lat' dir='ltr'>Postea</span> <span class='ocrx_word' id='word_1_201' title='bbox 903 1604 1002 1630; x_wconf 84' lang='lat' dir='ltr'>vero</span> <span class='ocrx_word' id='word_1_202' title='bbox 1045 1604 1172 1643; x_wconf 85' lang='lat' dir='ltr'>quam</span> <span class='ocrx_word' id='word_1_203' title='bbox 1212 1589 1398 1630; x_wconf 85' lang='lat' dir='ltr'>Taurum</span> <span class='ocrx_word' id='word_1_204' title='bbox 1438 1591 1574 1629; x_wconf 77' lang='lat' dir='ltr'>trans-</span> <span class='ocrx_word' id='word_1_205' title='bbox 1593 1605 1627 1631; x_wconf 84' lang='lat'>25</span> 
     </span>
     <span class='ocr_line' id='line_1_27' title="bbox 237 1647 1575 1703; baseline -0.001 -15"><span class='ocrx_word' id='word_1_206' title='bbox 237 1662 408 1702; x_wconf 80' lang='lat' dir='ltr'>gressus</span> <span class='ocrx_word' id='word_1_207' title='bbox 459 1662 571 1703; x_wconf 89' lang='lat' dir='ltr'>sum,</span> <span class='ocrx_word' id='word_1_208' title='bbox 618 1647 796 1688; x_wconf 89' lang='lat' dir='ltr'>mirifica</span> <span class='ocrx_word' id='word_1_209' title='bbox 845 1649 1104 1701; x_wconf 81' lang='lat' dir='ltr'>exspectatio</span> <span class='ocrx_word' id='word_1_210' title='bbox 1148 1647 1277 1688; x_wconf 88' lang='lat' dir='ltr'>Asiae</span> <span class='ocrx_word' id='word_1_211' title='bbox 1330 1649 1575 1688; x_wconf 89' lang='lat' dir='ltr'>nostrarum</span> 
     </span>
     <span class='ocr_line' id='line_1_28' title="bbox 236 1705 1573 1761; baseline -0.001 -14"><span class='ocrx_word' id='word_1_212' title='bbox 236 1706 512 1761; x_wconf 84' lang='lat' dir='ltr'>dioecesium,</span> <span class='ocrx_word' id='word_1_213' title='bbox 562 1721 668 1760; x_wconf 87' lang='lat' dir='ltr'>quae</span> <span class='ocrx_word' id='word_1_214' title='bbox 718 1721 790 1746; x_wconf 77' lang='lat' dir='ltr'>sex</span> <span class='ocrx_word' id='word_1_215' title='bbox 832 1706 1049 1747; x_wconf 88' lang='lat' dir='ltr'>mensibus</span> <span class='ocrx_word' id='word_1_216' title='bbox 1098 1706 1265 1760; x_wconf 88' lang='lat' dir='ltr'>imperii</span> <span class='ocrx_word' id='word_1_217' title='bbox 1306 1705 1390 1746; x_wconf 88' lang='lat' dir='ltr'>mei</span> <span class='ocrx_word' id='word_1_218' title='bbox 1431 1705 1573 1745; x_wconf 84' lang='lat' dir='ltr'>nullas</span> 
     </span>
     <span class='ocr_line' id='line_1_29' title="bbox 235 1763 1572 1818; baseline -0.001 -13"><span class='ocrx_word' id='word_1_219' title='bbox 235 1779 352 1805; x_wconf 88' lang='lat' dir='ltr'>meas</span> <span class='ocrx_word' id='word_1_220' title='bbox 393 1767 608 1818; x_wconf 89' lang='lat' dir='ltr'>acceperat</span> <span class='ocrx_word' id='word_1_221' title='bbox 651 1765 835 1818; x_wconf 87' lang='lat' dir='ltr'>litteras,</span> <span class='ocrx_word' id='word_1_222' title='bbox 874 1779 1107 1818; x_wconf 89' lang='lat' dir='ltr'>numquam</span> <span class='ocrx_word' id='word_1_223' title='bbox 1145 1764 1359 1818; x_wconf 86' lang='lat' dir='ltr'>hospitem</span> <span class='ocrx_word' id='word_1_224' title='bbox 1398 1763 1572 1804; x_wconf 85' lang='lat' dir='ltr'>viderat.</span> 
     </span>
     <span class='ocr_line' id='line_1_30' title="bbox 235 1820 1574 1877; baseline -0.001 -14"><span class='ocrx_word' id='word_1_225' title='bbox 235 1822 348 1864; x_wconf 80' lang='lat' dir='ltr'>Illud</span> <span class='ocrx_word' id='word_1_226' title='bbox 380 1826 522 1864; x_wconf 87' lang='lat' dir='ltr'>autem</span> <span class='ocrx_word' id='word_1_227' title='bbox 551 1826 719 1877; x_wconf 91' lang='lat' dir='ltr'>tempus</span> <span class='ocrx_word' id='word_1_228' title='bbox 752 1823 980 1877; x_wconf 75' lang='lat' dir='ltr'>quotannis</span> <span class='ocrx_word' id='word_1_229' title='bbox 1019 1825 1116 1864; x_wconf 87' lang='lat' dir='ltr'>ante</span> <span class='ocrx_word' id='word_1_230' title='bbox 1146 1837 1213 1863; x_wconf 92' lang='lat' dir='ltr'>me</span> <span class='ocrx_word' id='word_1_231' title='bbox 1249 1822 1387 1863; x_wconf 77' lang='lat' dir='ltr'>fuerat</span> <span class='ocrx_word' id='word_1_232' title='bbox 1417 1821 1464 1862; x_wconf 85' lang='lat' dir='ltr'>in</span> <span class='ocrx_word' id='word_1_233' title='bbox 1493 1820 1574 1863; x_wconf 90' lang='lat' dir='ltr'>hoc</span> 
     </span>
     <span class='ocr_line' id='line_1_31' title="bbox 237 1879 1628 1936; baseline 0.001 -14"><span class='ocrx_word' id='word_1_234' title='bbox 237 1884 428 1935; x_wconf 86' lang='lat' dir='ltr'>quaestu.</span> <span class='ocrx_word' id='word_1_235' title='bbox 491 1880 696 1922; x_wconf 86' lang='lat' dir='ltr'>Civitates</span> <span class='ocrx_word' id='word_1_236' title='bbox 732 1881 981 1936; x_wconf 90' lang='lat' dir='ltr'>locupletes,</span> <span class='ocrx_word' id='word_1_237' title='bbox 1020 1895 1073 1922; x_wconf 87' lang='grc'>110</span> <span class='ocrx_word' id='word_1_238' title='bbox 1113 1881 1159 1922; x_wconf 88' lang='lat' dir='ltr'>in</span> <span class='ocrx_word' id='word_1_239' title='bbox 1196 1880 1374 1921; x_wconf 81' lang='lat' dir='ltr'>hiberna</span> <span class='ocrx_word' id='word_1_240' title='bbox 1413 1879 1572 1921; x_wconf 89' lang='lat' dir='ltr'>milites</span> <span class='ocrx_word' id='word_1_241' title='bbox 1593 1896 1628 1923; x_wconf 81' lang='lat'>30</span> 
     </span>
     <span class='ocr_line' id='line_1_32' title="bbox 237 1937 1574 1995; baseline -0.001 -15"><span class='ocrx_word' id='word_1_242' title='bbox 237 1940 491 1995; x_wconf 84' lang='lat' dir='ltr'>reciperent,</span> <span class='ocrx_word' id='word_1_243' title='bbox 535 1953 711 1994; x_wconf 85' lang='lat' dir='ltr'>magnas</span> <span class='ocrx_word' id='word_1_244' title='bbox 752 1939 952 1993; x_wconf 89' lang='lat' dir='ltr'>pecunias</span> <span class='ocrx_word' id='word_1_245' title='bbox 999 1939 1172 1992; x_wconf 87' lang='lat' dir='ltr'>dabant,</span> <span class='ocrx_word' id='word_1_246' title='bbox 1219 1937 1367 1991; x_wconf 77' lang='lat' dir='ltr'>Cyprii</span> <span class='ocrx_word' id='word_1_247' title='bbox 1412 1938 1574 1979; x_wconf 85' lang='lat' dir='ltr'>talenta</span> 
     </span>
     <span class='ocr_line' id='line_1_33' title="bbox 237 1995 1575 2053; baseline -0.001 -15"><span class='ocrx_word' id='word_1_248' title='bbox 237 1997 383 2039; x_wconf 81' lang='lat' dir='ltr'>Attica</span> <span class='ocrx_word' id='word_1_249' title='bbox 415 2009 487 2053; x_wconf 78' lang='lat' dir='ltr'>CC3</span> <span class='ocrx_word' id='word_1_250' title='bbox 519 2013 601 2052; x_wconf 90' lang='lat' dir='ltr'>qua</span> <span class='ocrx_word' id='word_1_251' title='bbox 626 2013 677 2039; x_wconf 83' lang='lat' dir='ltr'>ex</span> <span class='ocrx_word' id='word_1_252' title='bbox 707 1998 846 2038; x_wconf 87' lang='lat' dir='ltr'>insula</span> <span class='ocrx_word' id='word_1_253' title='bbox 871 1996 986 2052; x_wconf 87' lang='lat' dir='ltr'>(non</span> <span class='ocrx_word' id='word_1_254' title='bbox 1008 1998 1318 2050; x_wconf 77' lang='grc' dir='ltr'><strong><em>ὑπερβολικῶς,</em></strong></span> <span class='ocrx_word' id='word_1_255' title='bbox 1351 1996 1424 2037; x_wconf 90' lang='lat' dir='ltr'>sed</span> <span class='ocrx_word' id='word_1_256' title='bbox 1448 1995 1575 2037; x_wconf 89' lang='lat' dir='ltr'>veris-</span> 
     </span>
     <span class='ocr_line' id='line_1_34' title="bbox 238 2054 1573 2112; baseline -0.001 -15"><span class='ocrx_word' id='word_1_257' title='bbox 238 2056 344 2097; x_wconf 84' lang='lat' dir='ltr'>sime</span> <span class='ocrx_word' id='word_1_258' title='bbox 375 2055 555 2112; x_wconf 85' lang='lat' dir='ltr'>loquor)</span> <span class='ocrx_word' id='word_1_259' title='bbox 580 2070 780 2097; x_wconf 89' lang='lat' dir='ltr'>nummus</span> <span class='ocrx_word' id='word_1_260' title='bbox 810 2056 954 2096; x_wconf 86' lang='lat' dir='ltr'>nullus</span> <span class='ocrx_word' id='word_1_261' title='bbox 980 2070 1047 2096; x_wconf 90' lang='lat' dir='ltr'>me</span> <span class='ocrx_word' id='word_1_262' title='bbox 1073 2055 1291 2096; x_wconf 86' lang='lat' dir='ltr'>obtinente</span> <span class='ocrx_word' id='word_1_263' title='bbox 1317 2054 1573 2109; x_wconf 89' lang='lat' dir='ltr'>erogabitur.</span> 
     </span>
     <span class='ocr_line' id='line_1_35' title="bbox 239 2112 1573 2169; baseline 0 -16"><span class='ocrx_word' id='word_1_264' title='bbox 239 2113 304 2154; x_wconf 89' lang='lat' dir='ltr'>Ob</span> <span class='ocrx_word' id='word_1_265' title='bbox 347 2114 451 2155; x_wconf 85' lang='lat' dir='ltr'>haec</span> <span class='ocrx_word' id='word_1_266' title='bbox 494 2114 716 2169; x_wconf 83' lang='lat' dir='ltr'>beneficia,</span> <span class='ocrx_word' id='word_1_267' title='bbox 760 2114 913 2168; x_wconf 89' lang='lat' dir='ltr'>quibus</span> <span class='ocrx_word' id='word_1_268' title='bbox 956 2113 1021 2154; x_wconf 84' lang='grc'>1111</span> <span class='ocrx_word' id='word_1_269' title='bbox 1064 2113 1390 2167; x_wconf 86' lang='lat' dir='ltr'>obstupescunt,</span> <span class='ocrx_word' id='word_1_270' title='bbox 1431 2112 1573 2154; x_wconf 81' lang='lat' dir='ltr'>nullos</span> 
     </span>
     <span class='ocr_line' id='line_1_36' title="bbox 237 2171 1627 2225; baseline 0.001 -13"><span class='ocrx_word' id='word_1_271' title='bbox 237 2172 421 2213; x_wconf 89' lang='lat' dir='ltr'>honores</span> <span class='ocrx_word' id='word_1_272' title='bbox 447 2173 554 2213; x_wconf 90' lang='lat' dir='ltr'>mihi</span> <span class='ocrx_word' id='word_1_273' title='bbox 578 2173 663 2213; x_wconf 91' lang='lat' dir='ltr'>nisi</span> <span class='ocrx_word' id='word_1_274' title='bbox 687 2172 914 2213; x_wconf 81' lang='lat' dir='ltr'>verborum</span> <span class='ocrx_word' id='word_1_275' title='bbox 939 2171 1102 2212; x_wconf 76' lang='lat' dir='ltr'>decerni</span> <span class='ocrx_word' id='word_1_276' title='bbox 1129 2171 1233 2225; x_wconf 89' lang='lat' dir='ltr'>sino,</span> <span class='ocrx_word' id='word_1_277' title='bbox 1265 2173 1441 2225; x_wconf 85' lang='lat' dir='ltr'>statuas,</span> <span class='ocrx_word' id='word_1_278' title='bbox 1465 2171 1574 2225; x_wconf 82' lang='lat' dir='ltr'>fana,</span> <span class='ocrx_word' id='word_1_279' title='bbox 1593 2185 1627 2213; x_wconf 80' lang='lat'>35</span> 
     </span>
     <span class='ocr_line' id='line_1_37' title="bbox 238 2229 1574 2284; baseline -0.001 -14"><span class='ocrx_word' id='word_1_280' title='bbox 238 2229 459 2283; x_wconf 74' lang='grc' dir='ltr'><em>τέθριππα</em></span> <span class='ocrx_word' id='word_1_281' title='bbox 490 2230 696 2284; x_wconf 85' lang='lat' dir='ltr'>prohibeo</span> <span class='ocrx_word' id='word_1_282' title='bbox 733 2245 811 2272; x_wconf 89' lang='lat' dir='ltr'>nec</span> <span class='ocrx_word' id='word_1_283' title='bbox 848 2245 942 2271; x_wconf 90' lang='lat' dir='ltr'>sum</span> <span class='ocrx_word' id='word_1_284' title='bbox 978 2230 1024 2270; x_wconf 94' lang='lat' dir='ltr'>in</span> <span class='ocrx_word' id='word_1_285' title='bbox 1059 2230 1146 2270; x_wconf 86' lang='lat' dir='ltr'>ulla</span> <span class='ocrx_word' id='word_1_286' title='bbox 1182 2244 1227 2270; x_wconf 93' lang='lat' dir='ltr'>re</span> <span class='ocrx_word' id='word_1_287' title='bbox 1258 2230 1340 2270; x_wconf 87' lang='lat' dir='ltr'>alia</span> <span class='ocrx_word' id='word_1_288' title='bbox 1370 2229 1574 2270; x_wconf 86' lang='lat' dir='ltr'>molestus</span> 
     </span>
     <span class='ocr_line' id='line_1_38' title="bbox 239 2286 1574 2344; baseline 0.001 -17"><span class='ocrx_word' id='word_1_289' title='bbox 239 2287 485 2329; x_wconf 79' lang='lat' dir='ltr'>civitatibus</span> <span class='ocrx_word' id='word_1_290' title='bbox 507 2313 561 2318; x_wconf 91' lang='lat'>——</span> <span class='ocrx_word' id='word_1_291' title='bbox 589 2289 660 2330; x_wconf 87' lang='lat' dir='ltr'>sed</span> <span class='ocrx_word' id='word_1_292' title='bbox 690 2289 870 2330; x_wconf 80' lang='lat' dir='ltr'>fortasse</span> <span class='ocrx_word' id='word_1_293' title='bbox 901 2288 993 2344; x_wconf 89' lang='lat' dir='ltr'>tibi,</span> <span class='ocrx_word' id='word_1_294' title='bbox 1025 2288 1098 2342; x_wconf 91' lang='lat' dir='ltr'>qui</span> <span class='ocrx_word' id='word_1_295' title='bbox 1127 2287 1230 2329; x_wconf 91' lang='lat' dir='ltr'>haec</span> <span class='ocrx_word' id='word_1_296' title='bbox 1260 2287 1494 2342; x_wconf 87' lang='lat' dir='ltr'>praedicem</span> <span class='ocrx_word' id='word_1_297' title='bbox 1525 2286 1574 2328; x_wconf 91' lang='lat' dir='ltr'>de</span> 
     </span>
    </p>
   </div>
  </div>
 </body>
</html>
