1665 2553
195 82 278 123 136
621 81 671 116 M.
693 81 835 116 TULLI
861 80 1111 116 CICERONIS

194 178 419 234 spectatio,
462 178 512 219 de
556 192 639 231 quo
685 177 822 218 adhuc
865 191 918 217 110
961 191 1109 218 rumor
1149 177 1319 231 quidem
1355 179 1538 232 venerat,

193 238 366 280 tenebat
405 237 700 278 duodecimum
737 236 822 276 iam
861 235 971 276 diem
1001 234 1220 291 Brundisi3
1259 236 1332 277 sed
1368 250 1537 277 cursum

194 295 555 350 exspectabamus.
625 295 700 346 Tu,
746 294 783 335 si
827 294 954 335 modo
995 308 1039 335 es
1083 293 1245 335 Romae
1291 293 1380 351 (vix
1424 294 1538 336 enim

193 354 338 412 puto),
388 354 456 395 sin
499 368 565 409 es,
607 353 688 394 1100
731 352 1002 394 vehementer
1046 352 1355 394 animadvertas
1399 353 1536 395 velim.

193 413 332 455 Roma
376 427 617 467 acceperam
658 412 826 452 litteras
865 411 1071 452 Milonem
1113 426 1255 453 meum
1300 412 1419 466 queri
1461 426 1537 466 per
1575 427 1591 454 5

192 472 360 513 litteras
392 471 593 512 iniuriam
625 485 778 525 meam,
817 470 931 524 quod
961 469 1220 512 Philotimus
1254 471 1393 512 socius
1426 473 1538 512 esset

193 531 239 572 in
281 531 406 572 bonis
451 530 550 571 suis.
619 528 668 571 Id
712 543 790 584 ego
829 529 891 570 ita
927 529 1021 570 fieri
1057 529 1175 570 volui
1213 529 1262 570 de
1295 528 1339 571 C.
1370 528 1538 570 Duroni

195 590 424 645 sententia,
468 603 592 643 quem
630 591 672 629 et
711 588 1015 629 amicissimum
1051 587 1205 629 Miloni
1241 602 1539 642 perspexeram

195 651 237 689 et
278 648 407 689 talem
437 648 592 701 virum,
634 647 802 701 qualem
833 649 882 687 tu
912 647 1091 701 iudicas,
1129 661 1368 702 cognoram.
1428 646 1537 688 Eius

195 709 338 748 autem
379 706 604 748 consilium
635 719 861 760 meumque
891 705 973 747 hoc
1004 706 1160 760 fuerat,
1198 705 1383 760 primum
1412 708 1461 746 ut
1492 706 1538 746 in
1557 722 1592 747 10

192 768 408 819 potestate
451 768 599 806 nostra
643 767 754 805 esset
797 779 883 818 res,
926 778 980 806 ne
1023 764 1147 805 illum
1189 764 1327 805 malus
1371 767 1536 818 emptor

195 824 356 865 alienus
394 824 636 878 mancipiis,
680 837 786 878 quae
823 823 1037 877 permulta
1076 837 1216 864 secum
1253 823 1400 877 habet,
1444 837 1539 877 spo-

193 883 334 937 liaret,
379 883 526 924 deinde
564 885 613 923 ut
649 881 849 936 Faustae,
889 882 990 936 quoi
1028 885 1198 923 cautum
1232 882 1304 923 ille
1342 896 1432 923 esse
1467 896 1538 923 vo-

192 942 362 995 luisset,
398 944 540 983 ratum
578 943 699 982 esset.
761 940 869 982 Erat
907 941 1036 982 etiam
1072 941 1197 996 illud,
1236 943 1285 982 ut
1323 940 1407 995 ipsi
1445 954 1537 995 nos,

194 1001 230 1041 si
281 1001 382 1055 quid
432 1000 591 1041 servari
630 1002 792 1054 posset,
843 1014 971 1053 quam
1013 999 1215 1040 facillime
1261 1013 1536 1041 servaremus.
1557 1014 1592 1041 15

191 1058 318 1101 Nunc
360 1073 450 1100 rem
493 1061 631 1100 totam
667 1058 899 1112 perspicias
938 1058 1083 1113 velim,
1124 1058 1250 1099 nobis
1289 1058 1402 1099 enim
1440 1058 1538 1099 scri-

192 1117 353 1158 buntur
391 1131 514 1170 saepe
551 1117 722 1158 maiora.
787 1115 832 1158 Si
870 1117 943 1157 ille
982 1117 1191 1170 queritur,
1230 1117 1266 1157 si
1305 1117 1454 1158 scribit
1486 1117 1538 1157 ad

192 1177 361 1230 amicos,
393 1176 429 1217 si
461 1176 571 1216 idem
596 1174 755 1216 Fausta
786 1175 890 1229 vult,
921 1174 1190 1229 Philotimus,
1222 1178 1271 1216 ut
1303 1189 1380 1229 ego
1408 1175 1446 1216 ei
1472 1190 1538 1216 00-

191 1250 283 1275 ram
315 1235 520 1289 dixeram,
556 1234 746 1287 mihique
776 1234 848 1274 ille
879 1236 1106 1288 receperat,
1136 1248 1189 1274 ne
1216 1234 1272 1274 sit
1297 1234 1432 1274 invito
1460 1233 1537 1274 Mi-

191 1293 288 1334 lone
331 1293 377 1334 in
420 1293 556 1334 bonis.
623 1292 748 1333 Nihil
788 1292 912 1333 nobis
959 1292 1098 1333 fuerat
1135 1292 1256 1333 tanti.
1321 1291 1397 1333 Sin
1433 1291 1536 1333 haec
1556 1309 1591 1333 20

191 1352 351 1393 leviora
402 1354 521 1406 sunt,
569 1354 618 1392 tu
667 1351 886 1392 iudicabis.
955 1350 1147 1404 Loquere
1192 1365 1286 1392 cum
1329 1350 1534 1392 Duronio.

193 1409 353 1464 Scripsi
391 1410 520 1451 etiam
558 1410 610 1450 ad
642 1408 888 1465 Camillum,
925 1410 983 1451 ad
1015 1408 1217 1460 Caeli-um,
1262 1409 1314 1450 ad
1344 1408 1537 1451 Lamiam

192 1483 327 1523 eoque
369 1469 524 1523 magis,
569 1468 682 1522 quod
723 1483 811 1509 non
855 1468 1118 1509 confidebam
1154 1467 1316 1509 Romae
1354 1470 1397 1509 te
1434 1482 1535 1510 esse.

193 1526 368 1569 Summa
394 1528 475 1569 erit
500 1527 616 1569 haec.
669 1527 852 1583 StatueS,
883 1530 932 1568 ut
958 1541 1007 1568 ex
1033 1527 1127 1583 fide,
1152 1527 1264 1568 fama
1290 1541 1420 1581 reque
1443 1541 1537 1568 mea

190 1586 416 1628 videbitur.
1555 1600 1590 1627 25

827 1702 901 1745 IX.

456 1783 529 1819 Ser.
550 1784 637 1819 Acti
663 1784 792 1818 XVII
812 1783 861 1818 K.
887 1783 1009 1828 Quint.
1032 1795 1063 1818 α.
1088 1786 1158 1818 703
1187 1785 1276 1827 (51).

619 1864 787 1900 CICERO
815 1864 989 1900 ATTICO
1018 1864 1114 1899 SAL.
1171 1902 1173 1904 ,

279 1937 454 1978 Actium
494 1938 686 1978 venimus
733 1953 767 1979 a.
803 1937 840 1978 d.
875 1949 973 1978 XVII
1012 1936 1106 1978 Kal.
1145 1935 1396 1991 Quinctiles,
1440 1950 1534 1977 cum

192 1996 362 2050 quidem
399 1999 441 2037 et
474 1994 682 2050 Corcyrae
721 1998 762 2036 et
795 1995 970 2049 Sybotis
1002 1994 1250 2036 muneribus
1281 1995 1387 2048 tuis,
1427 2009 1533 2049 quae
1553 2011 1590 2037 30

192 2058 233 2094 et
259 2054 398 2095 Araus
431 2057 472 2095 et
504 2069 623 2096 meus
657 2054 816 2095 amicus
843 2053 1105 2108 Eutychides
1139 2053 1312 2107 opipare
1345 2056 1386 2094 et
1413 2057 1535 2107 φιλο-

191 2113 516 2167 προςηνέστατα
552 2113 678 2154 nobis
711 2115 1022 2167 congesserant,
1053 2111 1214 2165 epulati
1245 2126 1429 2152 essemus
1463 2110 1534 2152 Sa-

190 2170 339 2211 liarem
365 2172 410 2211 in
434 2172 618 2213 modum.
668 2170 794 2212 Actio
821 2171 1047 2212 maluimus
1074 2170 1156 2210 iter
1182 2170 1318 2211 facere
1342 2170 1534 2225 pedibus,

193 2229 266 2281 qui
293 2229 681 2271 incommodissime
699 2229 1031 2284 navigassemUS,
1058 2230 1100 2268 et
1119 2227 1346 2269 Leucatam
1366 2228 1533 2269 flectere

190 2287 419 2328 molestum
464 2289 704 2344 videbatur,
748 2288 947 2329 actuariis
986 2289 1128 2327 autem
1164 2287 1342 2328 minutis
1380 2285 1530 2327 Patras
1551 2302 1586 2329 35
