1665 2553
386 119 724 154 EPISTULARUM
750 119 815 154 AD
841 119 1042 154 BRUTUM
1067 120 1083 154 1
1110 125 1210 155 3—4.
1379 122 1465 162 525

127 214 298 271 occidit,
343 229 437 256 cum
481 215 625 269 paucis
670 215 818 256 diebus
863 218 958 256 ante
1001 229 1156 271 magno
1201 216 1362 270 proelio
1406 217 1466 258 vi-

127 274 264 315 cisset.
326 273 439 316 Nam
469 273 608 315 Pansa
639 273 807 328 fugerat
838 274 1084 315 vulneribus
1117 275 1319 331 acceptis,
1358 290 1465 329 quae

126 332 234 373 ferre
265 347 350 373 non
378 332 529 386 potuit.
586 331 804 386 Reliquias
837 332 1027 374 hostium
1059 333 1219 374 Brutus
1251 335 1464 388 persequi-

127 394 199 432 tur
250 394 291 432 et
341 390 503 432 Caesar.
577 390 734 432 Hostes
780 394 921 432 autem
965 406 1110 433 omnes
1154 392 1346 447 iudicati,
1393 393 1465 447 qui

91 449 182 493 5M.
223 449 386 491 Antoni
434 452 591 491 sectam
640 450 772 491 secuti
820 453 936 505 sunt,
986 451 1111 504 idque
1160 454 1330 492 senatus
1371 465 1466 492 con-

129 508 289 549 sultum
321 509 511 562 plerique
541 509 879 563 interpretantur
905 509 1033 550 etiam
1059 510 1110 550 ad
1135 512 1232 550 tuos
1260 510 1348 551 sive
1373 524 1466 564 cap-

127 568 239 608 tivos
269 567 356 608 sive
387 567 606 608 dediticios
638 567 858 621 pertinere.
908 567 1119 622 Equidem
1151 568 1260 609 nihil
1286 569 1465 610 disserui

128 625 292 681 durius,
339 640 434 667 cum
478 626 733 667 nominatim
775 626 825 667 de
872 624 916 668 C.
955 627 1143 668 Antonio
1189 627 1465 683 decernerem,

128 684 240 738 quod
277 685 337 725 ita
376 687 626 738 statueram,
664 700 688 725 a
724 688 766 726 te
798 698 1049 739 cognoscere
1082 700 1249 727 causam
1281 687 1370 728 eius
1404 701 1464 727 se-

74 761 107 785 10
127 746 275 784 natum
307 746 514 797 oportere.
575 743 626 785 V.
651 743 702 784 K.
730 744 874 784 Maias.

757 860 829 902 IV.

273 940 347 976 Ser.
367 941 555 987 Dyrrachi
578 942 652 976 III
671 946 736 976 aut
755 941 853 985 prid.
874 941 931 975 Id.
953 941 1049 975 Mai.
1070 953 1102 975 α.
1126 943 1193 976 711
1221 944 1310 986 (43).

513 1022 700 1057 BRUTUS
728 1021 952 1057 CICERONJ
977 1022 1073 1057 SAL.

218 1094 384 1144 Quanta
422 1095 501 1135 sim
538 1094 702 1135 laetitia
739 1095 926 1135 adfectus
968 1095 1149 1150 cognitis
1182 1095 1308 1136 rebus
1340 1095 1465 1136 Bruti

76 1171 108 1196 15
128 1154 267 1194 nostri
303 1156 345 1194 et
383 1153 614 1208 consulum,
653 1153 820 1194 facilius
854 1156 916 1194 est
948 1153 1029 1194 tibi
1061 1153 1304 1195 existimare
1336 1170 1463 1208 quam

127 1212 233 1253 mihi
279 1212 470 1252 scribere.
535 1210 641 1253 Cum
686 1212 768 1252 alia
804 1212 930 1252 laudo
970 1214 1011 1252 et
1052 1213 1212 1266 gaudeo
1252 1213 1464 1269 accidisse,

125 1274 218 1311 tum
251 1271 362 1324 quod
394 1270 518 1311 Bruti
551 1271 716 1324 eruptio
748 1285 835 1311 non
866 1270 1003 1311 solum
1035 1271 1119 1324 ipsi
1146 1271 1344 1312 salutaris
1369 1273 1463 1325 fuit,

128 1329 199 1370 sed
248 1329 375 1370 etiam
427 1329 611 1370 maximo
657 1329 708 1370 ad
750 1329 971 1369 victoriam
1014 1329 1269 1371 adiumento.
1343 1329 1464 1378 Quod

128 1387 276 1428 scribis
319 1387 424 1428 mihi
462 1387 593 1428 trium
630 1387 917 1428 Antoniorum
957 1402 1084 1428 unam
1122 1390 1247 1442 atque
1289 1389 1463 1430 eandem

74 1464 108 1488 20
128 1460 295 1487 causam
326 1460 434 1500 esse3
471 1446 572 1499 quid
604 1460 681 1500 ego
715 1447 906 1501 sentiam,
936 1446 1020 1487 mei
1052 1447 1195 1487 iudicii
1229 1462 1336 1488 esse:
1381 1451 1463 1488 sta-

127 1507 202 1545 tuo
227 1504 335 1544 nihil
359 1504 443 1544 nisi
467 1504 559 1558 1100,
585 1507 755 1545 senatus
783 1507 855 1545 aut
880 1505 1027 1558 populi
1053 1504 1236 1546 Romani
1260 1506 1463 1547 iudicium

129 1577 218 1603 esse
249 1563 298 1603 de
329 1562 382 1603 iis
388 1562 583 1637 civibus,
616 1563 688 1616 qui
713 1566 950 1617 pugnantes
976 1577 1062 1603 non
1087 1564 1336 1604 interierint.
1389 1564 1463 1605 eAt

127 1621 208 1662 hoc
244 1621 412 1676 ipsum’,
450 1621 636 1675 inquies
674 1621 833 1674 inique
863 1621 985 1675 facis,
1027 1622 1100 1674 qui
1130 1622 1301 1663 hostilis
1334 1623 1462 1664 animi

128 1680 173 1720 in
209 1694 298 1720 rem
329 1679 542 1733 publicam
579 1679 772 1720 homines
811 1679 920 1720 cives
954 1679 1169 1733 appelles.5
1228 1680 1364 1722 Immo
1403 1682 1464 1722 iu-

75 1755 108 1781 25
130 1738 325 1779 stissime.
377 1737 497 1787 Quod
529 1738 640 1778 enim
670 1738 857 1778 nondum
890 1741 1059 1778 senatus
1092 1739 1254 1780 censuit
1285 1753 1361 1780 nec
1392 1755 1464 1793 po-

128 1797 253 1851 pulus
290 1796 508 1837 Romanus
545 1796 688 1851 iussit,
729 1797 771 1836 id
809 1796 1061 1850 adroganter
1097 1811 1184 1837 non
1223 1798 1462 1850 praeiudico

128 1868 264 1909 neque
299 1869 448 1896 revoco
486 1855 537 1895 ad
568 1855 793 1895 arbitrium
823 1869 973 1895 meum.
1036 1853 1146 1895 Illud
1178 1856 1347 1909 quidem
1377 1871 1463 1898 non

129 1916 267 1967 muto,
299 1914 413 1967 quod
443 1913 492 1968 ei,
525 1928 649 1967 quem
680 1928 747 1954 me
780 1913 966 1954 occidere
997 1928 1063 1954 res
1096 1928 1181 1954 non
1213 1914 1363 1969 coegit,
1394 1929 1464 1956 ne-

132 1986 211 2024 que
250 1972 473 2013 crudeliter
511 1972 736 2025 quicquam
774 1971 909 2025 eripui
947 1986 1083 2026 neque
1114 1972 1319 2014 dissolute
1353 1975 1464 2027 quic—

77 2047 111 2072 30
132 2044 258 2083 quam
287 2030 431 2070 remisi
461 2030 674 2084 habuique
699 2031 745 2071 in
770 2045 862 2071 mea
887 2033 1109 2085 potestate,
1142 2031 1279 2084 quoad
1304 2031 1464 2073 bellum

130 2088 223 2128 fuit.
272 2087 410 2129 Multo
444 2088 636 2142 equidem
666 2089 886 2129 honestius
918 2089 1069 2144 iudico,
1099 2090 1319 2143 magisque
1352 2091 1464 2144 quod

131 2146 353 2187 concedere
383 2147 519 2200 possit
550 2161 615 2187 res
647 2147 828 2201 publica,
858 2148 1111 2188 miserorum
1136 2148 1352 2189 fortunam
1376 2163 1463 2190 non

130 2204 328 2245 insectari
366 2219 491 2258 quam
527 2205 693 2246 infinite
731 2206 917 2246 tribuere
956 2206 1222 2260 potentibuS‚
1260 2221 1366 2260 quae
1397 2222 1462 2248 cu-

46 2312 49 2314 ,
131 2263 353 2315 piditatem
391 2265 432 2303 et
470 2263 761 2317 adrogantiam
801 2263 1020 2304 incendere
1057 2264 1234 2318 possint.
1297 2264 1388 2314 Qua
1418 2266 1463 2307 in

78 2338 112 2363 35
131 2336 187 2374 re,
220 2319 378 2375 Cicero,
409 2321 473 2361 vir
506 2322 666 2375 optime
692 2325 817 2375 atque
843 2322 1072 2363 fortissime
1096 2323 1286 2377 mihique
1310 2324 1462 2366 merito

1490 1343 1509 1372 ιζ)

1489 2278 1509 2307 3
