1665 2553
344 112 684 147 EPISTULARUM
708 113 772 147 AD
799 112 1013 148 ATTICUM
1039 113 1104 148 XV
1130 117 1161 157 5,
1189 118 1219 148 6.
1367 114 1453 155 471

750 278 821 320 VI.

259 359 332 393 Ser.
350 360 389 392 in
419 359 624 393 Tusculano
658 360 714 393 VI
736 359 782 393 K.
804 360 888 393 Iun.
909 361 1045 404 vesperi
1070 372 1102 394 a.
1125 363 1196 395 710
1222 362 1310 403 (44).

541 441 730 475 CICERO
751 441 943 476 ATTICO
968 441 1076 476 SAL.

206 510 312 553 Cum
356 513 406 553 ad
443 528 508 553 me
545 512 704 554 Brutus
741 516 887 554 noster
925 514 1162 567 scripsisset
1195 516 1236 554 et
1268 512 1453 568 Cassius,

81 589 96 613 5
121 573 164 611 ut
202 570 409 626 Hirtium,
454 572 527 625 qui
570 572 703 612 adhuc
745 572 881 613 bonus
919 573 1069 613 fuisset
1107 572 1130 597 ‘³‘
1157 572 1180 597 ²³²
1206 572 1230 597 ³¹⁴
1270 573 1453 613 sciebam

116 643 251 683 neque
289 644 383 670 eum
416 630 676 670 confidebam
707 631 797 671 fore
829 645 921 671 mea
954 631 1204 671 auctoritate
1236 631 1452 672 meliorem

118 687 325 734 (Antonio
365 691 429 728 est
467 689 578 729 enim
614 689 795 729 fortasse
834 689 1000 743 iratior,
1044 703 1191 730 causae
1222 704 1320 730 vero
1353 690 1453 730 ami-

117 745 342 801 cissimus),
363 750 504 787 tamen
530 747 581 787 ad
608 761 703 788 eum
730 748 879 801 scripsi
905 748 1026 801 eique
1052 748 1302 802 dignitatem
1327 747 1453 788 Bruti

117 808 158 845 et
203 803 323 845 Cassi
366 806 662 847 commendavi.
736 805 813 846 Ille
858 806 959 859 quid
1002 806 1108 846 mihi
1152 807 1451 860 rescripsisset,

65 882 97 905 10
117 863 222 904 scire
253 866 294 904 te
326 864 460 918 volui,
494 864 529 904 si
560 864 671 905 forte
702 864 807 905 idem
842 867 889 904 tu
922 864 1034 918 quod
1065 878 1142 918 ego
1176 865 1450 917 existimares,

117 922 223 962 istos
250 922 377 962 etiam
401 937 514 963 nunc
539 923 684 977 vereri,
715 937 767 963 ne
792 923 902 963 forte
928 923 1010 976 ipsi
1035 924 1173 964 nostri
1198 923 1293 977 plus
1321 923 1451 964 animi

116 980 300 1020 habeant
332 995 459 1034 quam
490 981 660 1022 liabent.

375 1072 624 1107 ‘HIRTIUS
657 1071 921 1107 CICERONI
955 1073 1054 1107 SUO
1089 1073 1197 1108 SAL.

205 1143 399 1184 Rurene
430 1145 525 1184 iam
556 1144 808 1198 redierim,
835 1145 1062 1198 quaeris.>
1098 1145 1172 1185 An
1205 1159 1313 1199 ego,
1344 1159 1451 1185 cum

65 1220 97 1245 15
118 1217 285 1243 omnes
346 1202 568 1255 caleant,
630 1203 891 1257 ignaviter
952 1203 1163 1257 aliquid
1223 1204 1449 1244 faciam?

116 1261 283 1301 Etiam
333 1275 388 1301 ex
437 1261 559 1301 urbe
609 1276 714 1301 sum
757 1262 1039 1315 profectus,
1088 1262 1276 1302 utilius
1321 1262 1451 1303 enim

119 1319 278 1360 statui
310 1320 500 1360 abesse.
562 1319 664 1360 Has
697 1320 797 1360 tibi
828 1320 1039 1361 litteras
1072 1321 1243 1361 exiens
1276 1321 1327 1361 in
1357 1321 1450 1361 Tu-

118 1378 376 1418 sculanum
427 1378 620 1431 scripsi.
694 1377 813 1418 Noli
857 1382 1020 1419 autem
1063 1394 1135 1420 me
1178 1382 1278 1420 tam
1322 1382 1450 1420 stre-

117 1450 270 1476 nuum
312 1439 508 1490 putare,
557 1439 610 1476 ut
655 1436 711 1477 ad
754 1435 924 1477 Nonas
968 1451 1232 1478 recurram.
1303 1437 1450 1478 Nihil

64 1512 98 1536 20
119 1494 245 1534 enim
282 1494 378 1534 iam
415 1494 562 1535 video
601 1509 729 1547 opus
768 1510 876 1535 esse
913 1499 1088 1536 nostra
1125 1510 1258 1549 cura,
1297 1511 1450 1549 quon-

118 1553 215 1593 iam
246 1552 508 1606 praesidia
541 1556 656 1592 sunt
688 1553 739 1592 in
770 1556 846 1593 tot
879 1568 1033 1594 annos
1065 1555 1277 1607 provisa.
1327 1553 1449 1594 Bru-

118 1614 200 1651 tus
251 1614 298 1651 et
343 1609 548 1651 Cassius
592 1611 804 1665 utinam,
856 1626 998 1664 quam
1038 1612 1189 1652 facile
1233 1627 1256 1652 a
1299 1615 1349 1653 te
1394 1613 1449 1653 de

119 1684 190 1710 me
233 1669 506 1722 impetrare
551 1672 783 1722 possunt,
826 1669 898 1709 ita
941 1684 1025 1723 per
1068 1673 1116 1710 te
1157 1673 1450 1725 exorentur,

118 1742 176 1768 ne
214 1727 345 1781 quod
382 1727 596 1767 calidius
634 1727 806 1767 ineant
844 1728 1136 1769 consilium!
1192 1727 1447 1769 Cedentes

67 1787 251 1828 ί15011111]
299 1785 420 1826 haec
469 1785 541 1825 ais
588 1786 858 1838 scripsisse
902 1811 956 1814 —
1002 1801 1095 1839 quo
1141 1789 1224 1826 aut
1269 1787 1447 1840 quare?

119 1843 319 1898 Retine,
352 1844 559 1884 obsecro
591 1846 658 1898 te,
689 1842 885 1898 Cicero,
916 1844 1036 1884 illos
1069 1847 1115 1884 et
1145 1844 1253 1885 noli
1286 1845 1449 1886 sinere

120 1902 241 1942 haec
286 1902 449 1942 omnia
492 1902 677 1955 perire,
722 1916 845 1955 quae
888 1902 1118 1943 funditus
1161 1904 1346 1944 ‘medius
1390 1904 1449 1944 fi-

120 1960 231 2000 dius
263 1960 473 2013 rapinis,
504 1960 772 2014 incendiis,
804 1960 1038 2002 caedibus
1070 1964 1448 2014 pervertuntur.

121 2018 354 2073 Tantum,
399 2019 442 2058 si
480 2018 598 2071 quid
635 2019 836 2072 timent,
880 2022 1108 2072 caveant,
1145 2019 1280 2059 nihil
1315 2034 1450 2073 prae-

69 2094 103 2118 30
123 2079 259 2117 terea
290 2076 588 2117 moliantur.
638 2075 749 2117 Non
780 2077 968 2117 medius
1001 2077 1158 2118 fidius
1192 2078 1448 2118 acerrimis

122 2135 356 2175 consiliis
400 2135 514 2188 plus
558 2149 701 2188 quam
745 2135 894 2175 etiam
938 2135 1289 2189 inertissimis,
1339 2136 1450 2177 dum

122 2193 262 2233 modo
296 2192 661 2247 diligentibus,
692 2196 1078 2246 consequentur.
1140 2193 1272 2234 Haec
1303 2195 1451 2249 enim,

123 2265 249 2304 quae
281 2251 469 2305 fluunt,
499 2265 585 2304 per
617 2265 666 2291 se
698 2250 938 2292 diuturna
968 2266 1067 2292 non
1099 2255 1232 2306 sunt3
1263 2252 1313 2293 in
1339 2267 1451 2294 con-

122 2309 352 2350 tentione
384 2311 680 2362 praesentes
712 2309 770 2349 ad
794 2310 1068 2350 nocendum
1092 2309 1280 2351 habent
1305 2312 1451 2352 vires.
