1665 2553
379 105 718 140 EPISTULARUM
742 105 806 140 AD
833 104 1047 140 ATTICUM
1071 105 1088 138 1
1114 109 1167 140 16.
1389 104 1441 146 21

107 200 458 242 honorificentior
488 201 579 242 visa
611 203 674 242 est
707 215 832 255 quam
864 203 937 241 aut
968 201 1052 254 illa,
1085 214 1179 240 cum
1210 200 1349 240 iurare
1381 200 1445 241 tui

109 260 219 301 cives
250 259 530 301 Xenocratem
562 260 854 300 testimonium
886 259 1091 300 dicentem
1121 258 1446 314 prohibuerunt,

110 322 182 360 aut
214 333 308 359 cum
339 319 507 359 tabulas
540 318 702 359 Metelli
734 317 967 373 Numidici,
1011 332 1105 358 cum
1143 331 1232 373 eae,
1272 320 1320 358 ut
1352 331 1445 358 mos

110 380 186 432 est,
218 377 599 432 circumferrentur,
629 377 767 418 nostri
797 377 954 418 iudices
988 377 1173 430 aspicere
1203 376 1444 417 noluerunt.

73 436 246 478 5Multo
277 436 396 491 haec,
436 437 627 490 inquam,
666 438 814 477 nostra
850 451 916 477 res
949 436 1093 476 maior.
1155 434 1304 489 Itaque
1336 434 1444 475 iudi-

109 509 204 535 cum
246 495 438 549 vocibus,
482 509 577 535 cum
621 509 697 549 ego
744 495 802 535 sic
846 494 897 535 ab
941 494 994 534 iis
1038 496 1085 534 ut
1131 494 1244 534 salus
1282 493 1445 547 patriae

109 553 366 608 defenderer,
406 554 565 594 fractus
606 568 702 594 reus
743 555 784 594 et
816 568 899 594 una
935 553 1104 607 patroni
1137 567 1280 594 omnes
1313 552 1445 593 conci-

109 611 277 666 derunt,
316 612 367 652 ad
402 627 469 653 me
502 615 642 653 autem
674 611 816 653 eadem
846 612 1084 666 frequentia
1114 611 1320 665 postridie
1352 625 1446 651 con-

108 671 242 726 venit,
274 685 454 725 quacum
486 671 630 712 abiens
662 671 885 711 consulatu
917 685 1011 711 sum
1038 670 1210 711 domum
1236 670 1444 710 reductus.

56 747 90 771 10
110 727 300 770 Clamare
343 729 548 783 praeclari
579 729 855 784 Ariopagitae
897 743 939 769 se
981 743 1069 769 non
1111 743 1201 769 esse
1243 731 1445 769 venturos

107 787 193 828 nisi
223 788 431 842 praesidio
465 788 709 829 constituto.
759 787 957 828 Refertur
983 787 1034 828 ad
1065 787 1300 828 consilium.
1350 786 1447 828 Una

111 846 200 888 sola
241 847 451 887 sententia
494 846 750 901 praesidium
790 861 878 887 non
918 846 1179 887 desideravit.
1246 844 1447 886 Defertur

109 919 175 945 res
197 905 247 945 ad
274 908 477 946 senatum.
530 904 787 946 Gravissime
814 905 1165 958 ornatissimeque
1191 904 1447 958 decernitur,

109 963 335 1004 laudantur
366 964 541 1018 iudices,
574 964 697 1004 datur
728 964 947 1018 negotium
978 963 1313 1017 magistratibus.
1369 962 1447 1003 Re·
1488 1001 1496 1005 ,

58 1039 91 1064 15
112 1036 367 1076 sponsurum
398 1022 614 1063 hominem
644 1037 766 1062 nemo
800 1022 1099 1063 arbitrabatur.

391 1103 594 1146 ε”Εσπετε
624 1110 709 1145 νῦν
739 1120 827 1158 μοι,
859 1106 1038 1145 1Μοῦσαι
1071 1128 1127 1134 —

392 1164 539 1212 ὅππως
571 1164 624 1216 δὴ
656 1170 831 1217 πρῶτον
862 1169 950 1216 πῦρ
983 1162 1165 1217 ἔμπεσε]

197 1255 325 1297 Nosti
361 1255 537 1297 Calvum
569 1271 618 1296 ex
652 1254 912 1296 Nanneianis
943 1255 1081 1309 illum,
1114 1255 1235 1296 illum
1260 1255 1448 1296 laudato-

110 1329 200 1356 rem
224 1329 377 1371 meum,
409 1314 457 1355 de
483 1314 601 1355 cuius
629 1315 819 1355 oratione
845 1327 944 1369 erga
967 1328 1034 1354 me
1059 1314 1291 1355 honorifica
1324 1314 1375 1354 ad
1406 1317 1448 1355 te

59 1391 92 1415 20
113 1373 372 1427 scripseram.
434 1373 570 1413 Biduo
602 1387 676 1426 per
705 1386 838 1413 unum
870 1387 1038 1413 servum
1069 1375 1110 1413 et
1139 1387 1234 1413 eum
1266 1387 1315 1413 ex
1346 1373 1446 1413 ludo

114 1432 365 1486 gladiatorio
413 1431 591 1472 confecit
643 1434 783 1472 totum
834 1431 1072 1486 negotium3
1127 1431 1344 1472 arcessivit
1397 1431 1449 1472 ad

114 1504 169 1545 se,
200 1490 410 1544 promisit,
440 1490 696 1544 intercessit,
730 1490 855 1530 dedit.
916 1489 1007 1530 Iam
1038 1504 1137 1531 vero
1171 1488 1228 1546 (0,
1260 1490 1302 1530 di
1333 1489 1449 1544 boni,

112 1563 201 1588 rem
232 1546 478 1603 perditaml)
506 1548 633 1588 etiam
663 1551 808 1589 noctes
835 1551 1043 1589 certarum
1069 1548 1295 1589 mulierum
1321 1551 1448 1602 atque

115 1606 525 1646 adulescentulorum
564 1606 775 1646 nobilium
814 1606 1149 1647 introductiones
1188 1621 1275 1648 non
1318 1607 1447 1647 nullis

0 1710 1 1715 ¹
61 1682 93 1707 25
114 1664 322 1705 iudicibus
364 1678 440 1717 pro
481 1664 683 1704 mercedis
726 1665 892 1705 cumulo
934 1665 1115 1705 fuerunt.
1176 1664 1243 1705 Ita
1284 1679 1447 1705 summo

114 1722 298 1763 discessu
338 1722 566 1777 bonorum,
604 1723 728 1776 pleno
769 1723 862 1764 foro
905 1737 1122 1764 servorum
1158 1735 1253 1763 XXV
1289 1723 1448 1763 iudices

113 1781 174 1821 ita
204 1781 336 1821 fortes
362 1783 505 1821 tamen
535 1781 719 1836 fuerunt,
750 1784 798 1821 ut
826 1795 988 1822 summo
1015 1782 1235 1835 proposito
1262 1781 1448 1834 periculo

113 1839 182 1880 vel
212 1840 346 1893 perire
376 1839 602 1880 maluerint
641 1854 766 1893 quam
805 1839 976 1893 perdere
1008 1840 1158 1880 omnia.
1220 1852 1333 1880 XXXI
1363 1840 1450 1880 fue-

115 1900 227 1952 runt,
258 1912 363 1951 quos
394 1898 525 1938 fames
551 1898 687 1952 magis
714 1912 840 1951 quam
868 1898 979 1939 fama
1005 1898 1289 1939 commoverit.
1340 1897 1450 1946 Quo-

63 1973 97 1998 30
115 1970 210 1995 rum
235 1954 411 1997 Catulus
443 1971 537 1997 cum
562 1956 737 1997 vidisset
763 1957 982 2012 quendam,
1015 1955 1138 2005 ‘Quid
1163 1956 1266 2009 vos’,
1297 1956 1450 2012 inquit,

119 2014 387 2066 ‘praesidium
413 2030 436 2055 a
461 2015 584 2056 nobis
619 2014 929 2068 postulabatis?
962 2030 1026 2070 an,
1057 2030 1108 2055 ne
1133 2015 1296 2055 nummi
1326 2015 1448 2055 vobis

118 2072 397 2128 eriperentur,
434 2073 693 2114 timebatis?'
755 2072 917 2128 Habes,
957 2076 1005 2113 ut
1036 2073 1282 2114 brevissime
1313 2074 1448 2128 potui,

118 2144 250 2184 genus
281 2130 425 2172 iudicii
456 2134 498 2172 et
529 2146 697 2172 causam
730 2132 1020 2172 absolutionis,

206 2187 379 2236 Quaeris
411 2189 615 2244 deinceps,
648 2190 720 2244 qui
745 2204 855 2230 nunc
882 2190 937 2230 sit
970 2192 1106 2230 status
1132 2204 1272 2230 rerum
1304 2193 1344 2230 et
1377 2190 1450 2244 qui

66 2263 99 2289 35
118 2261 245 2288 meus.
306 2246 385 2287 Rei
414 2247 607 2300 publicae
637 2251 796 2289 statum
826 2248 966 2302 illum,
998 2263 1122 2302 quem
1152 2250 1200 2289 tu
1231 2263 1322 2289 meo
1356 2263 1450 2290 con-

120 2305 233 2359 silio,
265 2319 342 2360 ego
375 2305 515 2346 divino
549 2307 841 2348 confirmatum
874 2307 1095 2362 putabam,
1136 2307 1207 2361 qui
1239 2307 1450 2348 bonorum
