1665 2553
205 109 290 151 ?98
633 109 682 143 M.
709 109 850 143 TULLI
876 108 1124 143 CICERONIS

156 218 176 247 ‘7
294 204 401 246 Cum
439 205 541 245 haec
573 204 847 257 scripsissem,
892 219 915 244 a
947 202 1129 244 Curione
1160 204 1266 245 mihi
1296 205 1541 247 nuntiatum

205 266 268 304 est
301 278 397 304 eum
428 263 479 304 ad
511 277 576 303 me
608 264 761 303 venire.
812 262 998 303 Venerat
1031 263 1142 302 enim
1174 263 1210 303 is
1236 263 1281 303 in
1306 261 1542 305 Cumanum

205 322 369 376 vesperi
400 322 547 376 pridie,
579 321 621 361 id
654 324 715 361 est
741 319 896 361 Idibus.
950 319 993 361 Si
1028 321 1128 374 quid
1153 321 1286 375 igitur
1312 322 1400 363 eius
1426 323 1540 364 modi

206 395 343 421 sermo
382 381 470 421 eius
510 380 719 433 attulerit,
765 379 877 432 quod
915 379 966 419 ad
1004 381 1046 420 te
1085 379 1350 421 scribendum
1389 381 1462 435 sit,
1498 381 1541 421 id

204 439 271 482 his
303 439 461 479 litteris
495 438 730 492 adiungam.
1579 455 1594 481 5

156 509 177 538 8
292 496 517 538 Praeteriit
555 497 702 537 villam
732 511 870 537 meam
902 494 1029 537 Curio
1061 496 1270 550 iussitque
1302 497 1408 538 mihi
1437 512 1541 538 nun-

204 556 304 596 tiari
342 570 441 596 mox
480 570 523 596 se
560 558 787 596 venturum
826 555 1094 608 cucurritque
1131 554 1351 610 Puteolos,
1395 558 1443 596 ut
1480 556 1541 596 ibi

206 615 534 655 contionaretur.
580 612 869 654 Contionatus
896 616 972 667 est,
1003 613 1140 666 rediit,
1166 613 1247 654 fuit
1274 614 1325 654 ad
1350 629 1416 655 me
1443 628 1542 655 sane

204 673 286 714 diu.
350 672 384 713 O
422 687 510 713 rem
548 672 730 713 foedam!
780 671 909 712 Nosti
946 671 1179 726 hominem,
1222 672 1331 712 nihil
1363 673 1541 714 occulta-

203 732 285 786 vit,
322 732 366 771 in
398 731 546 785 primis
579 730 688 771 nihil
719 745 808 771 esse
840 730 1008 785 certius,
1041 745 1167 784 quam
1198 733 1246 771 ut
1279 745 1436 786 omnes,
1468 731 1540 786 qui
1560 748 1594 774 10

204 790 296 844 lege
328 789 528 843 Pompeia
569 789 835 830 condemnati
867 791 1026 843 essent,
1063 789 1397 830 restituerentur.
1458 787 1542 831 Ita-

205 864 285 901 que
319 863 362 889 se
394 848 439 889 in
472 847 615 889 Sicilia
647 862 793 889 eorum
826 862 952 901 opera
984 862 1171 888 usurum.
1227 846 1290 888 De
1322 848 1541 902 Hispaniis

202 922 291 948 non
322 907 556 960 dubitabat,
591 907 692 960 quin
720 905 911 948 Caesaris
945 909 1095 947 essent.
1146 905 1247 947 Inde
1279 907 1420 960 ipsum
1446 921 1541 948 cum

203 966 406 1019 exercitu,
447 966 701 1019 ubicumque
732 965 957 1018 Pompeius
996 968 1116 1006 esset.
1178 965 1283 1006 Eius
1322 965 1542 1006 interitum

202 1024 329 1065 finem
355 1024 456 1077 †illi
487 1025 586 1065 fore.
637 1023 817 1077 Propius
848 1024 1007 1064 factum
1038 1038 1128 1065 esse
1159 1023 1286 1077 nihss3
1317 1024 1393 1073 †ei
1418 1024 1541 1077 plane
1562 1040 1594 1065 15

202 1083 419 1123 iracundia
464 1083 622 1123 elatum
665 1083 851 1123 voluisse
890 1081 1112 1123 Caesarem
1151 1082 1283 1122 occidi
1320 1082 1541 1123 Metellum

202 1142 423 1182 tribunum
455 1141 511 1194 pl.
574 1140 694 1188 Quod
726 1141 759 1180 si
793 1143 904 1181 esset
934 1141 1106 1191 factum,
1145 1141 1311 1181 caedem
1341 1154 1540 1195 magnam

200 1200 388 1240 futuram
437 1199 579 1240 fuisse.
652 1198 892 1239 Per-multos
948 1198 1188 1239 hortatores
1245 1213 1336 1239 esse
1391 1199 1540 1254 caedis,

201 1258 342 1311 ipsum
377 1260 518 1298 autem
547 1272 634 1298 non
665 1258 884 1298 voluntate
917 1259 989 1297 aut
1020 1260 1173 1297 natura
1203 1271 1290 1297 non
1329 1271 1419 1298 esse
1450 1271 1539 1298 cru-

201 1316 353 1370 delem,
392 1316 463 1356 sed
501 1315 613 1369 quod
651 1316 899 1369 popularem
928 1319 1097 1368 putaret
1135 1329 1225 1355 esse
1263 1315 1538 1356 clementiam.
1561 1333 1594 1356 20

203 1373 361 1423 Quodsi
388 1374 535 1428 populi
562 1374 748 1414 studium
777 1374 997 1427 amisisset,
1030 1373 1241 1414 crudelem
1265 1374 1366 1415 fore.
1412 1374 1540 1414 Eum-

203 1447 283 1486 que
314 1433 622 1486 perturbatum,
654 1432 768 1486 quod
799 1431 1064 1486 intellegeret
1091 1447 1133 1473 se
1160 1432 1270 1485 apud
1296 1432 1432 1485 ipsam
1456 1433 1540 1486 ple-

201 1492 297 1532 bem
329 1491 551 1532 offendisse
585 1491 633 1531 de
660 1491 832 1531 aerario.
883 1489 1045 1545 Itaque,
1076 1491 1113 1531 ei
1139 1505 1233 1531 cum
1259 1490 1540 1531 certissimum

201 1550 370 1604 fuisset,
421 1553 648 1603 antequam
689 1549 1044 1603 proficisceretur,
1089 1549 1329 1590 contionem
1372 1548 1540 1603 habere,

202 1623 352 1649 ausum
381 1623 468 1649 non
500 1623 590 1649 esse
621 1607 974 1662 vehementerque
1001 1607 1141 1648 animo
1169 1608 1419 1661 perturbato
1446 1622 1539 1661 pro-
1559 1623 1592 1649 25

153 1678 173 1707 9
201 1667 369 1708 fectum.
432 1665 538 1708 Cum
577 1669 718 1708 autem
758 1681 808 1707 ex
847 1681 895 1707 eo
936 1680 1197 1721 quaererem,
1237 1666 1337 1719 quid
1368 1666 1540 1721 videret,

202 1740 326 1779 quem
363 1728 576 1778 eventum,
615 1740 743 1779 quam
779 1740 867 1765 rem
904 1724 1135 1778 publicam,
1173 1725 1295 1778 plane
1326 1724 1539 1765 fatebatur

198 1785 360 1824 nullam
386 1799 502 1838 spem
526 1784 744 1837 reliquam.
788 1782 962 1837 Pompei
989 1784 1167 1824 classem
1191 1782 1380 1823 timebat.
1425 1781 1539 1830 Quae

200 1843 236 1883 si
268 1844 436 1896 exisset,
469 1857 511 1883 se
543 1843 593 1883 de
620 1842 764 1883 Sicilia
790 1842 1018 1882 abiturum.
1071 1841 1197 1890 eQuid
1221 1840 1323 1895 isti',
1354 1841 1539 1895 inquam,

199 1901 285 1942 ‘sex
311 1901 376 1941 tui
403 1902 564 1942 fasces?
615 1901 650 1941 si
677 1916 699 1941 a
726 1903 893 1954 senatu,
934 1914 1008 1940 cur
1032 1899 1240 1940 laureati?
1290 1899 1326 1939 si
1353 1899 1404 1940 ab
1431 1899 1537 1953 ipso,
1558 1916 1591 1940 30

199 1974 271 2000 cur
303 1960 419 2000 sex?
471 1959 666 2013 <Cupivi2
705 1959 864 2013 inquit,
903 1958 968 1999 ‘ex
1009 1961 1178 1999 senatus
1220 1957 1414 1998 consulto
1449 1971 1537 1998 sur-

198 2021 345 2071 rupto,
376 2032 475 2059 nam
508 2018 630 2058 aliter
660 2031 742 2058 non
776 2020 954 2070 poterat.
1005 2016 1065 2057 At
1090 2016 1161 2057 ille
1187 2015 1399 2069 impendio
1425 2029 1538 2056 nunc

197 2077 332 2129 magis
373 2076 462 2117 odit
501 2079 703 2117 senatum.
765 2075 805 2115 A
841 2076 936 2129 me',
975 2075 1135 2129 inquit,
1176 2073 1333 2114 ‘omnia
1373 2073 1537 2127 profici-

198 2134 392 2175 scentur?
445 2133 545 2175 ‘Cur
578 2137 719 2175 autem
750 2134 866 2175 sex?’
911 2133 1031 2182 ‘Quia
1062 2144 1128 2173 XII
1151 2132 1289 2186 nolui3
1319 2147 1417 2172 nam
1441 2132 1536 2173 lice-

128 2202 170 2231 10
198 2191 299 2233 bat?
360 2192 470 2233 Tum
517 2207 594 2247 ego
634 2192 785 2241 ‘Quam
822 2192 999 2247 vellem’,
1042 2191 1232 2246 inquam,
1276 2191 1447 2244 ‘petisse
1484 2190 1535 2230 ab
1555 2206 1588 2232 35

197 2263 265 2303 eo,
314 2251 427 2303 quod
471 2251 595 2292 audio
638 2250 885 2304 Philippum
927 2250 1194 2303 impetrasse!
1252 2248 1333 2290 Sed
1374 2248 1534 2290 veritus

198 2321 303 2363 sum,
336 2308 435 2361 quia
465 2309 537 2350 ille
569 2324 592 2349 a
623 2324 688 2350 me
720 2309 829 2349 nihil
858 2307 1143 2362 impetrabat.'
1201 2306 1445 2362 ‘Libenter’,
1475 2306 1534 2346 in-
