1665 2553
165 429 184 458 [0

105 1134 120 1163 1
150 1132 187 1165 (3)

106 1663 124 1690 23
153 1662 189 1692 (41

211 85 296 126 382
635 85 683 120 M.
710 84 851 119 TULLI
878 83 1128 119 CICERONIS

211 182 310 222 dum
341 195 429 222 non
461 181 727 235 exspectarit,
760 195 855 221 cum
889 180 943 221 ob
976 195 1067 221 eam
1098 194 1227 220 unam
1259 194 1429 221 causam
1454 180 1552 222 mis-

212 256 281 281 sus
314 243 435 281 esset.
486 239 612 280 Nunc
644 239 827 293 quidem,
857 239 941 280 nisi
974 239 1075 293 quid
1106 242 1149 280 te
1180 239 1331 294 tenuit,
1363 239 1554 293 suspicor

212 303 253 340 te
287 313 377 340 esse
408 299 453 339 in
480 299 736 339 suburbano.
788 298 848 338 At
873 311 951 352 ego
978 298 1047 338 hic
1075 298 1295 339 scribendo
1323 298 1410 339 dies
1436 301 1553 339 totos

211 358 322 398 nihil
354 357 548 411 equidem
579 357 707 411 levor,
741 357 814 397 sed
845 359 988 398 tamen
1021 357 1181 398 aberro.

302 416 475 457 Asinius
512 415 650 456 Pollio
696 416 747 456 ad
789 430 855 456 me
900 415 1070 469 scripsit
1114 415 1163 456 de
1201 416 1366 469 impuro
1404 418 1552 456 nostro

213 478 404 530 cognato.
457 474 577 523 Quod
608 474 768 515 Balbus
800 475 940 515 minor
970 489 1105 528 nuper
1132 475 1236 515 satis
1262 474 1398 529 plane,
1428 474 1553 515 Dola-

213 535 323 575 bella
368 534 562 588 obscure,
604 533 674 574 hic
715 533 990 587 apertissime.
1062 532 1233 574 Ferrem
1271 533 1474 588 graviter,
1518 533 1554 574 si

211 607 346 633 novae
379 592 662 646 aegrimoniae
694 592 811 633 locus
846 596 966 632 esset.
1019 590 1100 633 Sed
1131 595 1274 633 tamen
1300 592 1448 646 ecquid
1478 592 1555 632 im-

213 652 390 705 purius?
431 650 464 691 O
491 651 707 692 hominem
740 651 987 691 cavendum!
1033 650 1297 705 Quamquam
1328 651 1433 691 mihi
1466 651 1555 705 qui-

215 711 307 750 dem
341 735 396 739 ——
431 710 501 750 sed
532 710 738 750 tenendus
772 710 892 750 dolor
926 712 999 750 est.
1051 709 1127 763 Tu,
1159 710 1361 764 quoniam
1385 723 1555 751 necesse

213 769 321 809 nihil
353 772 430 824 est,
457 769 515 809 sic
550 769 706 809 scribes
740 768 914 823 aliquid,
946 768 981 809 si
1013 769 1193 810 vacabis.

749 885 979 926 XXXVIII
989 901 1021 927 a.

506 967 579 1002 Ser.
602 967 760 1001 Asturae
786 967 882 1001 Non.
905 966 998 1001 Maza
1021 979 1053 1001 α.
1078 969 1149 1002 709
1177 968 1266 1010 (45).

617 1048 809 1083 CICERO
834 1049 869 1083 A
876 1049 1027 1083 TTICO
1052 1048 1159 1083 SAL.

304 1121 426 1170 Quod
464 1124 589 1175 putas
624 1123 819 1174 oportere
852 1121 1062 1174 pervideri
1094 1121 1178 1161 iam
1213 1120 1343 1161 animi
1375 1121 1457 1162 mei
1488 1121 1557 1161 fir-

215 1182 407 1221 mitatem
459 1180 714 1234 graviusque
768 1179 973 1233 quosdam
1026 1179 1175 1219 scribis
1226 1179 1275 1219 de
1323 1193 1391 1220 me
1439 1180 1558 1233 loqui

217 1255 343 1293 quam
376 1241 450 1279 aut
483 1241 524 1278 te
557 1238 741 1278 scribere
773 1240 846 1278 aut
879 1237 1074 1292 Brutum,
1106 1238 1154 1292 31,
1186 1238 1258 1291 qui
1283 1252 1350 1278 me
1376 1238 1558 1279 fractum

217 1313 306 1339 esse
339 1297 479 1337 animo
513 1299 554 1337 et
587 1296 855 1336 debilitatum
888 1299 1054 1351 putant7
1087 1297 1233 1350 sciant,
1266 1297 1367 1350 quid
1397 1297 1558 1338 littera-

216 1372 310 1397 rum
349 1358 390 1396 et
428 1355 546 1396 cuius
585 1355 749 1409 generis
788 1355 1025 1409 conficiam,
1069 1355 1210 1409 credo)
1247 1355 1283 1395 si
1321 1355 1446 1396 modo
1484 1355 1558 1397 ho-

216 1415 350 1455 mines
378 1414 476 1468 sint,
509 1413 751 1454 existiment
776 1429 855 1468 1116,
887 1413 974 1454 sive
999 1414 1059 1454 ita
1084 1413 1248 1454 levatus
1277 1414 1369 1469 sim,
1399 1417 1447 1455 ut
1473 1415 1558 1455 anj-

216 1488 331 1515 mum
380 1487 559 1513 vacuum
609 1472 661 1512 ad
710 1486 776 1513 res
828 1472 1019 1513 difficiles
1071 1472 1311 1513 scribendas
1361 1473 1558 1528 adferam,

217 1531 605 1586 reprehendendum
642 1546 728 1571 non
767 1545 875 1585 esse,
920 1531 1007 1572 sive
1045 1531 1153 1572 hanc
1194 1531 1503 1573 aberrationem
1536 1547 1560 1573 a

220 1591 364 1632 dolore
397 1590 642 1644 delegerim,
681 1604 787 1643 quae
826 1590 1008 1630 maxime
1039 1590 1228 1631 liberalis
1262 1590 1318 1630 sit
1350 1591 1558 1644 doctoque

216 1650 387 1691 homine
427 1649 694 1703 dignissima,
737 1648 900 1689 laudari
932 1663 998 1689 me
1031 1649 1159 1689 etiam
1198 1651 1403 1703 oportere.
1466 1648 1559 1704 Sed,

217 1724 311 1750 cum
345 1722 422 1763 ego
455 1707 607 1748 faciam
641 1708 794 1761 omnia,
828 1722 933 1761 quae
964 1708 1099 1748 facere
1131 1708 1292 1761 possim
1324 1707 1376 1748 ad
1400 1722 1466 1748 me
1493 1708 1560 1748 ad—

216 1767 454 1821 levandum,
485 1769 532 1807 tu
565 1766 683 1807 effice
715 1766 768 1819 id,
801 1766 913 1819 quod
939 1766 1059 1807 video
1086 1768 1128 1806 te
1152 1781 1238 1807 non
1263 1766 1403 1807 minus
1431 1781 1558 1820 quam

217 1840 283 1867 me
326 1826 530 1866 laborare.
597 1824 690 1865 Hoc
734 1824 840 1865 mihi
884 1825 1033 1865 debere
1074 1825 1218 1866 videor
1255 1839 1390 1878 neque
1428 1825 1558 1866 levari

216 1899 354 1939 posse,
384 1884 467 1924 nisi
499 1883 663 1924 solvero
696 1886 770 1924 aut
802 1883 944 1924 videro
976 1898 1043 1924 me
1069 1898 1193 1937 posse
1220 1883 1393 1937 solvere,
1425 1883 1468 1923 id
1495 1886 1559 1924 est

216 1944 376 1997 locum,
414 1942 580 1996 qualem
618 1942 754 1995 velim,
792 1942 1001 1982 invenero.
1062 1941 1248 1983 Heredes
1288 1941 1491 1995 Scapulae
1523 1942 1559 1983 si

217 2002 323 2042 istos
354 2001 517 2055 hortos,
548 2003 596 2041 ut
629 2000 778 2041 scribis
810 2000 890 2040 tibi
923 2000 1135 2041 Othonem
1167 2001 1334 2054 dixisse,
1365 2001 1558 2054 partibus

219 2063 423 2113 quattuor
461 2059 584 2100 factis
624 2059 741 2099 liceri
783 2059 991 2113 cogitant,
1029 2059 1138 2099 nihil
1176 2061 1240 2099 est
1279 2059 1438 2100 scilicet
1477 2073 1558 2099 em-

218 2118 333 2171 ptori
364 2118 464 2171 loci3
509 2118 575 2158 sin
606 2117 831 2172 venibunt,
873 2118 972 2171 quid
1004 2117 1095 2158 fieri
1126 2117 1276 2171 possit,
1307 2117 1557 2159 videbimus.

218 2175 328 2216 Nam
360 2176 431 2217 ille
462 2176 580 2216 locus
606 2176 892 2230 Publicianus,
925 2176 997 2230 qui
1028 2178 1092 2216 est
1117 2175 1301 2216 Treboni
1334 2178 1374 2216 et
1401 2174 1559 2230 Cusini,

220 2237 309 2274 erat
341 2234 391 2274 ad
422 2249 488 2274 me
520 2235 685 2275 allatus,
739 2234 820 2276 Sed
852 2235 932 2275 3613
960 2248 1099 2275 aream
1127 2249 1227 2275 esse.
1277 2233 1408 2275 Nullo
1434 2237 1557 2288 pacto

1575 726 1609 751 10

1576 1138 1609 1164 15

1578 1432 1612 1457 20

1579 1725 1612 1751 25

1578 2018 1612 2044 30

218 2292 363 2345 probo.
428 2291 598 2333 Clodiae
637 2307 735 2333 sane
772 2293 956 2349 placent,
995 2293 1067 2334 sed
1102 2307 1190 2334 non
1228 2295 1333 2347 puto
1371 2306 1462 2333 esse
1493 2307 1557 2333 ve·
1577 2308 1610 2334 35
