1665 2553
145 83 171 118 C
565 83 843 118 ADNOTATIO
871 82 1058 117 CRITICA

145 176 349 221 Sternkopf
363 188 484 221 progr.
498 177 705 211 Dortmund
726 180 813 210 1891
828 180 928 220 p.40.
959 176 1014 210 De
1033 175 1152 210 verbis
1172 180 1314 211 tantum
1331 176 1420 210 satis
1439 176 1477 209 et

146 223 225 257 sim.
246 235 276 258 v,
291 224 442 268 interpr.
456 223 548 268 Nep.
564 223 681 257 XXIII
696 227 796 265 10.5,
829 223 949 257 Madv.
968 223 1029 257 fin.
1049 223 1066 256 I
1080 226 1166 257 9.30
1179 235 1244 265 m.,
1275 221 1358 257 Val.
1378 222 1474 256 Max.

144 270 179 303 Π
199 273 217 303 7
233 272 303 305 ext.
325 274 344 303 2
360 281 426 313 ex,
452 270 569 304 Varro
593 270 618 305 l.
632 270 670 305 L.
691 269 775 303 VIII
793 274 838 303 43
851 280 917 311 ex,
945 269 1026 304 Sen.
1047 271 1159 304 contr.
1181 273 1235 304 26.
1257 273 1355 311 5ex.,
1381 268 1474 303 Plin.

144 318 221 351 nat.
240 317 327 352 hist.
347 317 482 350 XXXII
501 321 544 351 82
558 329 593 361 p.
607 329 673 359 m.,
711 316 827 351 Orest.
848 318 942 360 trag.
965 319 1048 359 130,
1087 314 1184 351 Cass.
1206 315 1280 350 Fel.
1300 327 1334 359 p.
1351 319 1475 350 76.19.

146 384 191 388 ——-
218 367 260 397 22
290 364 444 398 Treboni
469 364 616 398 libertus
641 363 736 398 O.E.
753 363 919 397 Schmidt
946 362 1032 396 ‘Der
1050 362 1324 396 Briefwechsel’
1345 374 1380 406 p.
1397 365 1476 405 229,

146 414 213 444 231
230 422 294 454 sq.,
324 411 486 445 Treboni.
506 423 530 445 u
556 410 605 453 M,
635 411 831 444 Trebonius
857 409 938 443 edd.
965 430 1010 434 —-
1036 413 1078 442 27
1108 409 1252 453 Quintis
1278 409 1362 443 add.
1382 408 1476 442 Leh—

146 467 257 490 mann
284 457 449 498 Quaestt.
468 470 504 502 p.
527 461 610 499 102,
648 456 791 501 Tyrrell
816 467 871 500 ep.
892 460 978 499 444,
1016 467 1081 500 que
1119 455 1188 490 del.
1208 455 1305 500 vulg.
1344 476 1388 480 —
1433 459 1477 489 30

147 505 399 548 coymtz'onem
437 506 501 537 aut
532 505 701 538 ultionem
726 503 817 537 coni.
838 503 941 537 Boot.
997 503 1009 546 ΙΙ
1063 502 1108 536 Ρ.
1128 501 1218 536 346.
1241 506 1283 536 19
1304 503 1478 546 primum

147 551 212 593 qui
247 551 409 584 retinent
447 561 465 584 e
503 550 708 591 codicibus,
746 549 840 583 Boot
878 551 914 583 et
945 549 1103 592 Tyrrell,
1142 551 1304 582 statuere
1342 549 1478 582 debent

148 597 289 631 Sullam
321 597 467 642 saepius
501 598 548 630 ad
580 607 662 630 eam
691 596 876 640 legionem
905 595 1058 630 venisse.
1108 595 1151 630 V.
1172 606 1266 638 quae
1293 595 1404 629 attuli
1430 595 1478 628 ad

147 644 234 678 fam.
255 656 289 688 p.
312 648 389 679 251.
411 648 465 678 23.
515 644 617 677 Idem
646 644 819 676 mendum
850 655 884 686 p.
908 646 984 676 199.
1006 646 1050 676 30
1082 652 1104 675 a
1134 641 1242 675 Bosio
1275 644 1478 676 correctum

148 701 255 724 nemo
280 691 525 724 recentiorum
551 690 717 723 defendit
741 691 888 734 praeter
912 688 1114 731 Klotzium,
1142 691 1179 722 et
1202 688 1304 722 haud
1329 688 1403 722 scio
1431 699 1477 721 an

147 737 227 781 ipse
252 748 397 780 quoque
422 737 517 770 falso
543 737 776 770 toleraverim
800 736 878 770 Mil.
899 740 954 770 34,
971 740 1013 769 93
1029 746 1082 770 ex,
1126 735 1168 770 V.
1188 747 1224 779 p.
1246 739 1323 770 508.
1346 739 1400 770 27.
1434 756 1476 759 ——

148 784 200 818 Ib.
220 785 364 829 †e9isse
389 784 561 818 Wesenb.
584 783 676 817 coni.
697 784 849 827 eoeeyz'sse
875 785 939 816 aut
964 783 1102 817 eiecisse
1127 782 1193 825 (sic
1219 781 1346 825 Orelli)
1373 784 1438 815 aut
1461 793 1479 816 e

148 832 276 865 castris
300 832 417 875 eyisse.
456 830 500 864 V.
522 830 614 864 Plin.
635 832 710 864 nat.
731 830 817 864 hist.
838 829 871 862 X
892 833 958 862 124
973 840 1026 863 611.
1047 830 1143 863 corvi
1169 831 1179 868 ζ
1183 839 1204 862 a
1223 830 1394 862 venatore
1415 828 1476 861 do-

147 877 245 921 miti)
273 878 493 922 Testz'yabant
521 878 750 922 ayelmmtque,
776 876 921 909 Urlichs
942 875 1132 909 chrestom.
1148 875 1181 908 II
1201 879 1241 908 21
1262 887 1298 919 p.
1315 880 1369 917 11,
1396 875 1476 909 Sen.

150 923 238 959 Oed.
260 928 326 958 754
351 925 533 958 dominum
559 935 664 958 canes
688 934 784 968 eyere
807 934 922 965 suum,
949 922 1139 956 Claudian.
1160 922 1209 955 III
1230 926 1295 955 232
1321 933 1395 956 non
1419 933 1476 956 ex-

148 972 298 1006 tinoeisse
319 972 558 1015 propinquos,
589 971 677 1004 Non
701 974 803 1004 notos
828 970 935 1014 eyisse
959 974 1015 1004 sat
1039 974 1088 1003 est
1113 971 1179 1003 etc.
1219 989 1263 993 -—
1302 972 1345 1002 26
1372 980 1478 1013 aqam

149 1018 273 1061 Klotz,
307 1017 449 1061 Tyrrell
480 1017 572 1051 coni.
593 1020 717 1050 tamen
742 1020 783 1050 ut
815 1027 891 1050 eam
916 1027 987 1060 qua
1013 1017 1074 1059 (sc.
1094 1015 1167 1059 via)
1193 1027 1246 1049 me
1270 1016 1319 1049 ad
1343 1019 1478 1059 tempus

150 1065 420 1107 accommodem,
454 1065 580 1108 loquar
611 1063 694 1097 add.
716 1062 905 1104 Wesenb.,
938 1067 977 1097 ut
1007 1073 1059 1096 me
1089 1073 1232 1105 meaque
1263 1063 1312 1096 ad
1342 1066 1478 1105 tempus

153 1111 406 1146 accommodem
430 1110 474 1145 H.
489 1111 531 1145 A.
547 1110 649 1143 Koch
673 1120 794 1154 progr.
814 1109 954 1142 Putbus
983 1112 1070 1142 1855
1095 1120 1129 1152 p.
1148 1112 1201 1151 18,
1227 1108 1363 1151 Baiter,
1388 1109 1477 1153 †ea,

151 1170 240 1202 quae
266 1158 314 1191 acl
338 1162 360 1192 t.
378 1169 429 1191 ac.
461 1157 566 1200 Boot,
597 1161 638 1191 ut
657 1168 709 1198 ea,
727 1167 816 1200 quae
836 1156 884 1189 ad
902 1160 1038 1199 tempus
1058 1155 1385 1199 <accommodanda
1404 1155 1478 1189 sint

152 1206 217 1238 aut
260 1204 519 1238 accommodari
557 1202 742 1249 possint),
785 1203 1035 1236 accommodem
1078 1201 1267 1235 Lehmann
1312 1200 1475 1242 Quaestt.

150 1263 185 1295 p.
208 1254 274 1284 130
289 1262 341 1294 sq.
374 1270 417 1275 —
456 1254 500 1283 34
531 1261 637 1293 quam
663 1249 756 1293 quod
780 1250 843 1291 iis,
875 1250 923 1282 ad
948 1260 1098 1292 quorum
1121 1249 1311 1282 utilitatem
1336 1259 1388 1282 me
1413 1248 1477 1282 ad-

151 1299 260 1332 iunxi
285 1309 351 1332 scr.
366 1309 457 1331 mus.
472 1296 588 1331 Rhen.
605 1300 694 1329 1898
719 1307 753 1339 p.
771 1300 835 1329 131
845 1307 897 1338 sq.
919 1295 963 1330 cf.
977 1295 1093 1329 fam.I
1114 1299 1185 1337 8.2,
1213 1298 1308 1337 9.11,
1329 1305 1478 1338 quorum

150 1345 341 1379 utilitatem
367 1356 478 1378 meam
506 1345 592 1387 (eam
615 1343 675 1387 W)
700 1343 808 1376 iunxi
827 1343 966 1385 (iuuenci
979 1340 1038 1386 W)
1068 1341 1184 1383 codd,
1209 1352 1356 1385 quorum
1377 1341 1476 1375 utili-

150 1392 233 1426 tati
263 1402 373 1425 *meam
404 1392 512 1424 *immi
537 1389 651 1433 vulg„
683 1389 810 1422 Baiter
840 1392 877 1422 et
910 1409 954 1413 —
992 1389 1149 1422 adiunxi
1173 1388 1302 1422 Bootio
1330 1390 1477 1422 auctore

151 1437 309 1481 Tyrrell,
348 1448 471 1481 quam
507 1448 657 1480 quorum
692 1437 845 1470 utilitati
876 1447 985 1469 meam
1017 1436 1126 1469 iunoei
1156 1435 1306 1478 Madvig
1339 1434 1479 1468 Adv.11

150 1497 186 1528 p.
208 1488 291 1527 238,
323 1494 433 1526 quem
464 1483 582 1517 secuti
613 1485 698 1516 sunt
728 1482 971 1526 Wesenberg,
1008 1482 1082 1515 nisi
1115 1482 1213 1525 quod
1238 1481 1269 1514 is
1294 1482 1477 1524 utilitate,

152 1533 189 1565 et
214 1531 322 1573 Boot,
361 1530 433 1563 nisi
465 1530 563 1573 quod
595 1530 751 1563 adiwwci
776 1529 940 1572 scripsit,
979 1540 1128 1572 quorum
1153 1529 1343 1562 utilitatem
1367 1539 1478 1561 meam

152 1579 243 1612 duxi
279 1577 471 1619 Graevius,
510 1576 676 1611 Schuetz.
727 1578 737 1619 ΙΙ
793 1576 837 1610 Ρ.
859 1574 947 1610 347.
970 1579 987 1609 7
1026 1587 1056 1610 V.
1079 1575 1172 1609 OE.
1189 1574 1354 1608 Schmidt
1392 1573 1478 1607 ‘Der

151 1623 424 1658 Briefwechsel’
457 1635 491 1667 p.
514 1627 580 1656 220
596 1634 667 1666 ex.,
699 1627 846 1658 eoeezmte
868 1633 982 1656 mense
1008 1622 1101 1656 Seoet.
1121 1621 1262 1663 Baiter,
1294 1620 1477 1663 Wesenb.,

153 1670 296 1715 Tyrrell
327 1681 382 1714 ep.
405 1674 482 1704 446.
520 1691 565 1694 -
605 1674 646 1703 15
679 1680 768 1713 quas
792 1669 954 1712 Kaysero
981 1671 1129 1702 auctore
1154 1667 1342 1709 lVesenb„
1373 1667 1477 1708 Boot,

152 1719 235 1752 vide
265 1728 311 1751 ne
341 1716 451 1750 nimis
485 1718 624 1761 argute.
673 1716 794 1760 Quod
818 1727 928 1760 yenus
953 1716 1167 1756 litterarum,
1200 1714 1222 1748 i.
1238 1724 1268 1748 e.
1289 1713 1392 1747 cuius
1417 1723 1477 1757 ge-

152 1765 249 1798 neris
275 1764 435 1806 litterae,
461 1766 517 1797 est
543 1774 586 1797 ex
612 1773 653 1796 eo
680 1773 823 1806 genere,
850 1762 949 1805 quod
975 1772 1084 1805 saepe
1108 1760 1204 1794 male
1229 1760 1399 1793 habitum
1424 1762 1479 1793 est

154 1812 200 1845 ab
227 1811 441 1853 editoribus,
468 1810 512 1843 de
539 1820 610 1852 quo
637 1809 685 1842 ad
708 1821 743 1853 p.
767 1812 912 1843 126,12,
939 1829 983 1833 ——
1011 1812 1052 1841 16
1080 1809 1183 1851 quasi
1208 1808 1281 1850 qui
1306 1817 1371 1840 scr.
1386 1818 1477 1841 mus.

153 1858 268 1892 Rhen.
286 1861 374 1891 1898
393 1869 428 1901 p.
446 1860 511 1890 132
533 1857 576 1891 cf.
591 1856 714 1890 Plane.
731 1860 784 1890 24.
801 1859 856 1897 65,
881 1855 1000 1889 Plaut.
1014 1854 1145 1898 Amph.
1161 1857 1239 1895 684,
1265 1853 1362 1887 Τ1·111.
1378 1857 1478 1895 1142,

155 1904 377 1948 (Ε1)1(’1.359,“,ι
398 1904 591 1945 Truc.563,
611 1903 776 1936 Anibi-,II
794 1905 958 1946 p.89.22,
979 1905 1097 1943 3333,
1118 1905 1295 1943 tamquam
1317 1900 1379 1943 qui
1398 1899 1478 1934 Sen.

152 1950 236 1984 ben.
256 1951 288 1983 II
310 1955 363 1984 24.
380 1955 415 1993 3,
450 1950 511 1985 Ov.
532 1950 606 1984 her.
623 1953 676 1983 10.
693 1953 747 1990 31,
779 1949 923 1983 Petron.
941 1952 994 1989 ΤΟ,
1025 1948 1100 1981 Ioh.
1123 1946 1220 1980 Cass.
1238 1946 1257 1979 ‘I
1280 1957 1315 1989 p.
1331 1949 1408 1980 208.
1424 1950 1479 1988 23,

156 2001 233 2031 221.
249 2002 281 2039 4,
309 1997 382 2031 Sid.
404 1999 472 2040 Ap.
492 2009 527 2040 p.
545 2000 597 2031 77.
615 1999 656 2029 10
682 1995 798 2037 Mohr,
824 1996 917 2028 velut
942 1995 1004 2038 qui
1028 1994 1103 2028 Liv.
1117 1992 1251 2026 XXXV
1273 1996 1385 2026 11.10
1407 1993 1480 2035 all„

157 2043 248 2076 alibi
274 2044 444 2086 quomodo
464 2045 526 2087 qui
545 2044 624 2086 eto,
651 2043 756 2086 quasi
775 2052 842 2085 quo
863 2041 979 2082 codd,
1000 2041 1104 2084 quasi
1122 2039 1205 2073 Ern.
1228 2041 1375 2073 auctore
1396 2039 1479 2074 secl.

155 2090 264 2130 Bait..¹
285 2089 398 2132 Tynn,
420 2089 610 2131 del.Wes.,
630 2089 733 2123 Boot.
750 2109 794 2112 —
816 2092 857 2122 19
878 2099 929 2122 me
947 2088 1001 2121 vis
1021 2087 1144 2130 (iubes)
1164 2086 1315 2130 Madvig
1334 2086 1482 2120 Adv.111

154 2140 278 2180 p..188,
300 2136 501 2180 Sternkopf
515 2148 568 2180 pr.
583 2135 789 2170 Dortmund
810 2138 897 2168 1891
918 2138 1018 2178 1144,
1037 2133 1141 2175 Boot,
1162 2132 1314 2176 improb.
1329 2132 1481 2176 Tyrrell,

155 2183 195 2216 in
221 2182 319 2224 quod
344 2182 522 2215 iudicium
540 2183 632 2216 mihi
652 2182 795 2215 videtur
815 2181 956 2221 cadere,
982 2180 1079 2222 quod
1104 2179 1183 2223 ipse
1202 2179 1294 2213 facit-
1314 2179 1358 2213 de
1378 2179 1482 2212 Mad-

155 2229 265 2272 vigio.
301 2229 480 2272 ‘Madvigi
502 2241 552 2263 me
571 2232 624 2263 vis
643 2229 673 2262 is
693 2228 795 2271 bad’,
815 2227 947 2270 inquit.
983 2226 1113 2259 ‘What
1131 2225 1239 2260 could
1260 2225 1382 2260 Cicero
1401 2236 1484 2259 now

156 2275 203 2309 do
235 2275 327 2308 with
353 2274 521 2309 Caesa1··?’
568 2275 610 2310 V.
632 2287 662 2310 v.
685 2279 704 2309 3
734 2286 809 2318 per
834 2285 891 2308 me
919 2273 1051 2317 Quinto
1076 2273 1151 2314 fore
1172 2273 1413 2316 placatc'orem.
1439 2293 1484 2297 —
