1665 2553
232 94 289 135 60
655 93 703 128 M.
731 93 871 127 TULLI
897 92 1144 128 CICERONIS

230 189 462 243 permittit,
500 187 572 229 sed
607 188 895 242 reprehendit,
932 188 1032 241 quia
1060 202 1148 229 non
1179 202 1343 242 semper
1375 188 1565 242 quierim.
1642 181 1649 203 ¹

231 246 368 296 Quare
406 247 718 300 incumbamus,
759 261 783 286 o
820 248 965 286 noster
1002 245 1114 302 Tite,
1157 246 1208 287 ad
1244 247 1319 287 illa
1354 247 1567 300 praeclara

232 305 372 346 studia
411 307 453 346 et
483 320 551 360 ec,
588 305 697 346 unde
734 304 943 345 discedere
980 318 1066 345 non
1098 305 1305 359 oportuit,
1342 305 1565 359 aliquando

232 366 503 404 revertamur.
1646 400 1649 417 2

320 421 440 470 Quod
465 422 515 462 de
541 421 688 469 Quinti
713 421 858 461 fratris
884 421 1068 474 epistula
1093 421 1254 476 scribis,
1286 422 1337 462 ad
1367 436 1434 462 me
1466 436 1565 475 quo-
1603 439 1622 465 5
1647 441 1651 463 ι

233 494 313 534 que
350 481 431 521 fuit
471 480 655 534 ‘apo‘oes
693 478 822 533 λέων,
861 480 1019 521 ὄπιθεν
1057 477 1105 521 δὲ
1139 479 1217 520 ——-'.
1281 479 1389 528 Quid
1420 480 1567 534 dicam,
1649 486 1651 492 ⁴

231 539 391 593 nescio,
427 553 526 579 nam
564 539 624 578 ita
661 538 852 591 deplorat
890 537 1037 591 primis
1075 538 1267 579 versibus
1304 538 1566 579 mansionem

234 612 372 651 suam,
409 600 456 637 ut
493 596 682 650 quemvis
715 611 883 637 movere
913 596 1069 651 possit,
1104 596 1165 637 ita
1196 611 1341 637 rursus
1373 597 1568 651 remittit,

232 657 281 695 ut
312 670 378 695 me
411 658 544 709 roget,
575 658 622 695 ut
650 654 820 695 annales
848 669 947 695 suos
975 655 1189 695 emendem
1216 657 1258 695 et
1283 655 1412 696 edam.
1455 655 1567 696 Illud
1652 700 1654 707 Α

233 716 392 767 tamen,
430 713 541 767 quod
580 713 748 767 scribis,
786 712 1094 754 animadvertas
1132 713 1259 754 velim
1296 713 1344 754 de
1376 714 1566 767 portorio
1587 731 1625 755 10
1656 745 1657 750 ,

234 771 615 825 circumvectionis3
657 771 716 812 ait
758 786 801 812 se
842 771 891 812 de
932 772 1096 813 consilii
1138 771 1347 812 sententia
1385 786 1473 812 rem
1516 771 1568 812 ad

235 832 428 870 senatum
476 830 680 870 reiecisse.
759 828 959 870 Nondum
1009 830 1202 871 videlicet
1245 845 1359 871 meas
1402 830 1567 871 litteras

233 888 413 943 legerat,
451 889 603 942 quibus
643 888 693 928 ad
730 903 826 929 eum
857 902 901 928 re
933 888 1126 929 consulta
1158 891 1199 929 et
1231 889 1448 942 explorata
1478 903 1569 942 per-

235 947 486 1000 scripseram
516 961 603 987 non
634 946 786 987 deberi.
840 946 994 1001 Velim,
1026 947 1062 987 si
1094 947 1166 1000 qui
1198 945 1346 988 Gracci
1377 947 1461 987 iam
1486 946 1569 988 Ro-
1658 993 1660 1004 y

234 1020 347 1046 mam
379 1019 429 1045 ex
460 1005 564 1045 Asia
594 1005 643 1045 de
674 1020 721 1046 ea
753 1020 877 1045 causa
908 1008 1124 1060 venerunt,
1157 1005 1297 1046 videas
1329 1008 1383 1059 et,
1415 1006 1451 1046 si
1482 1005 1563 1046 tibi
1582 1021 1619 1048 15
1658 1005 1660 1030 ²

234 1063 466 1118 videbitur,
496 1063 548 1103 iis
581 1063 862 1118 demonstres,
896 1064 997 1116 quid
1030 1077 1106 1117 ego
1140 1063 1189 1104 de
1221 1078 1268 1104 ea
1299 1078 1343 1104 re
1376 1064 1566 1104 sentiam.

237 1121 283 1163 Si
314 1136 488 1175 possum
520 1121 747 1176 discedere,
777 1136 829 1161 ne
861 1135 986 1161 causa
1018 1124 1193 1174 optuma
1224 1122 1269 1162 in
1300 1124 1448 1162 senatu
1478 1136 1569 1175 per-

237 1182 316 1233 eat,
348 1193 425 1233 ego
457 1180 560 1219 satis
592 1179 744 1220 faciam
774 1179 1099 1233 publicanis3.613
1131 1177 1179 1221 δὲ
1204 1181 1262 1233 μή
1289 1178 1404 1235 (vere
1429 1182 1568 1221 tecum
1661 1179 1665 1231 ἶ

235 1237 424 1293 loquar),
461 1238 507 1277 in
542 1237 621 1278 hac
656 1252 701 1278 re
738 1238 850 1278 malo
888 1238 1108 1278 universae
1139 1237 1266 1278 Asiae
1305 1241 1345 1278 et
1381 1239 1569 1293 negotia-

237 1296 419 1349 toribus,
450 1310 548 1336 nam
581 1310 726 1336 eorum
759 1310 926 1349 quoque
951 1296 1219 1336 vehementer
1245 1297 1434 1337 interest.
1477 1296 1569 1337 Hoc
1590 1315 1624 1339 20
1664 1295 1665 1335 Ξ

237 1368 315 1408 ego
354 1354 491 1394 sentio
522 1354 643 1394 valde
673 1354 798 1394 nobis
832 1369 936 1408 opus
970 1369 1070 1395 esse.
1133 1353 1213 1395 Sed
1244 1357 1291 1395 tu
1323 1355 1365 1395 id
1396 1355 1568 1396 videbis.

237 1412 489 1461 Quaestores
528 1415 687 1467 autem,
728 1427 899 1466 quaeso,
936 1427 1038 1453 num
1076 1413 1203 1453 etiam
1241 1413 1290 1453 de
1325 1413 1569 1467 cistophoro

237 1470 463 1511 dubitant?
512 1469 636 1525 Nam,
668 1471 703 1511 si
730 1471 843 1511 aliud
867 1470 975 1511 nihil
1001 1471 1094 1526 erit,
1125 1486 1220 1512 cum
1246 1472 1402 1513 erimus
1430 1472 1571 1512 omnia

237 1529 416 1583 experti,
461 1543 538 1583 ego
582 1544 634 1570 ne
677 1529 783 1569 illud
827 1529 995 1582 quidem
1033 1532 1311 1585 contemnam,
1356 1530 1467 1583 quod
1504 1544 1570 1570 ex-

236 1590 419 1628 tremum
457 1590 531 1628 est.
600 1587 657 1628 Te
696 1587 740 1628 in
776 1587 975 1641 Arpinati
1018 1587 1253 1628 videbimus
1298 1591 1339 1629 et
1381 1588 1569 1641 hospitio
1590 1605 1628 1631 25v

236 1646 395 1700 agresti
447 1645 719 1701 accipiemus,
772 1646 971 1699 quoniam
1020 1647 1294 1687 maritumum
1346 1646 1426 1687 hoc
1478 1660 1571 1687 con-

236 1704 460 1758 tempsisti.

836 1819 971 1861 XVII.

447 1900 520 1934 Ser.
550 1901 588 1934 in
614 1900 813 1934 Formiano
839 1901 888 1934 in.
916 1912 959 1934 m.
988 1900 1082 1934 Mai.
1111 1912 1143 1934 a.
1172 1885 1241 1934 695
1269 1902 1359 1942 (59)-

660 1980 827 2015 CICERO
854 1980 1026 2015 ATTICO
1054 1980 1150 2015 SAL.
1590 2002 1626 2026 30

323 2052 521 2106 Prorsus,
565 2056 613 2093 ut
644 2051 818 2107 scribis,
859 2052 919 2092 ita
958 2052 1112 2106 sentio,
1155 2051 1350 2093 turbator
1389 2050 1571 2107 Sampsi-

237 2124 435 2151 ceramus.
504 2110 627 2151 Nihil
670 2113 746 2164 est,
789 2110 901 2164 quod
941 2124 1028 2150 non
1070 2110 1305 2150 timendum
1350 2111 1427 2165 sit3
1471 2111 1571 2165 ὁμο-

236 2168 513 2221 λογουμένως
551 2170 792 2223 τυραννίδα
824 2169 1138 2218 συσκευάζεται.
1201 2167 1309 2216 Quid
1346 2168 1457 2209 enim
1488 2169 1572 2209 ista

235 2226 455 2278 repentina
487 2227 720 2267 adfinitatis
758 2226 1016 2280 coniunctiO,
1057 2226 1158 2279 quid
1191 2240 1289 2281 ager
1321 2225 1573 2282 Campanus,

237 2283 337 2336 quid
370 2284 517 2324 effusio
550 2285 750 2338 pecuniae
784 2284 1051 2338 significant?
1114 2284 1227 2332 Quae
1266 2285 1301 2325 si
1333 2287 1473 2326 essent
1505 2300 1570 2326 ex-
1591 2301 1625 2327 35
