1665 2553
177 114 359 148 LXXXVI
599 112 877 147 ADNOTATIO
905 112 1091 147 CRITICA

178 208 386 250 affirmabat
410 217 448 241 eo
473 207 670 250 scripsisset
692 205 864 240 Wesenb.
892 216 936 239 ex
960 205 1009 249 M,
1036 217 1105 240 esse
1129 206 1250 240 debere
1275 204 1340 249 (sio
1365 204 1510 250 Ursin.).

181 255 283 298 ‘quid
308 253 440 288 euim?
470 255 590 297 inquit
609 253 679 296 (ed.
694 253 812 296 Rom.)
829 253 986 296 ‘scripsit
1005 253 1053 286 ad
1071 264 1124 286 me
1142 252 1358 287 Dolabella.'
1386 252 1512 285 Baiter

180 303 218 335 et
244 301 356 345 ‘Quid
382 301 488 335 euim’
517 301 638 344 iuquit
665 300 821 343 ‘scripsit
840 300 958 334 adme
976 299 1193 333 Dolabella?
1224 298 1376 343 Tyrrell.
1397 319 1442 323 ——
1467 302 1510 332 27

179 359 269 392 quae
289 358 358 392 pro
383 348 446 381 illo
471 348 544 381 siut
569 347 623 380 ad
647 346 904 390 suspicandum
930 346 986 380 Fr.
1009 345 1175 379 Schmidt
1198 357 1319 390 progr.
1345 344 1510 380 Norimb.

180 398 269 429 1879
289 407 323 439 p.
346 398 389 428 30
404 405 468 437 sq,
488 393 620 427 laudat
638 393 741 435 Boot,
767 394 891 435 invito,
911 393 959 426 ad
979 392 1018 426 id
1037 393 1130 436 quod
1143 404 1212 437 pro
1232 393 1295 426 illo
1313 393 1371 435 sit,
1395 393 1511 436 suspi-

178 441 333 475 candum
358 441 521 484 Kaysero
543 441 691 474 auctore
711 439 863 483 Tyrrell.
885 460 928 464 —
948 439 999 473 Ib.
1026 439 1095 474 Sed
1113 440 1218 483 quid
1236 451 1324 484 opus
1345 439 1511 481 Schuetz,

177 487 362 530 Wesenb.‚
387 488 481 521 Boot
500 486 647 521 ObserV.
667 498 702 530 p.
723 490 766 520 45
787 486 847 528 in.‚
868 486 905 519 in
932 485 1037 520 edit:
1067 486 1146 520 ‘nee
1166 497 1256 530 opus
1278 488 1344 528 est,
1368 488 1411 520 ut
1431 497 1512 519 cum

179 534 372 568 Schuetzio
407 536 493 579 post
522 534 582 568 sed
613 533 772 567 addatur
803 533 914 576 qnid'.
954 553 998 557 ———
1036 536 1079 566 29
1105 534 1302 567 minimum
1334 532 1512 575 Lambin.,

178 581 350 616 Wesenb.
366 602 410 606 —
430 585 472 614 31
488 581 663 625 deleyabis
679 579 815 613 ‘would
834 580 879 613 be
899 579 963 612 the
982 590 1081 613 more
1100 579 1208 613 usual
1225 580 1340 613 word'
1358 579 1511 623 Tyn-en,

178 629 282 663 dabis
313 628 417 662 codd.
440 629 476 661 et
501 627 601 670 edd,
632 628 655 671 7²
673 627 821 671 optimos
848 627 1033 660 Terentiae
1057 627 1160 660 dabis
1192 637 1210 660 e
1237 627 1340 660 codd.
1359 626 1511 660 Wesen-

178 675 280 719 berg,
306 676 475 719 optimam
498 671 593 718 spem
617 674 800 707 Terentiae
825 673 928 707 dabis
947 672 990 707 H.
1006 673 1047 707 A.
1062 673 1165 706 Koch
1183 685 1274 708 mus.
1290 673 1405 708 Rhen.
1423 676 1511 707 1857

189 733 223 765 p.
245 725 322 756 277.
361 742 405 746 -
438 725 479 754 32
500 721 642 754 nullum
665 720 763 762 Pius,
792 719 866 762 alii,
892 719 1024 753 laudat
1042 719 1136 753 Boot
1161 721 1226 753 aut
1244 731 1387 762 varium,
1414 719 1513 763 quod

181 780 246 803 scr.
274 767 426 812 Tyn-eil,
445 779 559 801 urium
584 767 700 808 codd..
726 766 862 809 Baiter,
888 765 1073 809 Wesenb.‚
1098 766 1201 801 Boot.
1222 787 1266 791 —
1287 770 1330 800 33
1356 771 1388 801 et·
1404 771 1511 801 recta.

181 826 248 859 quo
273 816 347 849 iam
377 813 596 848 commoror?
639 813 774 847 Orellio
814 815 961 847 auctore
993 813 1135 855 Baiter,
1167 814 1190 859 †
1210 817 1241 848 et
1278 817 1391 848 cetera
1420 813 1514 847 Boot

182 862 272 896 coni.
297 863 336 895 in
355 872 477 895 reatem
500 861 679 895 escendam
691 874 703 902 ,·
722 872 807 894 uam
826 861 966 894 curiam
985 859 1202 894 commoror?
1226 859 1269 894 V.
1290 859 1333 895 H.
1353 860 1395 895 A.
1410 859 1513 893 Koch

180 920 273 943 mus.
290 908 404 942 Rhen.
424 911 512 941 1857
532 919 567 951 p.
584 911 661 949 277,
682 905 979 948 Lethuaestt.
994 910 1117 951 p.108.
1132 927 1176 931 —
1192 910 1235 940 35
1255 907 1363 941 simul
1380 911 1427 942 ut
1445 906 1512 950 ΜΞ,

181 956 289 997 Bait,
316 954 430 998 Tyn„
462 955 569 988 simul
595 958 627 988 et
651 953 718 997 M1,
743 953 830 987 Bosi
858 954 1024 995 ‘omnes’‚
1050 953 1160 994 VVes..
1186 954 1281 987 Boot
1307 953 1511 988 ‘restituit'.

183 1002 240 1035 Ad
265 1014 300 1046 p.
317 1006 370 1036 65.
387 1005 442 1044 30,
470 1004 523 1035 72,
540 1005 594 1035 21.
627 1003 638 1044 Η
674 1000 720 1035 P.
736 1000 825 1034 300.
843 1004 883 1033 12
910 1001 1109 1034 modestior
1134 1000 1199 1044 (sic
1226 1000 1344 1044 codd.)
1364 1011 1438 1034 riou
1456 1011 1513 1035 ero

182 1048 353 1092 (loyaler
385 1048 438 1081 als
472 1047 550 1081 sein
575 1047 698 1091 Herr')
731 1048 795 1080 aut
820 1046 956 1091 Gsoffie
988 1057 1074 1079 man
1106 1046 1165 1080 die
1191 1046 1422 1091 Auslassung
1448 1047 1512 1081 des

181 1095 360 1129 Verbums
388 1106 431 1128 zu
450 1094 536 1128 hart
554 1093 706 1137 finden’)
725 1104 799 1127 uon
818 1094 884 1128 erit
903 1104 960 1127 ero
981 1092 1019 1127 Ο.
1040 1093 1080 1127 Ε,
1102 1093 1269 1127 Schmidt
1292 1093 1378 1127 ‘Der
1396 1093 1511 1127 Brief-

180 1141 353 1175 wechsel’
393 1153 428 1185 p.
446 1144 509 1174 171
550 1142 587 1174 et
621 1151 712 1174 mus.
738 1140 853 1174 Rhen.
877 1143 964 1173 1897
984 1152 1019 1184 p.
1037 1144 1095 1181 14Τ
1128 1140 1315 1174 modestior
1344 1150 1417 1174 nori
1443 1151 1513 1184 pro

180 1188 235 1231 M,
272 1188 484 1222 modestiora
513 1198 587 1221 uon
613 1187 724 1231 probo
762 1185 899 1220 Gurlitt
929 1197 1050 1230 progr.
1078 1186 1230 1230 Steglitz
1258 1190 1346 1220 1898
1372 1190 1510 1231 p.Ssq.

183 1235 321 1268 Sanata
351 1234 462 1268 verba
497 1244 569 1267 non
602 1233 719 1268 credo
752 1255 795 1257 —
834 1237 876 1267 28
902 1245 933 1267 V.
961 1232 999 1267 O.
1021 1233 1060 1267 E.
1082 1233 1248 1267 Schmidt
1279 1233 1366 1267 ‘Der
1395 1233 1511 1267 Brief-

182 1281 354 1315 wechsel'
376 1293 410 1325 p.
434 1284 510 1322 172,
543 1291 656 1314 meuse
681 1280 805 1324 Aprili
834 1280 976 1322 Baiter,
1008 1280 1190 1322 Wesenb.,
1223 1281 1370 1314 between
1403 1281 1513 1324 April

181 1331 228 1363 17
253 1329 328 1362 aoid
352 1330 401 1362 27
421 1326 563 1371 Tyr-rell
589 1338 642 1370 ep.
665 1330 742 1361 386,
763 1348 806 1350 -
827 1331 869 1360 31
890 1327 1016 1361 Astutc
1041 1326 1079 1359 in
1099 1327 1255 1361 Asturae
1279 1326 1339 1360 hio
1366 1329 1403 1360 et
1421 1327 1507 1362 fam.

181 1375 215 1408 ΙΙ
242 1379 294 1410 16,
317 1379 336 1408 6
360 1374 580 1407 mutandum
606 1375 730 1407 censet
756 1372 894 1406 Gurlitt
923 1384 1042 1417 progr.
1071 1373 1224 1417 Steglitz
1253 1377 1341 1407 1898
1366 1385 1401 1417 p.
1423 1377 1441 1407 7
1457 1385 1510 1417 sq.

182 1432 254 1455 non
279 1423 389 1463 reete,
417 1421 534 1455 eredo.
583 1420 624 1453 In
643 1420 733 1464 ipsis
754 1420 872 1453 verbis
892 1421 985 1454 oziln‘l
1005 1424 1118 1454 astute
1143 1431 1244 1464 ayere
1269 1421 1334 1453 aut
1358 1421 1512 1465 coyitare

182 1468 273 1512 quid
298 1467 462 1502 offendat
481 1466 641 1511 (‘Welch
660 1467 927 1500 wunderliches
948 1467 1094 1500 Latein:
1121 1466 1215 1500 nihil
1241 1468 1364 1500 astute
1390 1477 1510 1511 agere,

183 1517 286 1549 sonst
304 1515 365 1548 bei
380 1514 503 1548 Cicero
523 1513 626 1547 nicht
645 1525 688 1547 zu
707 1513 905 1557 belegen')‚
927 1524 1000 1547 non
1018 1513 1207 1557 intellego.
1245 1513 1385 1547 Eodem
1402 1514 1510 1547 modo

183 1562 324 1596 dictum
350 1563 405 1595 est
430 1571 501 1604 quo
521 1561 614 1594 nihil
635 1561 843 1595 salutariter
861 1561 1025 1605 coystare,
1051 1561 1144 1594 nihil
1161 1561 1247 1594 >berte
1264 1571 1416 1604 sperare,
1443 1561 1510 1594 ali-

182 1609 270 1653 quid
289 1609 466 1642 inutiliter
484 1608 642 1649 suadere,
661 1608 811 1650 fideliter
829 1608 943 1641 dicere
965 1612 995 1641 et
1013 1607 1130 1649 facere
1149 1609 1185 1640 et
1203 1606 1387 1650 permulta
1406 1607 1509 1642 talia.

182 1677 227 1681 —
247 1659 290 1689 32
318 1660 349 1689 et
367 1659 484 1689 tamen
501 1654 615 1689 retice.
641 1666 735 1688 meas
754 1653 902 1696 Victor.⁷
922 1653 1058 1697 Baiter,
1090 1654 1113 1699 †
1131 1654 1258 1687 recitet.
1294 1654 1399 1687 Meas
1417 1654 1512 1687 Boot

182 1702 340 1735 laudans
360 1701 601 1745 Wesenbergi
621 1701 867 1734 coniecturam
892 1702 944 1735 ire
963 1705 1093 1734 certum
1119 1705 1168 1734 est
1187 1699 1366 1733 <simileve
1392 1700 1510 1743 quid’,

183 1754 214 1783 et
239 1754 356 1783 tarneu
380 1760 434 1782 res
459 1752 546 1782 stat:
578 1747 674 1781 ἰτέον
700 1747 858 1791 Tyrrell,
888 1752 929 1781 ut
953 1751 1071 1782 tamen
1095 1758 1149 1781 res
1174 1751 1238 1788 est,
1264 1746 1386 1789 ἰτητέα
1417 1746 1509 1780 Ellis

183 1795 314 1830 Philol.
337 1798 426 1828 1895
450 1807 484 1838 p.
508 1798 590 1836 747Ί
635 1795 823 1838 quidlibet.-
864 1798 981 1828 tamen
1016 1805 1087 1828 rem
1125 1794 1192 1827 cito
1223 1792 1313 1836 (scil.
1350 1794 1510 1837 sciemus)

183 1842 318 1876 Ziehen
348 1841 499 1886 Ephem.
525 1840 619 1875 Tull.
645 1853 680 1885 p.
708 1844 760 1875 21.
790 1844 844 1883 33,
881 1841 933 1874 ire
958 1841 1075 1874 licebit
1099 1839 1137 1874 O.
1164 1839 1203 1874 E.
1231 1839 1398 1873 Schmidt
1425 1839 1512 1873 ‘Der

182 1889 342 1923 Briefw.'
364 1901 398 1932 p.
422 1892 498 1922 172.
519 1909 562 1912 —
583 1891 627 1920 34
646 1889 669 1932 †
690 1887 817 1920 addidi
836 1888 877 1920 ut
896 1899 926 1921 v.
943 1890 985 1921 32
1007 1888 1053 1931 (p
1069 1890 1123 1921 24.
1139 1888 1184 1930 8),
1204 1896 1290 1919 nam
1308 1896 1381 1919 non
1402 1886 1509 1920 credo

183 1935 305 1969 Lehm.
322 1936 397 1969 Att.
409 1947 444 1979 p.
461 1938 528 1968 194
536 1945 589 1969 eX.
605 1938 722 1968 tamen
736 1933 949 1967 defendenti
963 1933 1020 1978 (cf.
1037 1933 1083 1966 ad
1101 1945 1136 1977 p.
1147 1937 1199 1967 14.
1210 1934 1278 1977 22),
1298 1933 1402 1966 etiam
1424 1933 1511 1977 quia

182 1981 353 2025 Malasp..
376 1981 456 2016 edd.
500 1982 511 2025 ΙΙ
560 1981 605 2014 Ρ.
626 1980 714 2014 301.
737 1985 753 2014 1
785 1981 839 2023 ‘fit
857 1992 881 2013 a
905 1991 957 2014 me
982 1991 1011 2024 q.
1031 1979 1166 2014 sedulo'
1189 2000 1233 2004 —
1252 1980 1347 2013 nosti
1371 1980 1511 2023 reliqua

183 2027 325 2071 Tyrrell
347 2039 400 2072 ep.
417 2031 500 2070 386,
535 2027 632 2070 quod
657 2037 729 2060 non
755 2028 832 2060 tam
857 2026 967 2060 facile
992 2025 1068 2060 fero
1095 2036 1205 2068 quam
1226 2024 1365 2058 Gur-litt
1389 2037 1509 2070 progr.

182 2073 338 2117 Steglitz
354 2078 441 2108 1898
461 2087 496 2118 p.
511 2078 542 2116 9,
562 2075 693 2116 sedulo,
712 2074 772 2107 sed
784 2094 829 2098 -
848 2074 942 2107 uosti
960 2072 1056 2116 vulg.
1071 2093 1115 2096 —
1138 2076 1179 2105 12
1199 2084 1230 2107 v,
1247 2071 1512 2107 O.E.Schmidt

185 2120 272 2154 ‘Der
291 2120 449 2155 Briefw.’
476 2133 510 2164 p.
534 2124 610 2162 172,
637 2131 749 2154 meuse
768 2120 893 2163 Aprili
910 2118 1155 2161 Bait.„Wes.‚
1182 2118 1291 2162 April
1311 2121 1330 2161 (
1331 2120 1399 2153 last
1416 2119 1510 2162 half)

182 2166 325 2210 Tyrrell
345 2178 399 2210 ep.
416 2171 492 2201 388.
520 2188 563 2191 —
602 2171 642 2201 18
668 2167 775 2212 [rece]
799 2166 901 2200 Boot.
940 2165 981 2199 V.
1004 2165 1170 2198 Schmidt
1194 2165 1216 2200 l.
1232 2165 1255 2200 1.
1282 2186 1326 2190 -
1353 2169 1396 2198 23
1424 2165 1512 2199 Mea

182 2218 299 2248 autem
324 2224 434 2247 causa
453 2213 625 2247 Petrai-ca
646 2213 780 2257 (Lehm.
796 2213 872 2247 Att.
886 2224 920 2256 p.
939 2213 1027 2256 170),
1049 2232 1092 2236 -
1113 2216 1156 2245 24
1176 2212 1216 2245 in
1236 2213 1311 2246 acie
1330 2224 1381 2246 me
1400 2211 1510 2254 Wes.‚

182 2271 235 2294 me
260 2260 299 2293 iu
337 2261 411 2293 acie
440 2259 618 2302 Lambin„
645 2260 780 2303 Baiter,
807 2258 964 2303 Tyrrell,
1001 2259 1166 2300 futurum
1204 2270 1255 2293 me
1280 2270 1311 2293 v,
1338 2262 1380 2292 25
1406 2258 1509 2292 Boot.

185 2306 243 2339 Ad
261 2318 296 2350 p.
315 2310 366 2340 11.
385 2311 438 2348 11,
467 2310 497 2340 8.
516 2310 568 2341 19.
584 2327 628 2332 —
643 2311 686 2341 25
701 2307 873 2351 oppidulo
887 2316 955 2340 om.
970 2304 1142 2340 Wesenb.
1175 2305 1278 2340 Boot.
1311 2307 1322 2348 ΙΙ
1352 2305 1398 2339 Ρ.
1414 2304 1510 2339 302,
