1665 2553
35 745 68 770 10

38 1155 71 1180 15

39 1448 73 1472 20

41 1739 75 1766 25

296 100 639 136 EPISTULARUM
664 100 730 134 AD
756 98 972 134 ATTICUM
997 99 1047 133 IV
1075 102 1129 143 16,
1158 102 1211 133 17.
1348 96 1431 137 123

84 201 379 254 procuratores
412 211 558 251 ageres
592 211 647 238 an
677 211 752 250 per
778 199 821 237 te
852 195 1005 249 ipsum,
1036 196 1084 235 ut
1111 209 1134 234 a
1159 193 1246 234 tuis
1272 192 1431 233 totiens

85 261 127 299 et
163 260 252 298 tam
291 257 417 311 longe
458 256 638 297 abesses.
703 254 784 296 Sed
823 253 928 296 haec
967 253 1138 294 mallem
1179 252 1347 306 integra
1387 265 1432 291 re

84 320 224 358 tecum
256 316 454 371 egissem,
486 315 676 368 profecto
710 313 822 354 enim
855 313 1018 367 aliquid
1050 312 1243 366 egissem.
1305 308 1432 351 Nunc

85 375 312 429 reprimam
359 376 598 427 susceptam
650 372 1001 427 obiurgationem.
1072 369 1251 412 Utinam
1293 369 1432 410 valeat

87 434 138 475 ad
169 433 428 475 celeritatem
458 432 620 473 reditus
653 431 736 472 tui!

174 492 269 546 Ego
303 492 354 532 ad
385 493 426 532 te
454 493 679 545 propterea
703 490 843 530 minus
871 503 996 542 saepe
1023 488 1178 544 scribo,
1210 486 1325 541 quod
1349 501 1434 527 cer-

86 554 179 592 tum
219 565 307 592 non
346 550 501 603 habeo,
546 549 621 590 ubi
670 548 727 589 sis
768 551 841 589 aut
887 548 962 589 ubi
1002 547 1174 588 futurus
1217 546 1293 601 sis,
1334 545 1434 586 huic

87 612 229 650 tamen
258 609 401 650 nescio
433 608 522 663 cui,
554 607 666 662 quod
698 607 922 648 videbatur
953 606 1029 647 isti
1060 609 1096 647 te
1126 606 1297 646 visurus
1330 618 1434 658 esse,

87 668 234 722 putavi
266 668 423 708 dandas
457 681 546 708 esse
586 667 764 707 litteras.
827 665 909 720 Tu,
951 664 1152 719 quoniam
1189 664 1351 704 iturum
1392 666 1435 704 te

87 728 133 768 in
157 726 305 768 Asiam
337 740 427 767 esse
459 728 598 780 putaS,
631 725 682 766 ad
708 739 814 778 quae
841 727 1034 777 tempora
1058 725 1101 763 te
1128 724 1435 777 exspectemus,

87 786 216 827 facias
242 799 308 826 me
335 784 557 826 certiorem
583 783 722 837 velim,
750 787 791 824 et
819 783 867 823 de
888 781 1129 836 Eutychide
1156 781 1259 835 quid
1285 780 1434 837 egeris.

583 900 709 942 XVII
741 899 938 955 [XVIII]

415 982 490 1017 Ser.
517 982 654 1016 Romae
680 981 728 1016 K.
760 980 831 1016 Oct.
859 993 892 1015 α.
921 983 993 1015 700
1020 981 1110 1024 (54.)

515 1063 683 1098 CICERO
710 1062 884 1098 ATTICO
912 1062 1010 1097 SAL.

176 1136 287 1178 Puto
319 1138 362 1177 te
395 1135 638 1177 existimare
668 1149 735 1176 me
765 1148 878 1176 nunc
905 1134 1088 1175 oblitum
1118 1132 1436 1174 consuetudinis

91 1198 133 1237 et
164 1195 354 1236 instituti
384 1195 468 1236 mei
499 1194 636 1235 rarius
669 1193 723 1235 ad
753 1196 796 1234 te
829 1193 1032 1247 scribere,
1073 1207 1200 1246 quam
1231 1192 1437 1244 solebam3

93 1254 182 1308 sed,
223 1253 425 1307 quoniam
463 1253 557 1294 loca
597 1255 639 1293 et
680 1252 834 1293 itinera
874 1255 948 1292 tua
987 1251 1098 1292 nihil
1136 1250 1293 1292 habere
1334 1250 1438 1291 certi

92 1312 226 1367 video,
255 1326 391 1366 neque
420 1312 465 1352 in
484 1312 666 1365 Epirum
690 1325 827 1365 neque
847 1309 1038 1351 Athenas
1064 1324 1201 1363 neque
1227 1309 1273 1350 in
1290 1308 1439 1349 Asiam

93 1371 291 1425 cuiquam
329 1370 414 1411 nisi
455 1371 506 1411 ad
547 1373 589 1410 te
629 1370 771 1424 ipsum
811 1368 1099 1423 proficiscenti
1132 1368 1225 1408 dedi
1256 1367 1437 1408 litteras.

92 1428 242 1483 Neque
274 1429 386 1469 enim
417 1431 516 1469 sunt
548 1428 755 1482 epistulae
786 1430 959 1469 nostrae
996 1441 1082 1482 eae,
1123 1441 1230 1480 quae
1271 1426 1307 1467 si
1348 1440 1441 1480 per-

93 1489 204 1529 latae
235 1502 323 1528 non
353 1487 456 1542 sint,
494 1487 604 1527 nihil
644 1501 691 1527 ea
732 1501 799 1527 res
839 1501 919 1528 nos
962 1486 1174 1527 offensura
1217 1485 1290 1539 sit,
1333 1498 1440 1538 quae

93 1549 262 1587 tantum
286 1545 446 1586 habent
470 1545 785 1600 mysteriorum,
811 1548 859 1586 ut
886 1559 954 1585 eas
980 1559 1032 1585 ne
1058 1544 1247 1584 librariis
1270 1543 1441 1597 quidem

94 1606 181 1646 fere
213 1604 544 1659 committamus,
574 1618 626 1644 ne
660 1604 762 1657 quid
793 1603 935 1657 aliquo
969 1603 1144 1644 excidat.

185 1661 390 1704 Consules
422 1662 607 1716 flagrant
638 1662 832 1716 infamia,
865 1661 978 1715 quod
1010 1659 1053 1702 C.
1086 1660 1313 1701 Memmius
1347 1674 1441 1700 can-

96 1722 263 1762 didatus
301 1720 542 1774 pactionem
577 1720 624 1761 in
655 1723 804 1761 senatu
843 1719 1056 1773 recitavit,
1101 1733 1228 1773 quam
1271 1718 1362 1772 ipse
1406 1721 1444 1759 et

96 1795 196 1821 suus
229 1779 483 1833 competitor
509 1778 725 1819 Domitius
758 1793 853 1819 cum
885 1777 1131 1818 consulibus
1163 1777 1347 1831 fecisset,
1378 1776 1443 1816 uti

96 1839 219 1880 ambo
251 1838 324 1880 HS
358 1838 627 1891 quadragena
659 1837 903 1878 consulibus
931 1836 1090 1886 darent,
1124 1835 1161 1876 si
1192 1837 1333 1876 essent
1359 1834 1443 1888 ipsi

97 1897 289 1937 consules
321 1896 441 1951 facti,
472 1896 557 1936 nisi
587 1898 673 1936 tres
706 1909 886 1949 augures
920 1894 1152 1948 dedissent,
1194 1893 1267 1947 qui
1300 1907 1343 1934 se
1376 1893 1443 1933 ad-

98 1954 229 1996 fuisse
270 1955 474 2008 dicerent,
515 1969 611 1995 cum
650 1954 719 1994 lex
759 1953 922 1994 curiata
961 1953 1161 2006 ferretur,
1208 1965 1315 2005 quae
1354 1951 1444 1992 lata

44 2031 80 2056 30
98 2027 185 2053 non
217 2016 338 2068 esset,
369 2016 411 2053 et
443 2013 525 2054 duo
555 2012 810 2066 consulares,
842 2011 915 2065 qui
942 2026 985 2052 se
1012 2011 1198 2051 dicerent
1223 2010 1267 2050 in
1295 2024 1445 2050 ornan-

100 2071 164 2112 dis
188 2071 416 2124 provinciis
438 2071 732 2112 consularibus
760 2070 980 2110 scribendo
1009 2069 1206 2124 adfuisse,
1238 2083 1334 2109 cum
1360 2083 1446 2109 om-

98 2130 201 2170 nino
233 2144 286 2169 ne
318 2132 487 2170 senatus
522 2130 690 2183 quidem
721 2129 883 2169 fuisset.
933 2127 1049 2169 Haec
1073 2127 1213 2181 pactio
1244 2141 1333 2168 non
1357 2141 1447 2168 ver-

99 2188 180 2243 bis,
206 2188 278 2228 sed
295 2188 539 2229 nominibus
560 2190 602 2228 et
622 2186 1004 2242 perscriptionibus
1024 2186 1259 2227 multorum
1284 2185 1445 2226 tabulis

101 2261 196 2287 cum
229 2260 320 2287 esse
351 2246 461 2286 facta
493 2246 712 2299 diceretur,
744 2245 911 2298 prolata
937 2260 960 2286 a
985 2244 1186 2285 Memmio
1217 2247 1282 2285 est
1313 2244 1448 2285 nomi-

48 2321 82 2348 35
101 2305 229 2345 nibus
277 2304 461 2345 inductis
516 2308 686 2345 auctore
732 2303 946 2357 Pompeio.
1017 2302 1099 2343 Hic
1135 2302 1303 2356 Appius
1358 2305 1448 2344 erat
