1665 2553
185 195 208 225 4

198 2127 214 2155 1

232 87 319 129 272
659 86 707 120 M.
735 85 875 120 TULLI
900 83 1150 119 CICERONIS

324 180 416 236 Sed,
443 184 601 235 quanta
621 183 852 235 tempestas
878 180 1128 234 impendeat,
1154 179 1283 221 vides.
1334 179 1415 228 Qui
1440 181 1576 221 trans-

235 241 362 282 ierint
401 243 635 293 senatores,
674 240 856 281 scribam
895 239 947 280 ad
982 241 1042 293 te,
1075 253 1170 279 cum
1201 241 1364 279 eertum
1395 238 1573 281 habebo.

235 299 299 341 De
330 314 373 340 re
405 298 682 340 frumentaria
719 300 832 338 recte
872 297 1104 352 intellegis,
1145 311 1251 351 quae
1291 297 1409 338 nullo
1449 297 1574 338 modo

237 358 522 399 administrari
561 358 650 398 sine
682 356 962 411 vectigalibus
1004 358 1163 410 potest3
1203 370 1280 396 nec
1321 356 1410 396 sine
1451 370 1576 397 causa

236 420 277 458 et
309 431 399 471 eos,
438 417 510 470 qui
543 416 701 457 circum
739 415 860 456 illum
899 417 1015 468 sunt⁷
1057 414 1199 455 omm‘a
1234 414 1501 468 postulantes
1534 416 1576 455 et
1613 431 1627 456 5

236 475 395 517 bellum
426 475 635 516 nefarium
666 474 802 515 times.
864 473 1112 514 Trebatium
1148 476 1362 527 nostrum,
1399 473 1497 527 etsi,
1528 475 1576 513 ut

236 534 401 587 scribis,
441 533 550 574 nihil
589 533 694 574 bene
736 534 894 586 sperat,
936 535 1079 573 tamen
1116 531 1257 572 videre
1299 546 1397 572 sane
1436 531 1575 572 velim.

237 592 370 642 Quem
406 592 472 633 fac
511 592 712 645 horteris,
750 594 797 632 ut
836 593 1050 645 properet3
1099 593 1335 644 opportune
1376 590 1488 631 enim
1526 590 1577 631 ad

237 666 304 692 me
358 654 454 692 ante
508 651 735 691 adventum
783 648 975 690 Caesaris
1014 649 1187 690 venerit.
1249 649 1313 690 De
1344 648 1577 701 Lanuvino,

238 710 384 751 statim
416 712 464 750 ut
497 709 638 750 audivi
670 708 898 749 Phameam
928 711 1157 761 mortuum,
1190 707 1350 761 optavi,
1384 707 1419 748 si
1451 706 1575 748 modo
1596 723 1630 748 ιο

237 772 347 810 esset
378 769 523 809 futura
554 782 620 809 res
652 767 832 821 publica,
864 770 912 808 ut
944 767 987 807 id
1013 766 1166 820 aliquis
1193 768 1348 806 emeret
1374 780 1577 820 meorum,

237 842 373 881 neque
413 830 555 867 tamen
597 826 645 867 de
686 828 746 881 te,
789 826 860 880 qui
900 825 1081 866 maxime
1121 839 1240 865 meus
1280 838 1336 878 es,
1381 823 1576 879 cogitavi.

240 885 431 927 Sciebam
469 886 581 926 enim
618 888 659 926 te
698 885 852 938 ‘quoto
891 884 1022 925 anno’
1061 887 1102 924 et
1134 883 1362 937 ‘quantum
1394 883 1438 923 in
1470 882 1577 924 solo’

239 945 375 986 solere
408 958 607 998 quaerere
643 958 779 997 neque
820 943 958 984 solum
994 942 1172 997 Romae,
1213 941 1285 983 sed
1325 942 1451 982 etiam
1481 940 1579 982 Deli

239 1008 361 1045 tuum
411 1003 622 1058 digamma
670 1002 866 1043 videram.
938 1001 1095 1042 Verum
1146 1004 1288 1041 tamen
1339 1014 1415 1055 ego
1462 999 1578 1053 illud,
1599 1015 1631 1042 15

240 1076 497 1116 quamquam
528 1064 592 1102 est
622 1061 799 1115 bellum,
839 1060 1016 1101 minoris
1055 1060 1250 1112 aestimo,
1292 1074 1419 1112 quam
1457 1059 1579 1099 aesti-

238 1121 436 1162 mabatur
468 1119 714 1160 Marcellino
753 1119 941 1174 consule,
984 1133 1078 1159 cum
1117 1132 1193 1173 ego
1234 1118 1341 1158 istos
1382 1117 1577 1158 hortulos

240 1182 414 1233 propter
446 1179 617 1219 domum
649 1178 878 1231 antiquam,
911 1191 1030 1230 quam
1065 1179 1157 1217 tum
1183 1176 1403 1230 habebam,
1436 1176 1578 1216 iucun-

240 1238 378 1278 diores
410 1237 514 1277 mihi
546 1237 637 1277 fore
677 1236 880 1289 putabam
918 1238 959 1276 et
998 1235 1160 1275 minore
1201 1235 1410 1288 impensa,
1451 1249 1577 1288 quam

241 1297 277 1337 si
320 1295 605 1336 Tusculanum
648 1294 896 1335 refecissem.
958 1293 1089 1334 Volui
1132 1292 1216 1334 HS.
1262 1292 1307 1341 Q.
1374 1292 1460 1347 Egi
1502 1307 1577 1346 per
1597 1310 1631 1334 20

239 1356 269 1407 †
288 1354 474 1408 predum,
506 1353 578 1393 ille
611 1353 728 1393 daret
759 1353 880 1406 tanti,
914 1367 1042 1406 quom
1073 1352 1248 1392 haberet
1278 1351 1435 1392 venale.
1491 1350 1577 1391 No-

240 1413 332 1454 luit.
384 1411 465 1453 Sed
504 1426 615 1452 nunc
657 1411 797 1452 omnia
834 1411 918 1452 ista
955 1411 1088 1451 iacere
1120 1413 1224 1464 puto
1255 1412 1430 1464 propter
1460 1424 1578 1450 num—

240 1486 406 1513 morum
439 1471 667 1511 caritatem.
729 1469 837 1510 Mihi
879 1470 1047 1523 quidem
1088 1469 1168 1510 erit
1206 1468 1476 1522 aptissimum
1511 1468 1579 1509 vel

240 1531 364 1572 nobis
404 1529 566 1583 potius⁷
608 1529 643 1569 si
683 1531 731 1569 tu
773 1529 940 1582 emeris3
983 1528 1054 1569 sed
1088 1526 1275 1567 eiusdem
1300 1524 1452 1566 Antias
1481 1541 1578 1568 cave

241 1592 496 1630 contemnas,
533 1587 667 1628 Valde
694 1589 756 1628 est
781 1590 1019 1628 venustum.
1070 1586 1334 1640 Quamquam
1363 1585 1469 1626 mihi
1494 1584 1578 1626 ista
1597 1601 1630 1627 25

242 1648 383 1689 omnia
415 1647 499 1687 iam
531 1646 696 1687 addicta
728 1645 922 1686 vastitati
953 1645 1160 1686 videntur.

328 1705 545 1759 Respondi
578 1704 773 1759 epistulis
806 1704 958 1758 tribus,
990 1703 1061 1745 sed
1093 1706 1289 1757 exspecto
1323 1702 1443 1756 alias3
1479 1715 1579 1742 nam

240 1780 306 1806 me
339 1765 474 1806 adhuc
510 1766 608 1804 tuae
645 1763 811 1804 litterae
851 1764 1155 1803 sustentarunt.
1216 1761 1266 1802 D.
1299 1759 1579 1801 Liberalibus.

885 1879 935 1920 X.

441 1962 515 1997 Ser.
542 1962 583 1995 in
609 1960 809 1995 Formiano
836 1959 917 1993 XV
939 1959 986 1993 K.
1014 1959 1103 2003 Apr.
1131 1970 1163 1992 α.
1193 1960 1264 1991 705
1292 1959 1381 2000 (49).
1598 1963 1631 1988 30

637 2041 828 2077 CICERO
852 2039 1043 2075 ATTICO
1069 2039 1175 2075 SAL.

330 2116 452 2157 Nihil
482 2115 702 2169 habebam,
734 2113 846 2167 quod
878 2112 1112 2153 scriberem.
1163 2109 1310 2164 Neque
1337 2110 1448 2151 enim
1478 2109 1578 2150 novi

245 2175 468 2229 quicquam
511 2174 723 2215 audieram
769 2175 810 2212 et
852 2171 903 2212 ad
949 2173 1044 2211 tuas
1092 2183 1236 2210 omnes
1282 2168 1579 2222 rescripseram

244 2234 388 2287 pridie.
458 2232 554 2286 Sed,
604 2246 698 2273 cum
741 2244 807 2271 me
852 2228 1070 2284 aegritudo
1118 2242 1207 2269 non
1248 2227 1386 2268 solum
1430 2240 1576 2267 somno

244 2294 441 2346 privaret,
472 2305 617 2331 verum
642 2305 694 2330 ne
719 2288 896 2343 vigilare
922 2287 1090 2341 quidem
1123 2286 1212 2327 sine
1245 2299 1408 2327 summo
1434 2284 1577 2325 dolore
1597 2299 1630 2326 35
