1665 2553
646 86 684 121 P.
707 90 903 121 197-206,
1370 87 1450 120 LXI

108 179 212 212 ‘corin
234 178 272 212 in
292 179 522 223 despoliatus,
544 179 609 213 sed
630 179 710 223 syll.
726 180 768 214 de
789 179 913 213 deleta
933 180 1003 213 est'
1026 179 1064 213 Μ
1085 180 1195 222 solus,
1216 180 1324 222 Bait,
1345 180 1448 221 Boot,

107 225 251 269 Tyrrell
272 236 327 270 ep.
344 229 422 260 300.
439 247 483 251 —
498 230 542 259 30
562 227 670 260 simul
689 227 753 260 hoc
772 225 808 268 C,
823 226 960 269 Baiter,
981 225 1167 269 Wesenb.,
1181 227 1372 260 Lehmann
1393 237 1447 270 ep.

107 272 171 307 sel.
192 273 242 306 ΠΙ
262 276 293 316 5,
320 277 360 307 tu
395 275 481 317 post
517 274 626 307 simul
661 273 745 307 add.
773 272 923 317 Victor,
949 273 1053 316 Boot,
1086 273 1246 317 Tyr-rell,
1282 274 1315 308 si
1339 274 1450 308 multo

105 320 169 354 hoc
188 319 236 363 M,
257 320 381 354 simitu
401 320 535 354 Buech.
556 332 647 354 inus.
668 320 784 354 Rhen.
805 319 855 353 XI
873 332 908 364 p.
925 324 990 354 509
1007 332 1098 364 sqq.,
1119 320 1264 354 Ritschl
1283 321 1322 354 in
1341 320 1447 355 Reiff.

108 366 206 401 Suet.
227 366 332 410 reliq.
353 378 390 411 p.
411 370 479 400 500
499 379 546 409 n.,
574 367 638 400 sed
664 379 694 401 V.
723 367 867 400 Vahlen
893 365 1093 401 Comment.
1120 367 1158 401 in
1178 368 1261 402 hon.
1282 367 1447 401 Momms.

107 426 142 457 p.
165 417 242 447 668.
287 415 298 458 ΙΙ
341 413 387 448 Ρ.
415 413 506 449 203.
533 418 552 447 2
579 418 611 448 et
637 414 720 448 add.
747 414 925 456 Lambin.,
952 414 1136 457 Wesenb.,
1162 415 1266 455 Boot,
1293 414 1448 458 Tyrrell.

106 481 150 485 —
176 465 198 494 4
223 471 288 495 nos
311 462 398 505 post
429 461 540 495 armis
574 461 657 494 add.
685 460 869 504 XVesenb„
895 461 999 503 Boot,
1025 461 1169 505 Tyrrell
1193 461 1346 506 probab.
1391 461 1450 494 Ad

106 519 140 551 p.
164 510 194 541 8.
218 511 271 541 19.
299 528 344 532 —
371 512 414 541 23
431 519 483 550 sq.
510 509 629 551 ipsum
653 508 707 542 rei
726 519 765 551 p.
792 513 841 542 est
860 509 1122 552 perniciosum:
1146 509 1208 551 sic,
1233 520 1253 543 o
1278 520 1450 553 ‘magnum

108 555 262 588 malum!
292 558 402 598 putat
436 555 569 598 aliquis
604 554 810 597 Lehmann,
852 566 882 588 v.
916 559 962 588 24
998 556 1049 589 sie
1083 556 1177 589 malo
1213 555 1305 589 coni.
1344 555 1448 598 Boot,

106 600 149 634 H.
170 601 212 635 A.
233 601 337 634 Koch
360 601 506 635 ‘Philol
528 601 722 644 Anzeiger'
749 605 838 635 1874
856 613 891 646 p.
912 605 992 645 496,
1014 601 1165 636 Starker
1179 602 1324 636 dissert.
1344 601 1448 635 Vrat.

108 650 196 681 1882
223 648 315 682 thes.
337 648 398 690 ΠΙ,
426 648 512 683 Otto
538 660 628 682 mus.
650 648 764 682 Rhen.
789 652 877 682 1886
903 660 937 692 p.
953 652 1032 692 369,
1058 649 1172 693 Tyrr.,
1197 650 1258 683 sie.
1277 649 1448 691 O.coc1d.,

106 706 189 728 cum
215 706 320 729 cruce
345 695 529 738 Wesenb,
555 696 690 739 ipsum,
721 696 818 737 dico,
842 707 1013 740 maynum
1038 695 1201 739 Ernesti,
1227 696 1372 739 Baiter,
1398 697 1449 730 sic

105 741 208 776 Boot.
243 763 288 766 —
327 745 369 775 27
406 743 538 786 inquis
572 741 638 784 ΜΞ,
672 741 857 785 wesema„
883 742 992 785 Boot,
1030 743 1191 787 Tyrrell,
1227 744 1347 787 inquit
1380 742 1446 785 M¹,

105 789 243 831 Baiter,
268 788 469 823 Lehmann.
515 788 566 823 Cf.
595 789 643 822 ad
667 801 701 833 p.
722 793 800 823 443.
829 792 883 823 28.
910 810 955 814 —-
975 793 1017 823 31
1045 791 1119 824 iam
1140 790 1195 824 ed.
1215 790 1320 831 lens,
1341 790 1447 823 Lam—

105 835 191 878 bin,
217 835 390 869 Wesenb.
424 835 475 869 Cf.
496 839 624 879 p.489.
642 840 694 869 16.
715 856 760 860 —
787 840 830 869 36
857 847 972 870 annos
993 837 1108 871 decem
1131 836 1284 879 IENOP,
1311 837 1447 878 Lehm.,

106 883 221 916 decem
241 893 356 917 annos
374 882 471 926 vulg.
504 885 515 926 ΙΙ
552 883 597 916 P.
607 881 725 917 204.3
745 883 833 917 habe
852 887 891 918 tu
905 894 934 926 e,
955 883 1064 928 vulg,
1084 884 1187 918 habet
1200 884 1266 926 Ml,
1280 885 1367 918 habe
1381 883 1447 925 M‘2,

106 929 243 964 Baiter.
290 929 341 963 Cf.
364 929 412 962 ad
430 942 464 974 p.
489 933 565 963 188.
588 933 642 963 30.
686 950 731 954 -
774 930 824 963 lb.
850 935 1012 964 nostrum
1043 930 1159 973 codd,
1186 930 1327 974 Baiter,
1353 930 1445 964 Leh-

106 987 229 1010 mann.
253 995 299 1001 ——
326 980 368 1009 12
394 988 425 1010 v,
448 975 487 1010 O.
514 976 553 1009 E.
576 975 743 1010 Schmidt
770 977 857 1010 ‘Der
881 977 1156 1011 Briefwechsel’
1186 989 1221 1021 p.
1244 981 1321 1020 114,
1348 978 1452 1011 XIV

106 1023 193 1057 Kal.
215 1022 321 1057 Febr.
348 1022 485 1065 Baiter,
506 1023 678 1057 Wesenb.
705 1044 750 1047 —
779 1027 821 1057 18
847 1035 957 1067 neque
983 1025 1070 1068 quid
1097 1023 1153 1066 lO,
1179 1024 1369 1058 Lehmann
1390 1035 1445 1068 ep.

107 1069 170 1104 sel.
191 1069 242 1103 ΠΙ
262 1073 293 1112 7,
319 1081 363 1103 ne
388 1070 475 1113 quid
501 1070 580 1110 PM,
605 1081 669 1104 nec
694 1071 781 1114 quid
801 1070 898 1114 vulg.
926 1092 970 1095 ——
996 1075 1039 1104 20
1062 1071 1203 1105 comeus
1227 1071 1331 1113 Boot,
1357 1071 1448 1104 item
1488 1075 1496 1078 '

107 1120 185 1150 212.
208 1121 263 1159 24,
285 1120 362 1150 216.
385 1120 440 1159 28,
462 1120 540 1151 217.
562 1121 581 1150 3
609 1119 646 1150 et
671 1121 726 1158 26,
748 1121 824 1151 218.
847 1122 868 1150 4
890 1120 957 1151 etc.
979 1139 1023 1142 —
1044 1122 1087 1151 22
1107 1122 1289 1152 coartatus
1315 1119 1445 1162 (Cohor-

106 1164 215 1208 tatus)
235 1168 268 1198 et
286 1168 430 1207 stupens
450 1163 517 1207 ΜΞ,
537 1163 674 1207 Baiter,
694 1163 878 1207 Wesenb.,
899 1164 1043 1208 Tyrrell
1064 1175 1119 1208 ep.
1146 1168 1224 1207 303,
1244 1165 1446 1207 Lehmann,
1514 1202 1517 1204 ,

106 1231 150 1235 —
184 1210 244 1245 sed
279 1211 354 1255 (set)
393 1215 539 1254 stupens
574 1212 729 1255 (stupent
763 1211 832 1256 Ml)
869 1211 982 1245 ceteri
1017 1212 1133 1253 eodd.,
1169 1217 1351 1246 coartatus
1387 1217 1445 1246 est.

106 1257 258 1301 Stupent
291 1256 410 1300 Klotz,
445 1257 539 1291 Boot
569 1257 730 1301 (Observ.
760 1270 795 1303 p.
826 1260 894 1302 52),
921 1263 1104 1293 coartatus
1135 1259 1229 1293 sedet
1263 1263 1294 1293 et
1330 1263 1447 1302 stupet

107 1303 192 1337 Otto
212 1315 303 1337 mus.
324 1303 440 1338 Rhen.
457 1307 546 1338 1886
565 1317 601 1348 p.
617 1309 682 1338 369
699 1316 764 1348 sq.,
784 1306 1011 1340 contionatus
1024 1310 1074 1340 est
1093 1306 1172 1349 (aut
1185 1306 1425 1350 contionatum)
1437 1320 1448 1339 .·

105 1355 249 1394 stupent
274 1352 353 1395 (aut
378 1356 409 1385 et
435 1354 588 1396 stupent)
608 1351 798 1385 Lehmann
825 1351 990 1393 Quaestt.
1010 1364 1044 1396 p.
1068 1356 1134 1386 132
1151 1364 1204 1395 sq.
1225 1373 1268 1377 —
1296 1356 1338 1385 22
1366 1364 1446 1387 con-

106 1399 217 1432 sistet
234 1397 346 1440 Wes,
371 1398 476 1439 Boot,
502 1398 603 1442 Tyrr.
625 1410 699 1432 non
723 1398 827 1433 bene.
861 1398 903 1433 V.
924 1399 1049 1433 Lehm.
1075 1420 1120 1424 —-
1147 1403 1190 1434 28
1213 1398 1264 1433 Cf.
1281 1399 1447 1433 Schmidt

109 1444 198 1478 ‘Der
222 1444 496 1478 Briefwechsel'
526 1457 560 1488 p.
578 1450 644 1479 114
655 1457 745 1488 sqq,
772 1446 813 1479 in
839 1446 1041 1490 Campania
1066 1457 1181 1481 mense
1206 1447 1288 1480 Ian.
1308 1446 1444 1480 Baiter.

107 1512 152 1516 —
173 1494 216 1524 30
243 1495 292 1525 est
316 1490 405 1525 hoc?
431 1493 474 1533 Σ,
506 1493 570 1526 hoc
594 1492 669 1526 est?
695 1496 737 1535 Δ,
766 1493 847 1526 edd.
886 1492 927 1526 V.
955 1493 1078 1527 Lehm.
1100 1493 1177 1527 Att.
1198 1505 1233 1538 p.
1248 1497 1303 1527 47.
1332 1515 1375 1518 -
1403 1498 1444 1526 31

76 1580 79 1584 ,
106 1538 308 1572 Anconam
326 1548 400 1571 non
421 1538 559 1580 scribit,
586 1539 650 1572 sed
670 1539 804 1582 probat
822 1540 925 1574 Boot.
959 1539 1011 1573 Cf.
1032 1552 1067 1584 p.
1084 1544 1162 1574 215.
1179 1544 1209 1574 9.
1242 1542 1253 1584 ΙΙ
1290 1540 1336 1575 P.
1356 1540 1445 1575 205.

106 1589 128 1618 4
153 1585 267 1618 Num
292 1585 474 1619 honestum
504 1585 570 1628 ΜΞ,
597 1585 740 1629 Tyrrell
772 1597 828 1630 ep.
854 1590 939 1629 304,
971 1587 1104 1632 [num]
1128 1587 1238 1629 Boot,
1271 1588 1363 1621 nisi
1386 1588 1446 1621 ho-

105 1636 244 1666 nestum
268 1630 324 1664 M¹
350 1632 447 1675 (post
477 1633 659 1667 honestas
689 1635 731 1666 ut
761 1633 809 1666 ib.
836 1634 928 1667 nisi
958 1634 1021 1667 ubi
1050 1636 1136 1677 post
1166 1635 1365 1679 dignita&
1400 1634 1448 1667 ad

106 1690 140 1722 p.
162 1682 216 1713 24.
238 1680 283 1722 8).
310 1699 354 1702 —
382 1682 424 1712 10
446 1679 618 1713 lucrativo
639 1679 755 1721 codd,
783 1680 876 1722 edd.,
902 1679 1080 1724 Nipperd.
1108 1679 1241 1724 Opusc.
1261 1692 1296 1724 p.
1323 1684 1365 1714 89
1381 1691 1446 1722 sq„

106 1725 331 1759 Lucretilino
362 1725 502 1767 Faern,
538 1725 692 1759 Schiche
727 1737 848 1771 progr.
876 1726 995 1761 Berol.
1024 1730 1113 1761 1883
1144 1739 1179 1771 p.
1207 1731 1251 1760 24
1281 1727 1446 1771 probab.,

106 1772 285 1806 matutino
315 1771 371 1805 Fr.
400 1771 567 1806 Schmidt
594 1772 753 1806 'Blatter
778 1773 801 1806 f.
830 1773 862 1807 d.
889 1773 973 1816 bay.
1003 1773 1135 1808 G.-W.‘
1160 1774 1210 1807 XI
1234 1786 1269 1817 p.
1299 1778 1375 1807 115.
1402 1794 1446 1798 —

109 1822 150 1852 11
179 1820 216 1852 et
239 1822 318 1852 440.
340 1822 395 1861 21,
416 1823 493 1853 462,
516 1826 535 1853 3
562 1820 693 1854 milies
712 1820 896 1862 Wesenb.,
921 1820 1025 1862 Boot,
1051 1820 1151 1854 idem
1171 1822 1271 1855 toties
1291 1824 1368 1854 206.
1391 1824 1445 1863 33,

108 1869 186 1899 240.
208 1868 262 1907 27,
295 1866 429 1909 quoties
455 1870 533 1900 221.
554 1870 585 1907 5,
612 1870 689 1900 339.
713 1871 767 1909 12,
796 1870 874 1901 357.
891 1870 922 1909 9,
954 1868 1142 1910 aliquoties
1162 1870 1310 1909 537.19,
1341 1867 1448 1902 vicies

108 1916 184 1946 323.
215 1916 267 1946 17.
317 1912 376 1945 Ad
405 1912 492 1947 fam.
512 1925 548 1956 p.
569 1917 600 1947 9.
623 1917 652 1947 7.
687 1934 731 1938 —
771 1917 812 1947 17
834 1925 891 1948 σοι
911 1913 1065 1954 Victon,
1098 1913 1213 1957 vulg,
1246 1913 1453 1957 †COCON

108 1957 204 1992 Bait.
220 1969 273 1992 eX.
290 1958 337 2001 M,
358 1959 466 1993 τόσον
486 1959 600 2003 Tyrr„
628 1959 892 2005 συστοχάζομαί
912 1972 968 1994 σοι
988 1960 1079 1994 coni.
1100 1960 1204 1993 Boot.
1220 1980 1263 1984 —
1288 1964 1329 1994 21
1350 1962 1446 1994 veni-

107 2010 195 2039 rent.
219 2005 318 2048 edd„
351 2017 577 2049 quamquam
609 2018 682 2040 non
713 2007 872 2041 multum
903 2007 1066 2040 interest.
1100 2027 1144 2031 —
1189 2010 1231 2039 23
1248 2018 1300 2050 sq.
1330 2007 1448 2042 ‘Fecit

113 2052 375 2094 Themistocle&
400 2054 547 2096 fluctum
573 2074 615 2077 —
638 2055 805 2097 poterat.'
852 2054 961 2096 Bait,
988 2054 1090 2087 Boot.
1119 2074 1163 2078 —
1196 2057 1239 2086 26
1265 2058 1302 2089 ct
1332 2056 1448 2088 nostri

107 2098 321 2141 Buecheler,
335 2099 443 2141 Bait,
458 2100 562 2134 Boot.
578 2121 622 2125 —
637 2105 678 2133 31
695 2101 805 2135 istici
812 2112 862 2134 ne
875 2100 986 2141 Wes,
1002 2100 1160 2134 isticcine
1174 2099 1274 2143 Tyrr.
1303 2100 1340 2134 Si
1355 2111 1445 2145 opus

110 2147 218 2187 esset,
238 2145 462 2188 praeferrem
480 2147 577 2180 istin.
606 2146 678 2180 Sed
699 2147 742 2181 cf.
757 2159 792 2191 p.
810 2151 886 2180 172.
910 2151 964 2189 11,
979 2146 1058 2180 Ter.
1079 2146 1213 2180 Heaut.
1234 2151 1300 2180 396
1316 2148 1447 2182 Nescio

109 2192 223 2233 alias;
254 2203 306 2225 me
336 2193 477 2235 quidem
508 2204 641 2237 semper
665 2195 736 2228 scio
761 2194 883 2236 fecisse
909 2194 1046 2235 sedulo,
1074 2193 1122 2226 ib.
1146 2197 1233 2227 1038
1260 2194 1315 2228 Di
1339 2195 1448 2228 istaec

105 2239 336 2282 prohibeant!
378 2239 474 2274 Deos
493 2242 609 2274 nescio
617 2254 629 2282 ,-
654 2252 726 2285 eqo,
752 2241 845 2284 Quod
861 2245 995 2283 potero,
1020 2240 1152 2283 sedulo,
1178 2250 1245 2274 nec
1264 2240 1318 2274 ita
1339 2241 1445 2274 dissi-

108 2285 195 2318 mile
231 2297 266 2329 p.
295 2288 372 2319 288.
402 2289 443 2319 16
475 2287 556 2321 istic
580 2292 680 2330 puto.
725 2289 736 2330 {1
779 2287 824 2321 P.
851 2286 942 2321 ⁶206.
975 2290 997 2319 4
1034 2287 1230 2329 deferatur
1261 2287 1445 2330 Wesenb.,
