1665 2553
283 86 622 122 EPISTULARUM
647 87 711 122 AD
738 86 952 123 ATTIOUM
976 86 1045 122 VII
1071 91 1219 123 23-26,
1335 87 1419 128 221

672 240 827 283 XXVI.

266 320 340 356 Ser.
367 321 407 355 in
433 320 633 355 Formiano
660 321 740 355 XV
762 321 810 356 K.
838 321 953 357 DIart.
981 333 1014 356 a.
1043 324 1115 357 705
1141 324 1231 366 (49).

486 402 677 438 CICERO
701 403 892 439 ATTICO
918 403 1026 438 SAL.

168 473 269 516 Non
304 474 421 516 venit
462 474 572 515 idem
608 489 688 516 usu
728 475 851 531 mihi,
896 475 1008 529 quod
1048 478 1096 516 tu
1137 475 1218 516 tibi
1257 475 1420 532 scribis,

45 551 61 576 5
82 533 293 588 equotiens
333 533 534 575 exorior’.
596 533 692 588 Ego
732 534 843 575 enim
880 548 993 575 nunc
1023 535 1210 588 primum
1246 535 1421 589 paulum

82 591 248 634 exorior
280 595 321 633 et
352 591 535 633 maxime
563 592 731 645 quidem
762 592 814 633 iis
845 592 1015 647 litteris,
1047 606 1154 647 quae
1184 592 1322 634 Roma
1354 593 1421 634 ad-

81 651 276 692 feruntur
308 651 358 692 de
382 650 589 704 Domitio,
622 651 670 692 de
695 650 933 693 Picentium
959 651 1218 693 cohortibus.
1269 651 1421 693 Omnia

82 711 201 750 erant
243 710 355 751 facta
393 709 474 751 hoc
518 709 646 751 biduo
696 710 884 752 laetiora.
951 708 1102 764 Itaque
1145 710 1265 767 fuga,
1314 725 1420 765 quae

81 768 324 823 parabatur,
356 782 549 822 repressa
581 770 662 823 est3
696 767 887 810 Caesaris
919 768 1160 811 interdicta:

28 869 62 893 10
181 849 253 893 ‘Si
285 852 333 892 te
365 850 582 892 secundo
614 850 803 891 himine
834 850 915 891 hic
947 851 1208 892 offendero
1241 852 1318 881 ——'

82 946 358 999 respuuntur3
406 944 518 985 bona
560 944 608 985 de
645 943 856 1000 Domitio,
899 944 1113 999 praeclara
1151 945 1200 987 de
1241 943 1419 987 Afranio

81 1004 195 1044 fama
226 1005 300 1045 est.

172 1061 290 1111 Quod
333 1076 399 1103 me
439 1061 691 1102 amicissime
735 1061 953 1117 admones,
996 1064 1044 1102 ut
1084 1076 1151 1103 me
1195 1062 1421 1117 integrum,

84 1120 222 1176 quoad
258 1120 439 1176 possim,
483 1134 662 1174 servem,
706 1123 875 1174 gratum
914 1123 995 1175 est3
1041 1120 1152 1174 quod
1191 1120 1326 1176 addis,
1366 1135 1420 1161 ne

31 1196 63 1222 15
83 1180 332 1233 propensior
364 1179 415 1219 ad
446 1180 613 1232 turpem
646 1193 814 1219 causam
839 1179 994 1234 videar,
1026 1182 1137 1220 certe
1162 1179 1296 1219 videri
1326 1193 1420 1233 pos-

84 1253 188 1279 sum.
248 1237 343 1292 Ego
376 1251 443 1278 me
474 1237 619 1278 ducem
657 1237 702 1278 in
733 1237 847 1278 civili
885 1237 1017 1292 bello,
1056 1238 1195 1291 quoad
1231 1238 1281 1278 de
1319 1252 1420 1291 pace

84 1298 290 1352 ageretur,
320 1296 471 1350 negavi
497 1310 600 1350 esse,
630 1310 718 1336 non
744 1296 847 1350 quin
871 1298 1034 1337 rectum
1061 1299 1183 1351 esset,
1211 1296 1283 1337 sed
1310 1296 1421 1352 quia,

84 1355 196 1410 quod
226 1355 361 1396 multo
394 1354 549 1395 rectius
578 1355 672 1409 fuit,
703 1354 746 1394 id
776 1353 883 1395 mihi
914 1355 1104 1396 fraudem
1135 1355 1247 1395 tulit.
1291 1354 1420 1396 Plane

85 1429 193 1468 eum,
219 1413 318 1468 quoi
342 1415 488 1454 noster
509 1413 687 1454 alterum
714 1414 981 1454 consulatum
1001 1413 1180 1454 deferret
1206 1416 1248 1454 et
1273 1414 1420 1454 trium—

32 1490 66 1514 20
86 1472 218 1526 phum
245 1470 307 1527 (at
334 1471 486 1525 quibus
511 1472 672 1513 verbis!
705 1472 796 1526 ‘pro
822 1472 908 1513 tuis
934 1472 1060 1513 rebus
1087 1472 1219 1527 gestis
1252 1472 1420 1527 amplis-

85 1530 251 1587 simis’),
282 1530 499 1570 inimicum
522 1529 677 1571 habere
701 1530 931 1572 nolueram.
981 1530 1076 1585 Ego
1103 1531 1201 1587 scio,
1227 1533 1269 1572 et
1296 1545 1421 1585 quem

84 1591 271 1630 metuam
302 1591 344 1629 et
377 1603 502 1642 quam
534 1588 586 1629 ob
618 1603 716 1629 rem.
780 1587 856 1630 Sin
887 1589 968 1629 erit
1004 1589 1182 1644 bellum,
1220 1591 1268 1630 ut
1299 1589 1419 1631 video

84 1648 186 1701 fore,
217 1649 358 1701 partes
391 1661 506 1687 meae
536 1661 624 1688 non
655 1647 1018 1688 desiderabuntur.

172 1705 236 1748 De
262 1704 340 1746 HS
366 1707 429 1746 fx
454 1705 651 1746 Terentia
682 1705 762 1746 tibi
786 1705 1016 1759 rescripsit.
1066 1704 1289 1760 Dionysio,
1321 1706 1420 1746 dum

33 1781 67 1807 25
87 1764 382 1805 existimabam
413 1777 543 1818 vagos
574 1778 653 1804 nos
685 1764 787 1819 fore,
817 1764 938 1804 nolui
967 1764 1173 1805 molestus
1201 1778 1308 1819 esse3
1339 1763 1422 1804 tibi

89 1825 229 1864 autem
268 1823 414 1864 crebro
456 1822 508 1863 ad
549 1836 615 1862 me
662 1821 864 1863 scribenti
904 1822 953 1862 de
1001 1822 1090 1863 eius
1133 1822 1273 1863 officio
1312 1822 1423 1863 nihil

88 1881 297 1937 rescripsi,
329 1881 440 1936 quod
467 1880 576 1921 diem
603 1895 651 1922 ex
678 1880 743 1921 die
770 1880 1077 1935 exspectabam,
1105 1882 1154 1921 ut
1180 1882 1423 1935 statuerem,

90 1939 190 1993 quid
221 1943 331 1981 esset
360 1939 607 1981 faciendum.
669 1938 806 1993 Nunc,
836 1941 884 1979 ut
915 1938 1053 1992 video,
1084 1939 1204 1992 pueri
1237 1941 1347 1980 certe
1378 1939 1424 1979 in

89 1997 314 2040 Formiano
357 1999 554 2040 videntur
596 1997 835 2039 hiematuri.
896 1997 955 2038 Et
994 1997 1101 2052 ego?
1148 1996 1314 2038 Nescio.
1377 1996 1423 2038 Si

36 2073 70 2098 30
91 2055 202 2097 enim
233 2056 313 2097 erit
343 2057 515 2113 bellum,
546 2070 640 2098 cum
671 2055 872 2110 Pompeio
905 2070 997 2097 esse
1029 2055 1241 2097 constitui.
1304 2054 1424 2104 Quod

88 2113 254 2155 habebo
287 2115 407 2170 certi,
443 2115 611 2170 faciam,
647 2117 695 2155 ut
733 2115 850 2156 scias.
913 2113 1007 2169 Ego
1041 2114 1201 2155 bellum
1231 2114 1424 2155 foedissi-

89 2187 206 2214 mum
234 2173 425 2214 futurum
456 2176 579 2229 puto,
608 2173 692 2214 nisi
724 2173 815 2228 qui,
844 2174 894 2214 ut
924 2175 972 2214 tu
1005 2172 1167 2226 scribis,
1199 2172 1422 2214 Parthicus

90 2245 210 2274 casus
242 2231 464 2273 exstiterit.
