1665 2553
210 103 294 144 216
631 103 678 138 M.
706 103 847 138 TULLI
872 101 1121 138 CICERONIS

209 199 331 240 δειον
362 197 443 256 (ita
475 200 587 240 enim
617 197 812 254 putatur)
852 199 1030 240 observo
1064 195 1193 252 (μηδὲ
1231 197 1389 252 ὃι’κην’,
1425 212 1542 252 prae-

211 258 358 298 sertim
387 258 432 298 in
463 261 524 314 ke,
562 273 586 299 a
624 272 706 312 quo
744 257 854 298 nihil
890 272 1092 311 umquam
1123 256 1210 297 vidi
1247 259 1402 298 temere
1437 256 1542 312 fieri,

209 317 503 417 'gglngnvgffiius
537 317 705 371 querela
741 316 952 357 movebar.
1013 315 1108 357 Hoc
1145 315 1345 370 quicquid
1381 318 1462 370 est,
1498 317 1541 356 te

820 467 932 509 XIX.
1580 483 1596 508 5

381 548 453 583 Ser.
481 549 521 583 in
546 548 747 583 Formiano
771 548 846 582 HI
866 548 962 582 Non.
990 547 1096 582 Febr.
1123 558 1156 582 α.
1186 550 1256 582 705
1283 549 1372 590 (49).

688 628 855 664 CICERO
880 628 1065 664 ATTICO.

297 701 420 744 Nihil
449 702 603 757 habeo,
642 702 754 755 quod
786 701 837 742 ad
875 704 917 742 te
954 701 1153 756 scribam,
1191 701 1264 755 qui
1294 700 1421 741 etiam
1451 715 1542 742 eam

212 761 448 815 epistulam,
481 776 607 815 quam
638 775 753 801 eram
778 760 1060 813 elucubratus,
1093 760 1145 801 ad
1171 762 1212 800 te
1236 774 1322 800 non
1348 759 1541 800 dederim.

210 820 317 860 Erat
349 820 460 860 enim
491 820 615 873 plena
648 819 736 873 spei
768 819 915 873 bonae,
948 819 1060 872 quod
1092 821 1133 859 eb
1164 818 1373 859 contionis
1398 818 1543 859 volun·
1562 835 1596 860 10

211 881 343 919 tatem
375 878 588 919 audieram
626 880 667 918 eb
704 877 825 918 illum
863 877 1179 918 condicionibus
1218 891 1394 918 usurum
1424 878 1544 931 puta-

211 937 321 992 bam,
351 937 599 991 praesertim
631 936 729 977 suis.
780 936 887 977 Ecce
918 936 998 976 tibi
1029 948 1080 976 111
1104 935 1249 977 Nonas
1276 935 1395 976 Febr.
1421 949 1543 976 mane

213 995 350 1050 accepi
375 995 540 1036 litteras
567 998 675 1048 tuas,
706 994 939 1050 Philotimi,
970 994 1112 1048 Furni,
1145 993 1340 1035 Curionis
1367 994 1418 1035 ad
1441 993 1475 1034 F
1477 1008 1543 1034 ur-

210 1054 347 1109 nium,
391 1055 544 1108 quibus
585 1054 732 1094 irridet
774 1053 819 1094 L.
859 1052 1048 1094 Caesaris
1089 1053 1352 1107 legationem.
1413 1052 1543 1093 Plane

213 1113 402 1166 oppressi
433 1113 634 1168 videmur,
664 1126 751 1167 nec,
783 1112 883 1166 quid
915 1112 1081 1153 consilii
1107 1112 1279 1166 capiam,
1311 1111 1407 1152 scio.
1453 1110 1543 1152 Nec
1562 1127 1595 1153 15

211 1171 447 1212 mehercule
478 1171 526 1211 de
563 1186 628 1211 me
666 1171 832 1224 laboro,
873 1170 921 1210 de
958 1170 1099 1223 pueris
1137 1170 1237 1224 quid
1277 1183 1417 1224 agam,
1455 1183 1544 1210 non

210 1229 357 1270 habeo.
425 1227 613 1282 Capuam
662 1232 803 1269 tamen
852 1228 1149 1282 proficiscebar
1197 1228 1301 1269 haec
1344 1227 1542 1282 scribens,

210 1302 292 1342 quo
325 1287 490 1328 facilius
525 1288 573 1328 de
604 1287 778 1340 Pompei
810 1287 935 1327 rebus
968 1300 1271 1341 cognoscerem.

830 1425 919 1467 XX.

486 1507 559 1541 Ser.
589 1507 734 1550 Capuae
759 1507 856 1541 Non.
883 1506 989 1541 Febr.
1018 1518 1049 1540 α.
1081 1509 1149 1541 705
1177 1508 1266 1549 (49).
1561 1514 1595 1538 20

690 1587 857 1623 CICERO
885 1587 1068 1622 ATTICO.

166 1672 183 1702 1
300 1660 673 1715 Breviloquentem
696 1660 781 1701 iam
800 1675 866 1702 me
892 1662 1059 1714 tempus
1085 1659 1225 1713 ipsum
1244 1659 1354 1701 facil).
1391 1658 1542 1700 Pacem

213 1719 325 1760 enim
365 1719 598 1773 desperavi,
644 1719 803 1760 bellum
847 1720 984 1760 nostri
1026 1718 1191 1759 nullum
1235 1717 1541 1759 administrant.

213 1777 323 1819 Cave
354 1778 466 1818 enim
496 1780 620 1832 putes
653 1778 877 1832 quicquam
903 1792 991 1818 esse
1022 1777 1176 1818 minori
1206 1776 1272 1817 his
1299 1775 1542 1817 consulibus

213 1850 344 1877 curae.
395 1836 489 1891 Ego
524 1850 596 1890 spe
629 1837 822 1877 audiendi
854 1836 1011 1890 aliquid
1038 1838 1079 1876 eh
1105 1834 1381 1889 cognoscendi
1405 1835 1542 1875 nos'nri
1561 1851 1594 1877 25

214 1897 441 1949 apparatus
479 1895 661 1935 maximo
699 1895 826 1935 imbri
858 1894 1046 1948 Capuam
1081 1894 1177 1935 veni
1212 1893 1346 1947 pridie
1382 1891 1542 1948 Nonas,

214 1956 261 1993 ut
287 1968 400 1994 eram
425 1953 576 1994 iussus.
619 1953 691 1994 Illi
717 1956 858 1994 autem
882 1953 1069 1994 nondum
1087 1953 1300 2005 venerant,
1327 1951 1398 1992 sed
1423 1954 1541 1992 erant

213 2011 382 2052 venturi
405 2011 563 2065 inanes,
594 2012 803 2065 imparati.
856 2010 1022 2052 Gnaeus
1050 2012 1190 2051 autem
1214 2009 1413 2051 Luceriae
1438 2010 1541 2051 dice-

214 2070 340 2110 batur
384 2084 472 2111 esse
516 2073 557 2111 et
599 2070 710 2111 adire
754 2070 948 2111 cohortes
998 2069 1213 2123 legionum
1252 2067 1542 2122 Appianarum

213 2142 300 2168 non
329 2128 677 2169 firmissimarum.
738 2127 797 2169 At
835 2128 956 2169 illum
994 2141 1114 2168 ruere
1150 2127 1349 2167 nuntiant
1386 2129 1426 2167 et
1457 2126 1542 2167 iam
1560 2143 1594 2169 30

214 2186 381 2239 iamque
432 2187 591 2242 adesse,
645 2201 732 2229 non
785 2189 834 2228 ub
887 2200 1057 2227 manum
1112 2187 1304 2226 conseras:
1353 2183 1542 2250 (quicum

168 2254 186 2283 2
215 2243 402 2300 enim?),
451 2246 520 2286 sed
563 2248 610 2286 ub
659 2246 803 2300 fugam
845 2243 1109 2286 intercludat.
1176 2243 1270 2298 Eoo
1316 2245 1456 2284 autem
1497 2243 1543 2283 in

213 2300 337 2342 Italia
375 2301 447 2343 καὶ
488 2308 817 2345 συναποθανεῖν
854 2327 908 2332 —
945 2316 1021 2343 nec
1064 2304 1105 2342 te
1149 2296 1192 2342 id
1217 2278 1425 2356 C³consu103
1477 2301 1543 2341 sin
