1665 2553
290 123 629 159 EPISTULARUM
653 123 718 158 AD
744 123 958 158 ATTICUM
984 123 1067 158 XVI
1095 125 1282 158 15-16A.
1370 123 1455 164 515

730 253 842 296 XVI.

122 334 196 371 Ser.
217 334 258 369 in
288 335 496 369 Tusculano
521 335 617 369 inter
641 346 674 369 a.
695 335 728 369 d.
751 335 785 369 V
807 338 839 369 et
859 334 956 379 prid.
971 333 1068 368 Non.
1087 332 1208 378 Quint.
1225 344 1258 367 a.
1275 335 1346 368 710
1367 334 1456 377 (44).

427 415 595 451 CICERO
623 416 712 451 SUO
740 415 835 450 SAL.
857 415 944 450 DIC.
967 414 1154 450 ATTICO.

208 487 537 529 Iucundissimas
569 490 664 529 tuas
696 487 781 543 legi
811 487 989 529 litteras.
1039 485 1107 527 Ad
1130 485 1333 527 Plancum
1360 486 1456 527 scri-
1485 497 1502 526 1

87 564 102 589 5
123 546 208 601 psi,
250 547 358 587 misi.
421 546 564 587 Habes
610 546 858 600 exemplum.
921 544 1028 587 Cum
1067 545 1221 586 Tirone
1259 545 1361 599 quid
1402 545 1458 585 sit

121 605 306 659 locutuS,
344 619 594 659 cognoscam
631 619 681 646 ex
713 605 817 659 ipso.
880 602 987 646 Cum
1019 618 1163 645 sorore
1196 617 1294 658 ages
1325 605 1458 645 atten—
1484 614 1504 644 2

122 664 221 719 tius,
252 664 288 704 si
318 665 360 704 te
392 664 666 718 occupatione
696 664 780 704 ista
811 663 1022 704 relaxaris.

765 802 816 845 A.

438 884 511 919 Ser.
532 884 573 919 in
600 884 806 919 Tusculano
832 884 949 919 eodem
974 887 1136 928 tempore.

69 974 102 999 10
291 965 340 1000 M.
361 965 529 1000 CICERO
556 965 594 1001 L.
614 965 803 1000 PLANCO
830 965 999 1000 PRAET.
1021 963 1171 1000 DESIG.
1194 964 1291 1000 SAL.

208 1036 344 1078 Attici
373 1037 511 1078 nostri
542 1039 584 1078 te
615 1037 734 1078 valde
766 1037 1002 1078 studiosum
1037 1051 1127 1078 esse
1153 1037 1346 1091 cognovi,
1375 1036 1457 1078 mei
1483 1033 1528 1078 3‘

121 1111 220 1137 vero
258 1096 319 1136 ita
357 1095 572 1151 cupidum,
609 1098 657 1137 ut
694 1096 929 1137 mehercule
969 1110 1123 1149 paucos
1156 1109 1285 1149 aeque
1318 1095 1457 1136 obser-

123 1157 270 1196 vantes
308 1156 435 1208 atque
472 1157 661 1195 amantes
692 1169 759 1195 me
789 1154 943 1195 habere
975 1154 1226 1195 existimem.
1288 1152 1355 1194 Ad
1387 1169 1457 1208 pa-

123 1216 265 1254 ternas
297 1213 408 1254 enim
442 1227 617 1267 magnas
644 1216 684 1253 et
710 1216 872 1254 veteres
898 1215 940 1254 et
964 1213 1098 1253 iustas
1124 1212 1456 1253 necessitudines

71 1288 103 1314 15
122 1286 320 1327 magnam
369 1271 515 1312 attulit
565 1271 845 1312 accessionem
888 1274 963 1312 tua
1005 1271 1202 1312 voluntas
1247 1284 1348 1326 erga
1390 1285 1457 1312 me

122 1344 297 1384 meaque
329 1343 428 1384 erga
459 1332 501 1371 te
533 1345 609 1384 par
641 1333 768 1384 atque
798 1332 955 1371 mutua.

209 1388 438 1429 Buthrotia
480 1388 561 1429 tibi
604 1403 728 1429 causa
771 1389 919 1443 ignota
960 1402 1047 1429 non
1084 1390 1160 1429 est.
1220 1387 1306 1442 Egi
1344 1388 1455 1428 enim
1482 1400 1503 1429 4

123 1461 245 1500 saepe
277 1447 326 1487 de
357 1461 404 1487 ea
434 1461 478 1488 re
510 1450 649 1487 tecum
680 1447 844 1501 tibique
875 1449 1011 1488 totam
1036 1461 1125 1487 rem
1150 1446 1455 1501 demonstravi,

124 1519 230 1559 quae
279 1507 343 1546 est
386 1507 478 1545 acta
519 1504 600 1545 hoc
642 1505 779 1546 modo.
851 1504 912 1546 Ut
955 1505 1138 1558 primum
1181 1504 1457 1546 Buthrotium

71 1581 105 1606 20
124 1577 272 1618 agrum
310 1563 595 1617 proscriptum
632 1563 830 1618 vidimus,
867 1566 1104 1604 commotus
1136 1562 1306 1604 Atticus
1338 1563 1457 1604 libel-

122 1623 211 1662 lum
248 1622 497 1675 composuit.
557 1621 669 1662 Eum
706 1621 811 1662 mihi
850 1621 981 1676 dedit,
1017 1624 1064 1662 ut
1096 1621 1239 1662 darem
1271 1620 1456 1676 Caesari,

124 1695 237 1722 eram
275 1680 386 1721 enim
424 1682 647 1721 cenaturus
679 1680 789 1733 apud
820 1694 914 1720 eum
946 1679 1021 1720 illo
1053 1679 1129 1720 die.
1191 1679 1303 1720 Eum
1334 1679 1456 1720 libel-

123 1739 212 1779 lum
247 1737 415 1779 Caesari
447 1738 552 1779 dedi.
613 1738 818 1779 Probavit
850 1752 1031 1792 causam,
1061 1738 1278 1791 rescripsit
1310 1736 1455 1779 Attico

125 1811 257 1850 aequa
295 1811 389 1838 eum
425 1796 662 1852 postulare,
698 1797 915 1837 admonuit
952 1799 1110 1851 tamen,
1152 1799 1199 1836 ut
1236 1797 1457 1849 pecuniam

74 1872 106 1897 25
125 1856 332 1909 reliquam
355 1855 574 1896 Buthrotii
600 1855 652 1896 ad
677 1855 787 1896 diem
814 1855 1036 1897 solverent.
1091 1853 1275 1909 Atticus,
1306 1855 1379 1908 qui
1404 1855 1456 1895 ci-
1483 1867 1502 1896 5

125 1913 301 1955 vitatem
338 1916 625 1954 conservatam
667 1916 854 1969 cuperet,
889 1913 1108 1967 pecuniam
1138 1913 1377 1953 numeravit
1409 1913 1457 1954 de

126 1986 213 2012 suo.
276 1971 398 2020 Quod
434 1986 528 2013 cum
565 1975 674 2012 esset
711 1972 886 2025 factum,
925 1971 1102 2012 adiimus
1143 1971 1194 2011 ad
1225 1969 1458 2026 Caesarem,

126 2031 253 2070 verba
284 2030 457 2071 fecimus
488 2045 564 2083 pro
591 2030 843 2084 Buthrotiis,
873 2029 1219 2070 liberalissimum
1245 2029 1457 2070 decretum

128 2088 404 2142 abstulimus,
437 2088 549 2142 quod
581 2091 643 2129 est
670 2089 941 2143 obsignatum
967 2088 1018 2128 ab
1045 2087 1316 2141 amplissimis
1342 2088 1456 2129 viris.

75 2164 109 2189 30
129 2146 243 2195 Quae
280 2160 374 2187 cum
416 2149 554 2187 essent
592 2149 700 2200 acta,
737 2147 882 2187 mirari
920 2146 1112 2199 equidem
1151 2146 1337 2186 solebam
1368 2147 1457 2200 pati

129 2204 348 2246 Caesarem
388 2204 610 2245 convenire
648 2219 737 2260 eos,
775 2205 847 2258 qui
879 2218 1027 2258 agrum
1057 2203 1332 2244 Buthrotium
1364 2219 1457 2246 con-

129 2263 366 2316 cupissent,
401 2276 536 2316 neque
569 2262 706 2303 solum
737 2263 846 2317 pati,
884 2262 955 2303 sed
986 2262 1113 2302 etiam
1145 2262 1182 2302 ei
1212 2263 1383 2317 negotio
1415 2266 1458 2304 te

128 2321 362 2375 praeficere.
424 2319 571 2374 Itaque
615 2323 656 2361 et
701 2334 776 2375 ego
821 2335 915 2362 cum
956 2320 1028 2361 illo
1073 2320 1240 2361 locutus
1286 2336 1379 2362 sum
1416 2324 1457 2362 et

1178 2389 1247 2423 33*
