1665 2553
153 174 175 203 4

152 1580 171 1609 [θ

201 67 288 107 442
629 68 677 102 Μ.
705 68 845 101 TULLI
872 67 1118 102 CICERONIS

291 161 475 210 Quintus
507 165 628 216 pater
654 163 706 203 ad
737 177 803 203 me
835 163 980 217 gravia
1006 163 1055 204 de
1080 163 1182 217 filio,
1215 163 1394 204 maxime
1428 163 1540 217 quod

200 221 327 262 matri
363 235 476 262 nunc
514 221 749 275 indulgeat,
793 222 860 262 cui
899 225 1021 262 antea
1053 222 1158 262 bene
1201 222 1379 262 merenti
1410 222 1539 262 fuerit

200 279 407 320 inimicus.
471 278 678 320 Ardentes
710 280 755 320 in
787 294 881 320 eum
912 280 1077 321 litteras
1111 280 1163 321 ad
1188 295 1254 321 me
1285 281 1411 322 misit.
1462 279 1539 321 Ille

201 341 343 379 autem
376 338 477 392 quid
503 341 614 392 agat,
646 338 681 379 si
715 338 795 379 scis
821 339 1057 392 nequedum
1084 338 1220 380 Roma
1245 354 1288 380 es
1313 339 1538 393 profectus,

201 397 359 437 scribas
391 397 442 437 ad
473 411 539 437 me
569 396 713 452 velim,
746 400 786 437 et
818 397 987 439 hercule
1020 397 1055 438 si
1089 397 1189 451 quid
1221 398 1345 439 aliud.
1405 397 1539 438 Velie-

198 458 361 496 menter
393 455 575 496 delector
607 456 692 496 tuis
724 456 891 497 litteris.

830 572 901 614 XI.

437 653 510 688 Ser.
532 624 760 687 iit-Cumano
786 654 851 687 XI
874 653 920 688 K.
944 654 1038 687 Mai.
1061 666 1092 688 α.
1116 657 1186 688 710
1214 657 1302 698 (44).

622 734 790 769 CICERO
817 734 989 769 ATTICO
1018 735 1115 769 SAL.

286 805 454 847 Nudius
499 807 650 847 tertius
697 806 790 847 dedi
835 807 885 847 ad
929 809 971 847 te
1014 807 1241 860 epistulam
1284 807 1538 862 longiorem3

198 880 309 906 nunc
342 866 393 906 ad
419 880 478 920 ea,
511 880 616 918 quae
642 865 842 919 proxime.
904 864 1046 906 Velim
1077 865 1325 920 mehercule,
1355 866 1539 907 Asturae

199 924 370 965 Brutus.
412 923 669 965 Ἀκολασιάν
689 924 870 964 istorum
885 924 1046 965 scribis,
1078 923 1148 964 An
1167 925 1366 965 censebas
1387 925 1537 965 aliter?

199 983 409 1036 Equidem
435 983 561 1023 etiam
588 982 749 1023 maiora
775 985 983 1036 exspecto.
1035 981 1170 1030 Quom
1192 983 1420 1037 [equidem]
1443 998 1538 1024 con-

198 1042 357 1082 tionem
395 1041 491 1096 lego
526 1041 591 1081 ‘de
629 1044 749 1082 tanto
782 1041 892 1095 viro,
932 1041 980 1082 de
1018 1041 1252 1082 clarissimo
1285 1042 1392 1095 civi',
1429 1042 1538 1083 ferre

198 1115 285 1141 non
324 1115 441 1153 queo.
503 1099 601 1140 Etsi
644 1100 727 1140 ista
769 1100 854 1140 iam
898 1100 948 1140 ad
992 1100 1135 1140 risum.
1199 1100 1279 1142 Sed
1315 1103 1538 1153 memento,

200 1159 259 1199 sic
291 1159 421 1199 alitur
453 1158 710 1199 consuetudo
743 1158 1003 1211 perditarum
1034 1159 1292 1213 contionum,
1323 1161 1370 1199 ut
1401 1160 1538 1200 nostri

199 1217 261 1257 illi
294 1231 379 1257 non
409 1217 577 1269 heroes,
622 1216 694 1257 sed
732 1216 773 1256 di
812 1217 945 1256 futuri
979 1217 1147 1270 quidem
1184 1217 1228 1257 in
1266 1217 1402 1271 gloria
1434 1232 1537 1258 sem-

199 1276 366 1329 piterna
409 1275 512 1329 sint,
554 1275 626 1315 sed
662 1289 749 1315 non
792 1275 880 1315 sine
918 1275 1094 1329 invidia,
1133 1289 1185 1315 ne
1230 1276 1319 1316 sine
1350 1276 1536 1329 periculo

200 1334 379 1387 quidem.
448 1332 608 1373 Verum
657 1333 743 1373 illis
794 1346 946 1387 magna
996 1333 1231 1374 consolatio
1282 1334 1538 1375 conscientia

198 1392 374 1432 maximi
405 1394 451 1441 et·
479 1392 699 1432 clarissimi
725 1392 838 1445 facti,
869 1391 993 1432 nobis
1021 1392 1155 1445 quae?
1213 1393 1285 1446 qui
1314 1392 1535 1434 interfecto

198 1464 295 1504 rege
327 1450 451 1491 liberi
475 1465 561 1490 non
588 1464 743 1491 sumus.
789 1449 869 1490 Sed
894 1449 995 1491 haec
1022 1451 1194 1491 fortuna
1221 1451 1386 1506 viderit,
1407 1466 1537 1505 quon-

199 1509 283 1549 iam
316 1509 425 1549 ratio
457 1523 543 1549 non
575 1509 794 1563 gubernat.

286 1566 349 1607 De
379 1567 576 1608 Cicerone
603 1582 709 1621 quae
734 1567 895 1622 scribis,
926 1567 1107 1607 iucunda
1132 1567 1238 1608 mihi
1263 1571 1379 1623 sunt3
1411 1568 1537 1609 velim

199 1626 285 1666 sint
325 1640 536 1680 prospera.
605 1625 726 1674 Quod
766 1639 888 1666 curae
925 1625 1005 1666 tibi
1048 1629 1130 1681 est,
1171 1628 1219 1666 ut
1267 1627 1304 1666 ei
1345 1627 1536 1680 suppedi-

197 1687 312 1725 tetur
348 1685 399 1725 ad
442 1699 565 1725 usum
600 1687 641 1724 et
682 1684 841 1725 cultum
884 1684 1070 1738 copiose,
1113 1699 1190 1738 per
1226 1684 1331 1725 mihi
1366 1687 1536 1739 gratum

198 1746 280 1796 est,
316 1743 442 1796 idque
480 1746 527 1783 ut
558 1743 705 1796 facias,
749 1745 791 1783 te
835 1743 962 1783 etiam
993 1746 1112 1795 atque
1143 1744 1264 1784 etiam
1296 1757 1411 1797 rogo.
1473 1742 1536 1784 De

197 1800 438 1842 Buthrotiis
465 1804 506 1841 et
532 1804 579 1841 tu
606 1804 717 1842 recte
743 1801 917 1855 cogitas,
936 1803 978 1842 et
1005 1815 1082 1855 ego
1109 1816 1195 1842 non
1221 1801 1389 1842 dimitto
1410 1802 1537 1842 istam

197 1874 349 1900 curam.
402 1858 639 1913 Suscipiam
666 1874 832 1900 omnem
858 1835 985 1899 etiam
1011 1860 1230 1925 actionem,
1263 1874 1389 1913 quam
1414 1860 1535 1901 video

197 1919 350 1959 cotidie
383 1918 626 1959 facili01em.
688 1918 751 1958 De
784 1917 1008 1970 Cluviano,
1049 1918 1248 1971 quoniam
1286 1919 1332 1958 in
1368 1933 1413 1959 re
1444 1933 1536 1959 mea

196 1991 261 2016 me
294 1977 433 2030 ipsum
466 1977 686 2030 diligentia
717 1976 864 2030 vincis,
894 1991 959 2016 res
993 1976 1044 2016 ad
1075 1979 1249 2017 centena
1280 1977 1534 2030 perducitur.

196 2034 336 2075 Ruina
373 2049 462 2075 rem
497 2049 583 2075 non
621 2035 720 2075 fecit
752 2010 1019 2088 deteiiorem,
1056 2034 1168 2075 haud
1200 2035 1285 2076 scio
1324 2049 1377 2075 an
1408 2036 1535 2076 etiam

195 2093 531 2134 fructuosiorem.

283 2151 364 2192 Hic
384 2166 547 2192 mecum
564 2151 737 2205 Balbus,
756 2151 937 2205 Hirtius,
956 2150 1103 2192 Pansa.
1136 2150 1262 2192 Modo
1283 2152 1400 2192 venit
1414 2151 1535 2193 Octa-

196 2209 288 2249 vius
302 2213 343 2250 et
355 2210 523 2263 quidem
538 2210 582 2250 in
596 2210 832 2263 proximam
845 2209 990 2250 villam
1008 2209 1197 2263 Philippi
1208 2210 1313 2250 mihi
1333 2212 1450 2251 totus
1469 2210 1535 2251 de-

197 2266 320 2307 ditus
354 2268 559 2309 Lentulus
575 2267 776 2322 Spinther
789 2267 915 2309 hodie
929 2268 1040 2321 apud
1053 2282 1129 2308 me.
1157 2268 1260 2309 Cras
1274 2282 1395 2309 mane
1408 2269 1534 2310 vadit.

1559 826 1591 850 10

1560 1118 1590 1143 15

1557 1411 1590 1435 20

1556 1703 1589 1727 25

1555 1995 1588 2019 30

1555 2286 1588 2310 35
