1665 2553
139 2306 184 2336 ‘26

204 93 287 134 168
400 99 402 101 ’
640 91 690 128 M.
717 91 857 126 TULLI
883 90 1133 126 CICERONIS

198 187 417 242 scripsisse
463 187 603 229 audio.
666 186 802 241 Cupio
839 186 919 227 hos
962 187 1179 239 expeditos
1217 186 1374 241 videre,
1418 186 1543 240 cupio

198 247 328 288 etiam
372 245 577 300 Sestium,
623 246 726 287 adde
772 245 829 286 sis
870 243 1078 299 Caelium3
1122 245 1168 286 in
1212 245 1366 299 quibus
1412 245 1543 286 omni-

197 305 277 346 bus
311 307 375 346 est

271 387 509 428 εΑῐδεσθεν
539 384 619 441 μὲν
651 385 915 440 ἀνήνασθαι,
947 387 1099 427 δεῖσαν
1130 384 1168 427 δ’
1200 385 1474 440 ὑποδέχθαι.’

197 481 263 523 De
294 481 496 521 Memmio
533 479 796 520 restituendo
838 481 886 519 ut
919 477 1047 520 Curio
1081 479 1257 534 cogitet,
1297 482 1340 521 te
1372 478 1540 520 audisse
1580 496 1597 521 5

198 543 316 594 puto.
366 539 430 580 De
455 538 616 593 Egnati
644 537 821 579 Sidicini
845 538 1016 578 nomine
1041 552 1118 578 nec
1142 538 1261 578 nulla
1285 552 1361 579 nec
1386 552 1542 592 magna

201 613 273 653 spe
306 613 463 639 sumus.
512 597 743 651 Pinarium,
776 611 901 650 quem
926 596 1032 637 mihi
1058 596 1335 650 commendas,
1364 596 1543 651 diligen-

200 657 364 698 tissime
407 656 637 697 Deiotarus
678 658 797 697 curat
841 655 1030 710 graviter
1072 669 1257 710 aegrum.
1324 654 1543 709 Respondi

201 716 330 756 etiam
360 715 527 756 minori.

291 774 355 815 Tu
380 774 521 827 velim,
546 773 645 814 dum
671 787 741 813 ero
768 771 1013 827 Laodiceae,
1038 772 1080 813 id
1107 774 1171 813 est
1196 772 1248 813 ad
1272 771 1372 813 Idus
1398 771 1545 827 Maias,
1565 788 1600 813 10

204 848 331 887 quam
357 832 602 886 saepissime
627 846 793 872 mecum
818 846 891 885 per
916 831 1083 872 litteras
1104 831 1345 885 colloquare
1365 833 1418 886 et,
1449 845 1545 871 cum

202 892 393 932 Athenas
427 891 593 931 veneris
626 888 736 945 (iam
768 890 879 931 enim
911 890 1091 931 sciemus
1124 890 1172 930 de
1204 890 1331 930 rebus
1357 889 1546 944 urbanis,

204 951 254 992 de
291 950 544 1004 provinciis,
584 963 690 1004 quae
729 949 870 990 omnia
907 949 951 989 in
991 963 1180 989 mensem
1210 948 1415 989 Martium
1446 951 1546 989 sunt

161 1022 172 1028 ”
205 1007 416 1064 conlata),
460 1009 607 1062 utique
649 1008 702 1048 ad
732 1022 799 1048 me
835 1007 1082 1048 tabellarios
1119 1007 1277 1048 mittas.
1344 1006 1404 1047 Et
1439 1006 1544 1047 heus

204 1069 269 1109 tu!
312 1068 451 1108 iamne
482 1081 558 1107 vos
591 1082 615 1107 a
647 1066 823 1107 Caesare
854 1081 929 1120 per
960 1065 1173 1107 Herodem
1205 1065 1369 1106 talenta
1399 1064 1547 1106 Attica
1566 1081 1601 1106 15

204 1138 233 1166 L
272 1125 542 1166 extorsistis?
584 1125 628 1166 in
655 1139 751 1179 quo,
783 1127 831 1165 ut
857 1125 995 1179 audio,
1025 1138 1226 1179 magnum
1254 1125 1399 1165 odium
1425 1123 1547 1164 Pom-

204 1185 273 1238 pei
311 1184 568 1237 suscepistis.
632 1183 762 1224 Putat
804 1183 916 1224 em'm
948 1197 1047 1223 suos
1076 1197 1273 1223 nummos
1305 1197 1380 1223 vos
1414 1197 1547 1223 come-

206 1243 336 1298 disse,
374 1241 597 1283 Caesarem
633 1242 679 1282 in
708 1241 891 1282 Nemore
931 1241 1186 1282 aedificando
1229 1241 1547 1295 diligentiorem

205 1302 306 1342 fore.
375 1301 490 1342 Haec
529 1315 606 1355 ego
649 1315 699 1341 ex
735 1300 778 1341 P.
811 1299 966 1354 Vedio,
1008 1313 1162 1354 magno
1199 1300 1430 1354 nebulone,
1474 1299 1546 1339 sed

204 1359 380 1413 Pompei
412 1362 554 1400 tamen
584 1359 797 1414 familiari,
829 1359 980 1399 audivi.
1030 1358 1112 1399 Hic
1143 1357 1303 1398 Vedius
1336 1357 1443 1398 mihi
1477 1357 1548 1398 ob·
1567 1374 1603 1398 20

205 1419 318 1459 viam
354 1419 470 1459 venit
508 1433 604 1458 cum
635 1417 800 1458 duobus
833 1417 989 1458 essedis
1022 1419 1064 1458 et
1095 1417 1220 1457 raeda
1252 1416 1371 1470 equis
1402 1416 1549 1457 iuncta

207 1480 248 1518 et
278 1477 428 1518 lectica
460 1480 500 1517 et
532 1476 693 1517 familia
722 1490 894 1530 magna,
931 1490 1007 1529 pro
1041 1490 1142 1530 qua,
1180 1475 1217 1516 si
1249 1473 1378 1516 Curio
1410 1475 1549 1529 legem

206 1536 442 1590 pertulerit,
473 1534 546 1576 HS
573 1538 772 1576 centenos
799 1534 953 1589 pendat
977 1548 1147 1575 necesse
1174 1536 1248 1574 est.
1298 1534 1406 1574 Erat
1432 1547 1549 1587 prae-

207 1597 323 1635 terea
372 1594 682 1648 cynocephalus
732 1593 777 1634 in
827 1593 991 1647 essedo,
1039 1607 1115 1634 nec
1164 1593 1336 1633 deerant
1386 1591 1546 1646 onagri.

206 1652 454 1707 Numquam
491 1653 577 1693 vidi
616 1652 833 1693 hominem
869 1652 1128 1706 nequiorem.
1191 1650 1272 1692 Sed
1313 1652 1547 1691 extremum
1566 1663 1602 1690 25

208 1712 315 1752 audi.
374 1711 632 1752 Deversatus
665 1714 730 1752 est
761 1709 991 1751 Laodiceae
1023 1710 1135 1764 apud
1164 1709 1414 1763 Pompeium
1444 1707 1547 1748 Vin-

208 1770 381 1811 dullum.
442 1769 509 1810 Ibi
549 1785 625 1811 sua
665 1769 880 1825 deposuit,
917 1784 1012 1810 cum
1045 1769 1097 1809 ad
1126 1783 1193 1809 me
1224 1767 1438 1821 profectus
1472 1769 1548 1807 est.

207 1829 392 1869 Moritui
422 1829 594 1869 interim
612 1828 859 1882 Vindullus,
892 1842 997 1882 quae
1026 1842 1092 1868 res
1119 1827 1171 1868 ad
1197 1826 1403 1880 Magnum
1426 1824 1549 1865 Pom-

207 1888 350 1941 peium
380 1888 591 1941 pertinere
620 1887 861 1941 putabatur.
913 1885 957 1927 G
978 1884 1226 1927 Vennonius
1253 1859 1428 1925 deomUm
1447 1882 1549 1924 Vin-

208 1946 312 1987 dulli
349 1946 476 1987 venit.
540 1944 647 1986 Cum
684 1945 825 1986 omnia
857 1945 1119 1999 obsignaret,
1158 1943 1203 1984 in
1234 1942 1449 1983 Vedianas
1481 1956 1547 1982 res
1568 1957 1603 1982 30

207 2004 366 2045 incidit.
433 2002 483 2045 In
532 2003 599 2045 his
642 2004 838 2044 inventae
882 2006 981 2044 sunt
1025 2002 1210 2056 quinque
1252 2000 1549 2055 imagunculae

208 2065 518 2117 matronarum,
555 2063 601 2103 in
638 2062 792 2116 quibus
831 2077 915 2102 una
953 2060 1111 2102 sororis
1151 2059 1273 2100 amici
1311 2059 1376 2100 tui
1414 2058 1549 2100 homi-

208 2121 274 2161 nis
309 2121 457 2162 ‘bruti’
459 2156 470 2176 ,
507 2121 581 2175 qui
610 2121 692 2162 hoc
722 2123 881 2173 utatur,
914 2123 955 2160 et
986 2119 1102 2160 illius
1136 2118 1309 2173 ‘lepidst
1341 2117 1414 2171 qui
1446 2116 1550 2157 haec

209 2181 298 2219 tam
334 2180 606 2234 neglegenter
647 2179 765 2220 feifflat
827 2178 942 2219 Haec
984 2180 1026 2218 te
1063 2176 1179 2218 volui
1221 2181 1548 2231 παοιστορῆσαι.

212 2237 364 2278 Sumus
398 2238 509 2279 enim
541 2238 665 2279 ambo
698 2237 808 2278 belle
841 2235 1006 2278 curiosi.
1569 2247 1604 2274 35

298 2295 444 2337 Unum
482 2296 609 2337 etiam
645 2296 773 2337 velim
811 2295 985 2350 cogites
1047 2292 1186 2334 Audio
1228 2292 1415 2347 Appium
1445 2292 1551 2344 πρό-
