1665 2553
324 100 665 134 EPISTULARUM
689 99 755 133 AD
781 98 997 133 ATTICUM
1023 98 1073 131 IX
1100 102 1153 140 10,
1183 102 1236 131 11.
1364 97 1446 137 277

104 196 314 238 nihildum
352 196 402 236 de
432 196 572 236 reditu
606 194 798 236 Caesaris
832 194 1094 235 audiebatur.
1157 193 1251 247 Ego
1284 192 1352 233 liis
1385 193 1452 233 lit-

106 256 208 297 teris
246 255 327 296 hoc
364 258 507 296 tamen
538 254 716 309 profeci,
753 253 913 308 perlegi
946 267 1090 293 omnes
1123 255 1219 292 tuas
1253 254 1294 292 et
1326 252 1371 292 in
1404 266 1452 292 eo

107 329 308 368 acquievi.

742 428 813 470 XI.

16 489 17 495 ¹
70 518 86 544 5
300 511 375 547 Ser.
397 512 435 546 in
466 511 665 546 Formiano
693 510 806 544 XIII
827 510 874 544 K.
896 510 987 554 Apr.
1009 522 1040 544 a.
1066 512 1136 545 705
1165 512 1252 552 (49).

511 593 701 628 CICERO
727 592 919 627 ATTICO
945 591 1053 626 SAL.

194 665 424 707 Lentulum
462 667 657 706 nostrum
696 665 777 706 scis
809 663 1000 705 Puteolis
1034 663 1154 704 esse?
1205 661 1327 711 Quod
1359 676 1453 703 cum

107 739 128 765 e
165 725 328 766 viatore
367 724 550 778 quodam
588 726 698 764 esset
737 723 945 776 auditum,
987 722 1059 776 qui
1093 736 1136 763 se
1168 721 1325 762 diceret
1358 735 1454 763 eum

105 784 151 824 in
175 783 327 837 Appia,
359 797 454 823 cum
480 782 515 823 is
542 783 715 836 paulum
741 782 935 823 lecticam
963 781 1210 834 aperuisset,
1237 794 1454 834 cognosse,

53 861 87 885 10
107 842 188 883 etsi
218 844 290 883 vix
322 842 410 882 veri
443 841 597 895 simile,
635 841 733 882 misi
764 843 908 882 tamen
938 839 1141 880 Puteolos
1173 853 1337 893 pueros,
1379 839 1454 893 qui

106 901 462 955 pervestigarent,
502 903 543 941 et
582 900 632 940 ad
671 915 766 941 eum
802 900 980 940 litteras.
1042 897 1246 939 Inventus
1287 901 1350 938 est
1382 898 1454 938 vix

106 961 152 1000 in
194 959 332 1000 hortis
378 959 464 1000 suis
508 973 549 1000 se
593 959 808 1000 occultans
853 958 1104 1011 litterasque
1143 956 1250 997 mihi
1289 956 1453 997 remisit
1509 1000 1516 1003 .

106 1018 282 1059 mirifice
320 1018 479 1073 gratias
513 1031 642 1072 agens
676 1016 864 1070 Caesari,
908 1017 956 1057 de
991 1031 1067 1057 suo
1101 1018 1242 1056 autem
1274 1015 1453 1056 consilio

107 1076 150 1119 C.
178 1075 325 1118 Caesio
357 1076 554 1117 mandata
586 1076 638 1117 ad
668 1091 734 1117 me
766 1075 940 1116 dedisse.
992 1074 1105 1115 Eum
1132 1088 1208 1129 ego
1235 1074 1360 1114 hodie
1387 1088 1454 1115 ex-

54 1153 86 1178 15
108 1136 362 1190 spectabam,
394 1135 436 1176 id
468 1138 532 1176 est
564 1147 648 1175 XIII
678 1135 729 1176 K.
756 1134 939 1188 Apriles.

192 1194 322 1235 Venit
367 1195 494 1235 etiam
539 1194 590 1234 ad
633 1208 699 1234 me
730 1193 889 1234 Matius
922 1192 1279 1246 Quinquatribus,
1324 1191 1452 1233 homo

105 1253 359 1307 mehercule,
396 1255 444 1293 ut
475 1253 580 1293 mihi
612 1253 728 1293 visus
762 1255 845 1306 est,
883 1253 1142 1305 temperatus
1176 1253 1217 1291 et
1249 1250 1452 1305 prudens,

106 1312 374 1353 existimatus
408 1311 576 1365 quidem
608 1314 672 1352 est
705 1325 868 1364 semper
900 1313 1048 1351 auctor
1080 1309 1169 1350 otii.
1221 1308 1356 1357 Quam
1379 1309 1452 1350 ille

104 1370 186 1412 hoc
222 1384 308 1411 non
344 1370 524 1424 probare
561 1370 668 1410 mihi
706 1370 875 1424 quidem
907 1369 1023 1410 visus
1057 1370 1137 1421 est,
1177 1382 1304 1422 quam
1334 1368 1454 1409 illam

55 1447 88 1471 20
110 1428 306 1483 νέκυιαν,
344 1431 392 1469 ut
430 1431 477 1469 tu
517 1429 722 1484 appellas,
760 1429 926 1469 timere!
976 1427 1089 1468 Huic
1128 1440 1206 1481 ego
1239 1427 1284 1467 in
1315 1427 1452 1468 multo

110 1501 301 1528 sermone
333 1487 561 1540 epistulam
593 1487 643 1527 ad
674 1502 740 1528 me
775 1486 965 1528 Caesaris
999 1486 1177 1540 ostendi,
1208 1500 1301 1526 eam
1333 1486 1452 1526 cuius

108 1546 348 1600 exemplum
380 1545 432 1586 ad
463 1548 504 1586 te
537 1548 659 1586 antea
690 1546 806 1600 misi,
843 1545 1087 1599 rogavique,
1124 1547 1171 1585 ut
1202 1545 1452 1598 interpreta-

108 1607 244 1659 retur,
281 1604 383 1658 quid
415 1607 541 1657 esset,
574 1604 687 1657 quod
717 1605 790 1645 ille
823 1604 1042 1657 scriberet,
1076 1603 1313 1644 ‘consilio
1345 1617 1451 1643 meo

109 1678 159 1704 se
197 1663 273 1704 uti
304 1663 454 1717 velle,
493 1662 679 1717 gratia,
717 1662 994 1717 dignitate,
1026 1675 1116 1714 ope
1153 1675 1317 1701 rerum
1356 1675 1452 1701 om-

56 1739 89 1765 25
108 1722 272 1763 nium'.
328 1721 565 1775 Respondit
598 1735 640 1761 se
672 1735 758 1762 non
790 1720 1002 1775 dubitare,
1046 1720 1150 1773 quin
1182 1722 1223 1759 et
1256 1733 1379 1772 opem
1411 1722 1453 1760 et

110 1781 292 1835 gratiam
332 1795 469 1821 meam
506 1779 578 1820 ille
617 1779 669 1820 ad
706 1779 1043 1833 pacificationem
1076 1780 1306 1831 quaereret.
1361 1776 1455 1818 Uti-

108 1854 207 1880 nam
250 1839 421 1893 aliquod
464 1839 509 1878 in
550 1838 630 1879 hac
672 1838 843 1878 miseria
885 1837 947 1877 rei
990 1836 1184 1890 publicae
1227 1836 1455 1877 πολιτικὸν

111 1912 217 1951 opus
250 1898 412 1939 efficere
444 1900 485 1938 et
516 1911 670 1937 navare
701 1897 808 1937 mihi
839 1896 981 1936 liceat!
1025 1895 1185 1935 Matius
1218 1894 1387 1948 quidem
1412 1896 1455 1936 et

110 1956 233 1997 illum
271 1957 317 1997 in
353 1971 401 1997 ea
441 1956 652 1997 sententia
690 1970 780 1996 esse
821 1953 1059 1996 confidebat
1091 1956 1133 1994 et
1165 1967 1209 1994 se
1241 1956 1456 1994 auctorem

58 2031 92 2057 30
112 2015 202 2055 fore
234 2015 525 2068 pollicebatur.

199 2073 340 2113 Pridie
384 2076 526 2114 autem
570 2073 681 2126 apud
724 2087 790 2113 me
830 2071 1049 2125 Crassipes
1094 2070 1250 2125 fuerat,
1294 2070 1368 2124 qui
1412 2084 1454 2111 se

111 2131 246 2185 pridie
288 2131 398 2172 Non.
438 2131 615 2172 Martias
658 2131 886 2171 Brundisio
938 2130 1175 2183 profectum
1222 2131 1351 2182 atque
1394 2128 1456 2170 ibi

110 2189 360 2244 Pompeium
410 2190 633 2243 reliquisse
683 2189 865 2243 dicebat,
915 2188 1029 2242 quod
1067 2187 1212 2240 etiam,
1263 2187 1335 2240 qui
1373 2199 1455 2228 VIII

111 2249 211 2290 Idus
244 2248 362 2289 illinc
393 2248 572 2301 profecti
603 2250 735 2302 erant,
765 2247 1039 2299 nuntiabant3
1071 2246 1145 2287 illa
1169 2260 1269 2286 vero
1297 2260 1455 2300 omnes,

59 2324 93 2350 35
112 2307 158 2348 in
190 2307 343 2361 quibus
376 2306 503 2347 etiam
537 2305 767 2360 Crassipes,
810 2306 882 2359 qui
907 2319 986 2358 pro
1018 2318 1095 2346 succ
1126 2304 1352 2358 prudentia
1382 2318 1455 2358 po-

1481 1202 1499 1231 [ὓ
