1665 2553
542 671 1073 715 PSEUDocioERONis

219 767 625 821 EPISTULA
654 768 766 820 AD
809 767 1387 820 OCTAVIANUM.

508 974 676 1010 CICERO
704 973 980 1009 OCTAVIANO
1008 973 1106 1010 SAL.

227 1046 271 1089 Si
314 1061 388 1101 per
431 1049 526 1088 tuas
570 1047 758 1101 legiones
802 1046 908 1087 mihi
949 1046 1114 1088 licitum
1151 1047 1321 1101 fuisset,
1363 1062 1468 1101 quae
1496 1058 1511 1087 1

103 1124 119 1149 5
138 1106 301 1146 nomini
332 1120 425 1146 meo
457 1105 688 1159 populique
714 1105 893 1146 Romani
922 1109 1020 1146 sunt
1045 1105 1373 1160 inimicissimae,
1404 1120 1469 1146 ve-

137 1165 229 1206 nire
272 1164 317 1204 in
361 1166 553 1204 senatum
597 1178 821 1217 coramque
864 1164 913 1204 de
955 1178 1001 1205 re
1036 1164 1205 1218 publica
1243 1164 1468 1218 disputare,

137 1222 328 1264 fecissem
366 1236 501 1276 neque
538 1226 625 1263 tam
663 1222 845 1263 libenter
877 1237 1003 1276 quam
1033 1223 1278 1264 necessario.
1340 1221 1469 1262 Nulla

139 1281 250 1322 enim
277 1281 472 1335 remedia,
504 1295 610 1334 quae
635 1281 879 1321 vulneribus
906 1281 1172 1335 adhibentur,
1196 1284 1284 1321 tam
1309 1281 1469 1321 faciunt

137 1339 343 1394 dolorem,
387 1354 512 1393 quam
553 1353 659 1392 quae
703 1342 802 1379 sunt
846 1339 1058 1380 salutaria.
1128 1338 1226 1393 Sed,
1270 1339 1468 1393 quoniam

86 1415 119 1439 10
138 1397 384 1438 cohortibus
422 1398 596 1438 armatis
637 1397 965 1451 circumsaeptus
1004 1400 1174 1439 senatus
1212 1397 1320 1438 nihil
1356 1397 1470 1438 aliud

138 1470 234 1496 vere
268 1458 410 1509 potest
445 1456 669 1497 decernere
705 1456 788 1496 nisi
820 1457 969 1497 timere
1003 1456 1067 1512 (in
1098 1455 1308 1509 Capitolio
1348 1456 1469 1509 signa

139 1516 256 1567 sunt,
293 1514 338 1554 in
377 1514 480 1554 urbe
511 1514 668 1554 milites
699 1517 925 1569 vagantur,
962 1515 1007 1555 in
1039 1514 1198 1567 Campo
1231 1516 1367 1554 castra
1398 1527 1468 1566 po-

137 1575 314 1627 nuntur,
349 1570 475 1613 Italia
512 1575 603 1613 tota
639 1572 878 1627 legionibus
917 1573 968 1613 ad
1009 1573 1248 1613 libertatem
1278 1574 1468 1612 nostram

138 1631 388 1684 conscriptis
420 1631 472 1671 ad
503 1631 750 1671 servitutem
781 1631 971 1671 adductis
1004 1631 1279 1684 equitatuque
1311 1632 1469 1670 extera-

86 1707 119 1732 15
138 1704 233 1730 rum
274 1689 496 1730 nationum
539 1688 802 1745 distinetur),
846 1690 988 1730 cedam
1032 1689 1110 1729 tibi
1152 1689 1197 1729 in
1234 1688 1469 1741 praesentia

137 1747 230 1789 foro
240 1780 251 1801 ,
289 1748 404 1788 curia
442 1750 484 1788 et
517 1748 795 1788 sanctissimis
827 1748 999 1788 deorum
1031 1746 1334 1787 immortalium
1366 1749 1468 1786 tem-

137 1806 232 1860 plis,
262 1806 307 1846 in
339 1806 492 1860 quibus
521 1806 796 1847 reviviscente
822 1807 906 1846 iam
931 1806 1127 1846 libertate
1153 1804 1298 1844 deinde
1324 1818 1467 1844 rursus

137 1878 336 1918 oppressa
362 1868 532 1905 senatus
557 1864 666 1905 nihil
691 1865 936 1915 consulitur,
968 1864 1089 1904 timet
1115 1862 1260 1915 multa,
1281 1862 1468 1902 adsenta-

136 1925 206 1962 tur
250 1923 400 1963 omnia.
460 1922 564 1963 Post
602 1923 729 1963 etiam
766 1922 892 1975 paulo
930 1921 1191 1975 temporibus
1228 1921 1289 1960 ita
1325 1923 1467 1973 postu-
1494 1931 1513 1959 2

84 1997 118 2021 20
136 1980 323 2021 lantibus
361 1981 503 2021 cedam
541 1981 663 2035 urbe,
700 1995 825 2034 quam
863 1995 936 2033 per
972 1994 1038 2020 me
1079 1981 1385 2032 conservatam,
1420 1980 1468 2017 ut

139 2041 248 2078 esset
292 2038 441 2092 libera,
485 2039 529 2078 in
574 2039 776 2079 servitute
818 2039 957 2078 videre
994 2052 1080 2078 non
1118 2040 1282 2090 potero,
1327 2035 1467 2076 cedam

136 2095 238 2150 vita,
270 2111 375 2149 quae
408 2110 663 2150 quamquam
690 2096 872 2137 sollicita
899 2099 974 2149 est,
1006 2099 1158 2148 tamen,
1185 2094 1221 2134 si
1246 2094 1469 2147 profutura

138 2156 202 2193 est
233 2154 294 2194 rei
326 2154 536 2207 publicae,
574 2155 686 2195 bona
718 2168 791 2207 spe
821 2153 1085 2207 posteritatis
1117 2167 1183 2192 me
1215 2152 1468 2203 consolatur,

139 2226 222 2264 qua
254 2211 421 2252 sublata
451 2226 536 2252 non
568 2212 812 2252 dubitanter
844 2212 1039 2265 occidam,
1071 2213 1197 2263 atque
1228 2210 1289 2249 ita
1317 2210 1469 2262 cedam,

83 2287 117 2312 25
136 2272 184 2309 ut
209 2269 380 2310 fortuna
405 2270 558 2310 iudicio
583 2285 689 2323 meo,
707 2284 793 2310 non
819 2270 982 2309 animus
1007 2268 1112 2308 mihi
1134 2267 1315 2307 defuisse
1334 2267 1469 2307 videa-

137 2330 217 2368 tur.
279 2326 390 2367 Illud
426 2341 542 2382 vero,
587 2327 700 2380 quod
737 2330 778 2367 et
818 2327 996 2368 recentis
1039 2325 1196 2367 doloris
1239 2325 1368 2365 habet
1409 2325 1469 2364 in-

208 2401 267 2427 Cic.
288 2402 373 2432 epist.
393 2402 433 2426 II.
1216 2396 1259 2425 36
