1689 2572
742 91 779 125 P.
804 95 903 125 1—4.
1454 89 1489 123 V

153 186 254 232 yavit
278 185 335 228 ΖΙ),
366 184 559 228 Wesenb.,
585 184 746 229 deneyat
770 184 840 227 RJ,
868 183 1019 228 Tyrrell.
1067 184 1079 228 ΙΙ
1128 182 1174 217 Ρ.
1194 182 1231 217 2.
1252 186 1271 216 2
1297 182 1389 217 Auli
1412 183 1489 225 filio

156 232 366 274 Groveanus,
397 231 540 274 Baiter,
566 230 757 273 Wesenb.;
793 243 823 265 v.
844 231 939 265 Boot
964 230 1111 264 ObserV.
1133 229 1212 264 crit.
1232 242 1266 273 p.
1282 234 1337 264 40.
1365 251 1409 255 —
1433 229 1486 263 Ib.

155 281 197 314 de
223 281 309 313 ante
335 279 512 313 Palicano
532 278 668 312 Baiter.
690 277 804 321 tacit,
831 277 1017 320 W'esenb„
1043 277 1147 320 Boot,
1174 288 1195 310 a
1214 276 1253 310 M
1279 277 1408 311 abesse
1433 278 1487 310 te-

157 328 277 360 statur
301 325 409 360 Orell.
435 325 548 368 falso,
580 327 623 358 ut
652 325 813 367 videtur,
845 335 912 359 om.
935 324 1088 368 Tyrrell.
1109 323 1152 358 V.
1172 324 1296 357 Lehm.
1319 324 1351 358 d.
1374 322 1409 357 C.
1431 334 1486 367 ep.

157 373 205 407 ad
229 373 306 407 Att.
326 385 360 417 p.
384 376 460 406 100.
482 393 527 397 —
547 376 566 405 5
593 372 637 405 ab
658 373 743 406 ante
763 372 1025 406 eaeistimatione
1045 371 1129 405 add.
1143 370 1324 414 Lambin.,
1349 370 1487 411 Baiter,

156 420 329 454 Wesenb.
356 440 402 445 —
435 423 476 452 12
493 431 545 462 sq.
575 419 673 463 Quae
698 430 777 453 eum
801 420 868 453 erit
893 419 1069 460 absolata,
1093 429 1180 452 sane
1203 419 1311 460 facile
1336 429 1414 451 eam
1440 428 1489 451 ac

157 467 304 502 libenter
322 466 568 512 madicipia
587 466 775 500 consulem
794 467 1044 509 acceperint
1063 477 1129 499 scr.
1145 465 1237 498 duce
1257 464 1333 498 fere
1345 464 1487 498 Kochio

156 525 276 559 progr.
297 513 404 548 Putb.
428 516 516 546 1855
542 525 578 557 p.
600 517 640 546 11
674 512 845 557 (fortasse
869 512 1000 546 melius
1027 514 1108 545 erat
1132 512 1297 546 absoluta
1321 523 1406 546 sane
1429 512 1487 554 fa-

156 561 238 603 cile,
276 572 355 595 eum
385 561 561 603 libenter),
594 570 660 604 que
689 570 768 594 cam
798 562 888 595 (tam
918 559 956 602 Z)
990 559 1057 594 erit
1087 560 1158 593 abs.
1191 570 1277 593 sane
1306 559 1376 600 fac.
1409 569 1488 592 eam

158 608 304 642 libenter
327 618 425 642 nime
450 607 553 641 ceteri
578 607 767 650 (mimiteri
791 606 828 639 M
853 606 892 639 in
916 617 1049 650 marg,
1080 606 1261 640 nanciteri
1285 605 1323 650 Z)
1349 605 1490 639 consuli

158 655 300 698 (concili
337 654 376 698 Z)
414 653 604 688 acciderint
638 654 858 697 (acciderant
895 653 933 697 Z)
971 653 1028 695 M,
1079 664 1161 686 oum
1199 663 1304 686 cruce
1349 652 1486 694 Baiter,

157 701 312 745 Tyrrell,
339 712 428 745 qaae
453 712 533 734 cam
558 700 625 735 erit
649 701 736 743 abs„
754 711 780 734 s.
800 700 870 743 fac.
890 711 968 734 eam
995 700 1054 734 lib.
1068 700 1264 743 municipes
1283 700 1388 734 ceteri
1406 710 1487 733 con-

157 749 268 783 sulem
299 748 497 791 acceperint
523 745 688 790 Corma,
723 758 812 791 qaae
845 751 931 781 tam
961 747 1028 781 erit
1052 747 1144 781 abs..-
1181 758 1206 781 s.
1227 747 1253 788 f.
1275 757 1352 780 eam
1378 757 1420 780 ac
1445 746 1487 779 li-

160 796 278 830 benter
310 794 458 828 Caesari
489 795 666 828 consulem
697 794 858 828 accedere
887 794 1037 827 viderim
1067 793 1256 835 Wesenh„
1293 804 1382 837 qaae
1412 797 1488 827 tam

159 843 226 876 erit
255 842 420 876 absolata
449 852 536 875 sane
565 841 692 883 facile;
729 852 807 874 eam
841 841 900 874 lib.
921 851 1018 874 nanc
1045 840 1191 874 Caesari
1216 840 1393 874 consulem
1419 850 1486 873 ac-

159 889 352 923 caderim
381 888 476 921 Boot
505 887 665 920 maxime
699 887 886 931 Madvigio
919 888 1012 920 auct.
1040 887 1131 921 Adv.
1149 887 1200 920 ΠΙ
1223 899 1257 931 p.
1281 890 1346 920 165
1373 888 1411 920 et
1436 886 1488 920 sic

158 935 235 969 iam
258 935 418 977 Manut,
450 934 523 967 nisi
555 934 654 976 quod
686 935 888 968 addiderim
913 934 1039 976 voluit,
1065 934 1168 968 ceteri
1193 934 1369 968 consulem
1394 945 1487 968 acce-

154 982 278 1026 perint
295 980 570 1015 Domaszewski
592 980 714 1014 ‘Eram
729 980 904 1014 Vindob.’
928 984 1016 1014 1893
1044 993 1076 1024 p.
1094 984 1136 1013 60
1162 992 1195 1014 n.
1212 984 1241 1014 3.
1282 981 1490 1015 Aecidertnt

160 1030 318 1072 corrupt.
351 1038 396 1061 ex
427 1028 625 1071 acceperint
657 1029 784 1061 eontra
819 1038 861 1061 ao
892 1039 926 1071 p.
947 1031 976 1061 9.
1002 1031 1017 1060 1
1051 1028 1222 1071 decepisse
1254 1037 1298 1060 ex
1322 1028 1490 1062 decidisse

160 1077 198 1109 et
223 1075 397 1119 eaecepisse
423 1085 467 1108 ex
491 1075 661 1108 eeccidisse
679 1086 713 1118 p.
732 1078 783 1107 16.
801 1078 861 1116 27;
888 1074 932 1108 cf.
960 1074 1007 1107 ad
1032 1086 1066 1117 p.
1087 1077 1165 1107 468.
1182 1078 1224 1107 26
1246 1095 1290 1098 -—
1310 1077 1353 1107 28
1376 1074 1499 1108 Canio'

159 1122 254 1156 Boot
291 1131 421 1155 errore.
459 1142 505 1145 —
543 1125 585 1155 29
621 1122 828 1164 mancupio
865 1132 979 1165 marg.
1012 1121 1066 1163 M,
1104 1120 1290 1163 YVesenb„
1322 1132 1390 1154 om.
1417 1120 1488 1163 M¹3

159 1181 193 1213 p.
214 1172 292 1203 489.
315 1172 369 1202 26.
395 1189 441 1192 -
465 1171 508 1201 31
535 1168 579 1202 L.
601 1167 684 1201 add.
706 1168 848 1211 Baiter,
879 1167 1070 1210 &Vesenlm
1096 1167 1249 1211 Tyrrell,
1276 1178 1344 1201 om.
1373 1167 1490 1209 codd,

160 1216 254 1249 Boot
277 1215 535 1259 (‘Praenomen
564 1214 661 1248 male
693 1214 808 1249 abest.
864 1214 977 1248 Recte
1011 1216 1134 1248 autem
1160 1214 1331 1248 observat
1361 1214 1490 1248 Manu-

160 1262 234 1296 tius
266 1272 345 1296 esse
376 1261 474 1296 hunc
499 1261 546 1294 M.
573 1261 785 1304 Lucullum,
822 1261 976 1295 fratrem
1005 1261 1126 1303 Lucii,
1164 1263 1243 1295 tum
1268 1261 1427 1295 maxime
1452 1261 1491 1295 in

140 1308 259 1348 ‚bello
294 1308 447 1342 Pontico
487 1308 703 1352 occupat-1⁷).
748 1310 759 1352 Η
802 1309 846 1342 P.
875 1308 912 1342 3.
939 1312 959 1341 8
998 1319 1212 1342 commanem
1250 1319 1396 1342 causam
1434 1308 1487 1343 ed„

160 1356 270 1398 lens,
303 1355 447 1399 Tyrrell
470 1356 541 1389 tac.
568 1375 614 1380 —
640 1358 682 1388 27
709 1356 784 1389 eius
808 1354 989 1399 ἀνάθημα
1015 1355 1185 1396 Schuetz,
1217 1355 1354 1398 Baiter,
1385 1355 1491 1397 Boot,

161 1403 234 1437 eiut
270 1404 440 1437 anafflma
469 1401 523 1444 M,
561 1402 634 1435 elia
670 1403 847 1436 onaolema
885 1400 979 1436 Crat.
1005 1412 1138 1446 marg,
1175 1400 1278 1446 ἡλίου
1309 1400 1492 1446 ἀνάθημα

161 1449 270 1492 vulg,
296 1449 402 1491 †elia
427 1450 582 1492 αηακθμα
602 1448 747 1492 Tyri-el]
772 1448 863 1482 coni.
890 1447 993 1491 ἡλίου
1019 1448 1181 1492 ἄναμμα,
1207 1449 1292 1483 deae
1311 1447 1492 1492 ἀνάθημα

163 1495 303 1529 Gurlitt
332 1506 451 1539 progr.
480 1494 635 1539 Steglitz
668 1499 757 1529 1898
788 1507 822 1539 p.
845 1499 924 1538 lsq.
952 1517 996 1520 —-
1028 1499 1072 1528 30
1098 1507 1175 1538 sqq.
1203 1494 1242 1529 O.
1264 1495 1303 1529 E.
1326 1495 1493 1529 Schmidt

164 1541 281 1576 ‘Neue
312 1541 413 1576 Jhrb.
440 1541 463 1575 f.
496 1541 528 1575 d.
555 1541 605 1576 kl.
626 1541 799 1575 Alterth.’
836 1545 924 1576 1898
955 1554 988 1586 p.
1018 1546 1084 1576 178
1115 1554 1149 1576 n.
1178 1546 1197 1575 2
1230 1542 1429 1586 epistulam
1454 1542 1491 1576 in

163 1589 254 1622 duas
275 1588 418 1631 dividit,
440 1588 596 1622 alteram
615 1600 644 1622 V.
661 1593 703 1622 32
714 1600 765 1631 sq.
781 1589 824 1622 L.
838 1590 936 1623 Ialz'o
950 1610 995 1613 —
1011 1590 1178 1623 Terentia
1197 1600 1227 1622 a.
1241 1593 1285 1623 64
1305 1589 1492 1632 scriptam,

162 1635 319 1669 alteram
352 1637 494 1669 aestate
526 1646 557 1669 a.
586 1639 639 1669 65.
677 1637 688 1679 11
726 1636 771 1670 Ρ.
798 1634 835 1670 4.
861 1640 882 1669 4
914 1636 1102 1677 volamus,
1137 1636 1193 1669 ‘ut
1225 1637 1280 1669 est
1310 1636 1349 1669 in
1374 1636 1492 1677 Raw’,

162 1682 299 1726 (Lehm.
321 1681 365 1715 de
392 1693 446 1726 ep.
468 1682 517 1715 ad
541 1682 616 1716 Att.
638 1694 671 1726 p.
688 1686 731 1716 66
759 1684 795 1716 et
822 1686 888 1715 184
916 1682 1006 1724 Ἀἲξ
1020 1682 1061 1725 Ε,
1075 1682 1121 1725 N,
1136 1682 1175 1725 O,
1190 1682 1250 1724 R’)
1273 1683 1490 1726 ‘praestare’

160 1728 307 1762 videtur
330 1729 461 1762 Bootio
483 1728 543 1771 ‘ei,
568 1729 666 1771 quod
692 1740 774 1762 cum
800 1729 876 1763 cod.
897 1729 1007 1763 Med)
1036 1731 1087 1773 (et
1114 1730 1158 1772 ε(ι,
1179 1741 1206 1771 s,
1225 1729 1289 1772 H⁷)
1312 1729 1493 1773 ‘plerique

153 1777 301 1818 tenent,
326 1776 512 1810 voluimus.
556 1775 654 1808 Nam
680 1787 753 1809 non
780 1775 897 1810 solum
920 1777 1033 1810 voluit
1057 1776 1151 1810 tales
1177 1776 1317 1809 iudices
1344 1776 1493 1818 habere,

163 1822 228 1856 sed
258 1823 347 1856 tunc
376 1822 498 1866 ipsum
528 1822 707 1856 volebat.’
764 1821 807 1857 V.
835 1822 941 1866 Seyff.
968 1822 1067 1856 Lael.
1088 1835 1122 1867 p.
1145 1827 1208 1855 221
1237 1824 1274 1856 et
1299 1826 1384 1863 340,
1416 1823 1492 1856 Iuv.

163 1872 193 1902 3.
214 1872 258 1901 40
290 1869 411 1912 quales
441 1869 595 1911 extollit,
627 1869 787 1913 quotiens
812 1870 925 1904 volait
949 1869 1118 1904 Fortuna
1145 1870 1273 1911 iocari,
1313 1869 1393 1902 Sen.
1415 1871 1491 1903 nat..

163 1926 196 1958 q.
216 1915 268 1948 ΙΠ
288 1918 343 1949 25.
357 1919 379 1948 4
399 1916 447 1949 ad
467 1926 612 1957 omnem,
637 1917 700 1960 qai
718 1917 834 1958 facere
854 1927 931 1950 ores
951 1917 1052 1950 albas
1072 1917 1259 1951 voluerant
1277 1916 1494 1959 (voluerint),

162 1962 358 2005 adducant,
379 1965 421 1995 28
434 1972 487 1996 ex,
504 1963 716 2006 quandoque
730 1964 908 2006 placuere,
929 1967 983 1996 30.
1001 1966 1020 1996 3
1041 1974 1120 1997 cam
1140 1962 1313 2005 voluisset,
1333 1962 1384 1995 IV
1402 1975 1454 2006 pr.
1473 1967 1491 1995 1

162 2009 194 2042 si
211 2009 373 2052 volueris,
395 2008 475 2042 Sen.
491 2008 580 2052 Thy.
598 2013 664 2043 389
687 2009 866 2043 seribend.
888 2021 952 2044 rea:v
971 2014 1030 2051 est,
1057 2010 1118 2052 qai
1137 2009 1227 2052 capi
1234 2009 1267 2043 it
1285 2009 1388 2052 nihil,
1410 2009 1491 2043 Seu.

163 2064 218 2098 ep.
239 2058 293 2089 85.
316 2058 334 2088 1
360 2055 392 2090 si
415 2056 567 2098 voluero,
595 2054 667 2090 Cic..
688 2056 779 2090 fin.I
801 2060 853 2090 13.
869 2059 912 2089 42
933 2057 965 2090 si
986 2057 1171 2097 rolaeriizt,
1197 2054 1282 2089 fam.
1298 2055 1331 2088 Π
1351 2060 1381 2090 6.
1398 2059 1416 2089 3
1431 2068 1491 2099 m.,

162 2099 245 2133 XIII
263 2105 307 2135 48
322 2112 375 2136 ΘΧ.
396 2102 429 2136 si
446 2103 608 2144 volueris,
629 2102 728 2136 infra
745 2115 779 2147 p.
795 2107 850 2137 43.
867 2107 909 2136 10
929 2104 961 2136 si
975 2103 1127 2146 placuit,
1147 2105 1202 2136 40.
1216 2106 1235 2135 6
1256 2103 1287 2136 si
1301 2103 1492 2146 placuerit,

162 2159 196 2190 p.
218 2150 294 2181 365.
316 2152 360 2181 24
385 2150 423 2182 et
446 2149 703 2183 innumerabil.
727 2149 874 2191 similia,
900 2160 945 2182 ne
973 2159 1251 2182 commemorem
1275 2160 1354 2183 cam
1372 2149 1492 2183 scieri-

161 2204 240 2228 smas
263 2205 297 2237 p.
317 2198 372 2229 46.
394 2198 448 2237 16,
475 2207 564 2239 qaae
587 2196 732 2239 putaris
757 2199 810 2230 85.
835 2200 889 2238 11,
915 2197 947 2229 si
972 2206 1060 2239 opas
1084 2196 1196 2238 faerit
1221 2199 1298 2229 276.
1321 2199 1376 2237 25,
1402 2196 1491 2229 fam.

160 2239 212 2272 VI
232 2243 274 2273 16
289 2250 354 2283 ex,
374 2243 571 2284 postularit
595 2242 656 2276 hio
680 2255 714 2286 p.
732 2246 809 2276 287.
832 2246 861 2276 6.
903 2240 953 2275 Cf.
976 2253 1009 2286 p.
1034 2246 1085 2276 11.
1103 2246 1157 2285 29,
1185 2246 1239 2276 55.
1256 2246 1311 2283 29,
1338 2246 1415 2276 364.
1434 2246 1491 2276 14.

160 2285 265 2321 Varr.
286 2298 312 2320 r.
332 2299 359 2321 r.
380 2287 413 2320 II
433 2291 463 2322 7.
485 2292 502 2321 1
531 2290 594 2332 qai
617 2289 742 2324 habere
768 2289 985 2323 voluerant
1009 2309 1054 2314 —-
1079 2293 1212 2333 oportet
1231 2288 1315 2323 Keil
1341 2289 1379 2322 in
1401 2289 1491 2322 edit.
