1665 2553
174 87 257 127 130
598 86 646 121 M.
674 87 814 121 TULLI
841 86 1091 121 CICERONIS

171 197 290 223 meus
329 182 462 223 frater
501 183 591 222 erat
629 182 675 222 in
706 196 894 223 sororem
926 184 1062 237 tuam,
1099 184 1166 237 ut,
1203 182 1332 222 etiam
1363 181 1399 222 si
1431 196 1516 235 qua

172 242 311 282 fuerat
337 255 387 281 ex
412 240 579 281 ratione
605 243 801 294 sumptus
829 240 1017 295 offensio,
1041 254 1128 281 non
1153 242 1386 294 appareret.
1436 239 1515 281 Ille

173 300 234 341 310
271 300 369 341 dies.
438 298 651 340 Postridie
690 314 740 340 ex
779 298 979 353 Arpinati
1017 299 1196 353 profecti
1235 313 1391 340 sumus.
1452 297 1514 340 Ut

172 358 219 399 in
237 357 405 399 Arcano
433 357 615 406 Quintus
647 360 849 412 maneret,
882 358 967 398 dies
994 358 1105 410 fecit,
1138 372 1215 412 ego
1236 356 1409 412 Aquini,
1441 357 1514 398 sed

172 417 419 471 prandimus
457 417 502 457 in
532 415 712 457 Arcano.
775 415 903 457 Nosti
939 416 1052 457 hunc
1091 416 1279 457 fundum.
1342 415 1432 464 Quo
1464 417 1513 456 ut

172 475 377 530 venimus,
412 475 718 516 humanissime
752 474 934 523 Quintus
967 474 1232 528 ‘Pomponia'
1263 474 1416 529 inquit,
1450 474 1512 515 etu

174 534 309 575 invita
337 534 548 589 mulieres,
574 547 652 588 ego
684 533 870 574 arcivero
896 533 1038 575 viros'.
1082 532 1205 574 Nihil
1229 533 1382 587 potuit,
1407 532 1514 573 mihi

175 593 345 647 quidem
382 595 432 633 ut
468 593 607 633 visum
639 595 722 648 est,
759 592 922 633 dulcius
960 592 1087 646 idque
1125 606 1220 632 cum
1250 592 1390 633 verbis
1421 594 1515 632 tum

175 652 303 692 etiam
335 651 474 692 animo
508 665 554 691 ac
584 651 718 692 vultu.
767 650 827 691 At
857 651 932 691 illa
957 651 1227 692 audientibus
1252 650 1377 691 nobis
1403 650 1513 705 ‘Ego

174 710 267 764 ipsa
311 711 418 751 sum’
459 709 603 764 inquit
641 709 725 750 ‘hic
760 709 967 764 hospita',
1009 709 1053 750 id
1090 711 1232 750 autem
1269 723 1318 749 ex
1357 723 1424 763 eo,
1466 711 1514 749 ut

176 769 345 823 opinor,
384 768 496 822 quod
528 771 810 809 antecesserat
843 767 1025 823 Statius,
1055 770 1104 808 ut
1135 767 1359 822 prandium
1390 767 1515 809 nobis

175 827 347 868 videret.
396 827 506 868 Tum
537 826 719 875 Quintus
746 826 845 867 ‘En'
876 827 1017 881 inquit
1047 825 1154 867 mihi
1187 826 1304 867 ‘haec
1336 839 1413 881 ego
1446 841 1517 880 pa-

128 898 150 928 4
176 886 261 926 tior
292 885 472 927 cotidie⁷.
534 884 677 927 Dices:
722 885 866 940 ‘Quid,
905 900 1072 941 quaeso,
1102 885 1212 926 istuc
1244 885 1376 926 erat?
1428 883 1516 925 Ma-

177 958 326 999 gnum,
365 944 510 998 itaque
546 958 613 985 1116
655 945 796 998 ipsum
828 946 1131 998 commoverat,
1172 944 1231 985 sic
1262 943 1442 984 absurde
1473 945 1515 984 et

177 1018 323 1057 aspere
342 1003 482 1044 verbis
501 1003 708 1056 vultuque
727 1003 1010 1057 responderat.
1061 1002 1337 1043 Dissimulavi
1357 1002 1514 1043 dolens.

176 1061 480 1102 Discubuimus
512 1076 657 1102 omnes
688 1065 856 1115 praeter
887 1062 1017 1116 illam,
1058 1061 1125 1102 0111
1157 1063 1300 1102 13111611
1332 1060 1515 1110 Quintus

178 1121 227 1161 de
257 1135 404 1161 mensa
433 1120 563 1161 misit.
618 1119 699 1160 Illa
730 1120 885 1161 reiecit.
936 1119 1045 1168 Quid
1075 1120 1239 1160 multa?
1281 1119 1391 1160 nihil
1421 1133 1516 1160 meo

176 1180 308 1220 fratre
332 1179 484 1233 lenius,
513 1178 623 1219 nihil
649 1179 838 1232 asperius
864 1181 938 1219 tua
965 1193 1109 1228 sorore
1135 1178 1241 1218 mihi
1267 1177 1406 1218 visum
1432 1180 1517 1231 est,

177 1240 219 1278 et
255 1237 391 1278 multa
427 1239 663 1290 praetereo,
702 1251 808 1290 quae
844 1239 937 1277 tum
973 1236 1079 1277 mihi
1115 1236 1267 1276 maiori
1298 1235 1515 1277 stomacho

178 1310 305 1349 quam
337 1296 420 1349 ipsi
447 1295 605 1343 Quinto
637 1296 819 1336 fuerunt.
870 1295 965 1350 Ego
992 1295 1088 1335 inde
1107 1294 1336 1348 Aquinum.
1389 1293 1516 1343 Quin-

177 1357 247 1395 tus
287 1354 331 1394 in
362 1353 530 1394 Arcano
569 1354 772 1394 remansit
803 1356 846 1394 et
876 1353 1097 1408 Aquinum
1129 1354 1180 1394 ad
1211 1367 1278 1393 me
1309 1352 1515 1406 postridie

176 1427 298 1453 mane
330 1413 446 1454 venit
478 1412 665 1466 mihique
697 1412 886 1453 narravit
916 1426 993 1453 1160
1026 1426 1166 1453 36011111
1191 1412 1309 1452 1113111
1335 1411 1518 1452 dormire

176 1471 360 1512 voluisse
403 1475 456 1525 et,
501 1485 596 1511 cum
640 1471 875 1512 discessura
919 1473 1046 1525 esset,
1091 1471 1222 1511 fuisse
1266 1470 1354 1511 eius
1391 1469 1518 1524 modi,

178 1530 346 1584 qualem
372 1543 450 1584 ego
477 1529 688 1571 vidissem.
740 1529 850 1578 Quid
876 1530 1072 1584 quaeris?
1111 1529 1178 1570 vel
1202 1529 1286 1583 ipsi
1304 1529 1385 1569 hoc
1404 1528 1516 1569 dicas

175 1588 287 1642 licet,
318 1588 627 1629 humanitatem
659 1588 697 1629 ei
727 1603 820 1629 meo
852 1588 1008 1629 iudicio
1041 1588 1115 1628 1110
1149 1588 1214 1628 die
1246 1587 1439 1628 defuisse.

264 1646 380 1688 Haec
411 1647 464 1687 ad
495 1649 537 1688 te
570 1647 721 1701 scripsi
751 1647 933 1688 fortasse
958 1647 1164 1701 pluribus,
1198 1661 1324 1700 quam
1348 1659 1516 1686 necesse

176 1706 272 1761 fuit,
302 1708 351 1746 ut
382 1706 545 1747 videres
577 1708 673 1746 tuas
707 1720 875 1760 quoque
907 1720 996 1746 esse
1029 1708 1173 1759 partes
1199 1703 1450 1745 instituendi
1475 1705 1517 1744 et

131 1777 151 1806 5
177 1764 385 1805 monendi.
448 1764 677 1818 Reliquum
727 1767 809 1819 est,
858 1767 925 1819 ut,
969 1766 1196 1817 antequam
1239 1762 1518 1817 proficiscare,

176 1823 375 1864 mandata
405 1826 554 1864 nostra
586 1822 823 1877 exhaurias,
854 1823 1013 1864 scribas
1044 1823 1095 1863 ad
1119 1836 1186 1862 me
1213 1821 1366 1875 omnia,
1395 1820 1517 1861 Pom-

177 1882 345 1935 ptinum
377 1881 592 1936 extrudaS,
633 1896 728 1922 cum
758 1882 973 1935 profectus
1006 1881 1101 1936 eris,
1131 1894 1262 1933 011163,
1294 1881 1343 1919 111
1375 1879 1517 1933 sciam,

179 1940 239 1980 310
266 1939 435 1995 habeas,
465 1940 575 1980 nihil
598 1939 834 1981 mehercule
861 1942 902 1980 te
927 1939 1033 1980 mihi
1058 1953 1134 1979 nec
1158 1938 1295 1978 carius
1322 1952 1412 1978 esse
1441 1951 1518 1978 nec

180 1998 362 2038 suavius.
419 1998 468 2039 A.
496 1998 761 2052 Torquatum
787 1998 1076 2039 amantissime
1103 1996 1244 2036 dimisi
1264 1995 1516 2050 Menturnis,

180 2057 388 2109 optimum
413 2057 568 2111 virum,
601 2057 667 2097 eui
693 2071 760 2097 me
786 2057 838 2098 ad
864 2060 906 2098 te
932 2055 1152 2110 scripsisse
1179 2054 1339 2109 aliquid
1363 2054 1409 2095 in
1435 2068 1518 2095 ser-

177 2128 302 2155 mone
335 2115 545 2169 significes
576 2115 712 2157 velim.

1534 727 1568 751 10

1535 1019 1569 1045 15

1536 1313 1570 1337 20

1536 1604 1571 1630 25

1536 1896 1571 1921 30
