1665 2553
234 89 411 125 CXLVIII
650 90 931 125 ADNOTATIO
959 89 1144 125 CRITICA

234 195 259 228 p
292 188 344 218 11.
378 205 423 210 —
455 188 497 218 26
513 196 565 228 sq.
591 184 686 219 nihil
716 205 760 210 ——
791 185 909 219 dicam
934 183 972 218 in
996 184 1164 228 parenth.
1185 182 1424 229 Wesenberg,
1458 184 1561 218 Boot.

234 231 293 264 Ad
317 243 351 275 p.
369 235 486 266 16.14.
519 252 562 257 ——
595 235 638 265 33
653 243 705 274 sq.
738 235 770 266 et
795 231 935 275 quidem
960 242 1013 265 me
1036 232 1081 274 (et
1106 231 1189 266 add.
1210 231 1451 276 Wesenberg)
1476 242 1564 266 mea

233 289 346 312 causa
378 279 494 320 faeere
525 282 557 313 et
586 279 639 313 rei
666 289 722 322 Ρ.,
753 282 800 312 ut
824 277 965 320 Baiter,
997 277 1242 331 Wesenberg,
1274 282 1306 313 et
1335 278 1476 322 quidem
1505 289 1564 313 me

234 325 325 368 (mea
350 324 419 369 ΜΞ)
449 336 561 360 eausa
590 325 706 378 faeere
737 329 768 359 et
797 325 851 359 rei
875 335 913 368 Ρ.
934 324 1005 359 cui
1034 324 1088 367 M,
1121 329 1152 359 et
1182 325 1322 369 quidem
1345 335 1423 359 mea
1453 335 1564 359 eausa

233 372 351 414 facere
380 376 412 406 et
442 373 494 406 rei
520 383 577 424 p„
609 372 684 416 qui
708 372 802 405 Boot
833 371 924 404 coni.
982 382 1043 405 me
1073 372 1213 415 quidem
1242 383 1316 406 non
1345 382 1423 406 mea
1452 382 1564 406 causa

233 418 360 460 faeere,
387 419 447 452 sed
476 419 529 453 rei
554 429 606 463 Ρ.,
638 419 717 462 qui,
750 418 789 451 in
821 429 892 461 quo
918 428 991 451 non
1017 417 1189 461 displicet
1213 429 1288 452 non
1319 439 1362 443 -
1392 418 1463 461 seol,
1491 418 1564 452 dis-

233 464 349 508 plicet
374 466 410 498 et
435 465 540 509 idque
565 466 602 499 et
626 476 678 499 me
697 465 838 508 quidem
858 466 895 498 et
913 465 984 508 qui.
1023 464 1119 498 Illud.
1139 466 1278 499 certum
1296 464 1388 498 mihi
1406 446 1562 506 videtur,

235 509 446 545 Ciceronem
476 522 548 545 non
580 511 770 555 scripsisse
801 522 853 545 me
883 522 972 545 mea
1002 522 1113 545 eausa
1144 514 1181 545 et
1205 513 1265 546 eui
1288 511 1327 545 in
1352 511 1389 544 M
1413 513 1564 556 propter

235 568 308 601 seq.
347 559 362 591 i
394 558 533 592 factum
571 569 649 592 esse
681 569 724 592 ex
754 562 810 600 ut,
847 568 960 602 prope
992 559 1131 591 certum
1154 558 1388 592 intolerabile
1419 569 1499 592 esse
1532 562 1565 593 et

234 605 385 649 quidem,
405 616 478 638 non
497 604 741 649 improbabile
761 615 882 638 verum
904 615 982 638 esse
1003 609 1034 638 et
1051 605 1144 647 fidei.
1186 605 1335 650 Quidem
1354 607 1564 649 corruptum

241 662 320 685 esse
341 662 384 685 ex
402 652 487 694 fidei
505 662 578 685 non
597 651 804 685 mirabilius
826 653 881 685 est
901 661 1013 694 quam
1031 662 1181 695 quorum
1201 662 1243 685 ex
1256 663 1362 686 curae
1374 655 1561 696 p.216.25.

234 697 286 731 Cf.
303 702 379 732 533.
398 702 450 732 19.
483 702 493 742 Η
530 697 648 732 513.2
668 699 753 741 fuit
772 700 858 732 vett.
875 698 969 741 edd,
988 698 1114 732 Baiter
1133 709 1205 732 non
1224 698 1478 742 improbabile,
1498 698 1564 732 sed

233 756 469 788 nequaquam
495 746 643 779 certum.
693 744 735 778 V.
758 745 805 778 ad
830 757 863 789 p.
881 748 956 779 106.
973 748 1002 779 8.
1049 766 1093 769 -
1140 749 1159 778 9
1186 746 1412 789 appellemus
1437 744 1563 788 Orelli,

233 791 376 834 Baiter,
408 792 517 833 Boot,
550 792 767 835 appellemur
791 791 845 833 M,
879 803 961 825 cum
993 802 1097 825 cruce
1122 790 1309 834 Wesenb.,
1341 792 1564 836 appellentur

233 838 376 880 Bosius,
397 838 472 872 alii.
492 859 537 863 ——
559 842 601 871 10
621 839 862 873 interclucere
881 838 929 880 M,
949 837 1121 872 Wesenb.
1143 859 1186 863 —
1206 838 1257 873 Ib.
1274 843 1562 883 neque—eonte-

232 886 435 927 stabuntur,
456 897 486 919 ν
508 888 549 918 21
566 897 618 928 sq.
644 886 889 919 nam—mihi
912 885 950 918 in
974 885 1142 929 parenth.
1169 885 1352 928 Wesenb.,
1377 885 1480 919 Boot.
1505 885 1564 919 Ad

233 944 268 976 p.
286 936 338 965 16.
350 936 403 965 14
437 953 479 957 —
514 936 554 965 12
588 932 760 974 arbitr-,02
798 943 836 966 eo
866 933 1008 967 nomine
1039 933 1132 976 quod
1163 931 1333 966 Wesenb.
1366 952 1411 957 —
1444 935 1485 966 16
1517 933 1565 967 sit

233 979 328 1012 Boot
353 979 408 1012 ed
434 979 467 1011 Π
493 979 571 1012 sine
597 978 708 1012 dubio
734 979 836 1012 invit.
863 999 907 1003 —
936 982 977 1012 18
1004 978 1049 1013 ἐν
1073 981 1244 1025 πολιτικῷ
1265 978 1395 1021 Orelli,
1426 977 1562 1013 Baiter.

234 1046 279 1051 -—
307 1029 349 1059 19
374 1026 530 1070 †postea
554 1025 664 1067 Boot,
689 1026 868 1059 multum
888 1029 1002 1068 potest
1026 1029 1063 1059 et
1087 1026 1127 1059 in
1146 1026 1353 1069 praesentia
1377 1007 1562 1069 Wesenb.,

233 1077 344 1116 potest
369 1072 460 1115 (scil.
487 1072 684 1115 retundere)
704 1076 736 1106 et
754 1072 794 1105 in
812 1071 837 1105 Ι.
854 1071 909 1105 Fr.
927 1070 1078 1105 GronOV.
1084 1076 1220 1124 ,potest
1238 1073 1278 1106 in
1293 1073 1499 1115 praesentia
1518 1092 1563 1097 —

233 1124 337 1153 retun
346 1119 442 1153 dere
456 1118 655 1152 Antonium
670 1118 761 1152 coni.
775 1117 899 1160 Orelli,
911 1118 1057 1162 prodest
1069 1100 1099 1153 el
1112 1119 1152 1152 in
1160 1129 1306 1162 praes.
1290 1118 1433 1152 Schelle
1446 1119 1561 1152 ‘Fest-

235 1165 379 1199 schrift'
408 1165 535 1199 Dresd.
554 1168 642 1198 1897
662 1177 696 1208 p.
720 1168 834 1207 158n3
862 1175 930 1208 pro
954 1176 1021 1199 sua
1036 1169 1162 1208 parte?
1181 1186 1225 1190 —
1246 1169 1288 1198 35
1308 1166 1371 1199 hoe
1389 1164 1561 1200 Wesenb.

235 1212 293 1245 Ad
306 1216 433 1256 p.12.6
477 1213 487 1255 ΙΙ
530 1212 574 1246 P.
590 1209 679 1246 514.
694 1216 710 1245 1
733 1211 950 1255 στρατύλλαξ
971 1211 1064 1254 edd,
1086 1212 1270 1246 sti-atillam
1291 1214 1355 1245 aut
1371 1213 1563 1257 stratyllax

235 1258 339 1293 codd.
361 1258 498 1302 (Lehm.
519 1258 595 1291 Att.
610 1260 722 1302 p.38).
744 1279 788 1283 —
808 1262 827 1291 2
847 1258 1077 1292 existimabis
1097 1258 1177 1292 edd.
1198 1260 1344 1302 praeter
1362 1258 1561 1293 Baiterum.

234 1306 292 1339 Ad
317 1305 402 1338 fam.
419 1308 537 1338 2727.
565 1325 609 1329 -
635 1308 654 1338 5
676 1305 815 1348 priores
839 1325 883 1329 ——
908 1305 1105 1339 uberrimae
1132 1305 1171 1338 in
1195 1305 1361 1349 parenth.
1388 1304 1560 1340 Wesenb.

235 1352 292 1385 Ad
311 1364 345 1396 p.
364 1356 481 1386 16.14.
502 1373 546 1376 —
571 1351 622 1384 lb.
650 1352 787 1386 litterae
811 1362 878 1385 om.
900 1351 1003 1385 Boot.
1032 1372 1077 1376 ——
1108 1355 1220 1385 9—12
1240 1363 1314 1386 non
1338 1362 1406 1396 quo
1431 1373 1475 1377 -—
1500 1363 1561 1386 va-

236 1400 332 1433 leant
356 1398 394 1432 in
419 1398 587 1442 parenth.
613 1398 749 1441 Baiter,
770 1398 872 1432 Boot.
904 1398 961 1431 Ad
980 1402 1143 1442 p.16.14.
1164 1419 1207 1423 —
1230 1402 1271 1432 13
1292 1398 1381 1433 Rem
1395 1398 1500 1433 dico?
1525 1401 1563 1433 et

237 1450 279 1479 15
315 1445 517 1479 Terentiam
548 1444 655 1479 dieo?
687 1445 767 1478 edd.
810 1444 852 1478 V.
880 1445 927 1477 ad
953 1444 1041 1479 Sull.
1067 1448 1241 1489 p.365.5,
1280 1445 1371 1479 Sest.
1390 1457 1425 1489 p.
1439 1449 1492 1479 24.
1507 1449 1561 1488 16,

235 1492 497 1525 Friedlaender
521 1492 594 1525 Iuv.
616 1495 718 1534 551,
750 1491 846 1524 infra
871 1504 905 1535 p.
927 1495 1003 1525 537.
1026 1495 1055 1525 7.
1091 1512 1137 1516 —
1169 1495 1210 1525 15
1241 1492 1434 1527 Terentiae
1458 1492 1563 1527 dico?
1629 1473 1633 1478 .

234 1538 419 1581 Lambin.,
455 1538 597 1580 Baiter,
636 1538 752 1581 Boot„
783 1538 845 1581 qui
871 1550 900 1572 v.
924 1542 966 1571 13
1004 1549 1148 1581 quoque
1185 1549 1257 1572 non
1295 1538 1443 1572 dubitat
1473 1538 1562 1581 quin

237 1585 377 1619 ‘Cicero
402 1587 500 1618 recte
528 1584 737 1628 scripsisset
761 1596 826 1619 res
851 1585 946 1627 clieo3
973 1585 1037 1618 sed
1063 1585 1293 1618 accusativus
1318 1584 1372 1618 ibi
1391 1585 1438 1618 ad
1457 1596 1560 1629 prae-

235 1632 427 1666 cedentem
452 1631 720 1665 nominativum
744 1631 884 1665 relatus
909 1630 1029 1664 minus
1051 1631 1261 1665 offensionis
1279 1631 1428 1674 habeat,
1451 1642 1560 1674 quam

234 1678 295 1712 hic
320 1678 564 1722 praecedente
592 1678 744 1712 dativo⁷.
788 1677 830 1712 V.
857 1678 976 1712 Flaco.
998 1682 1084 1712 5.13
1121 1678 1191 1723 Qui
1214 1678 1421 1712 comitatus!
1447 1678 1558 1712 Comi-

235 1729 350 1760 tatum
375 1725 464 1767 (lieo,
490 1725 569 1768 Lig.
591 1729 621 1758 9.
635 1729 678 1758 26
708 1724 805 1769 Quae
830 1725 902 1766 fuit
926 1724 1153 1759 constantia?
1202 1724 1446 1759 Constantiam
1471 1725 1560 1768 dieo,

236 1771 328 1806 Phil.
347 1772 506 1814 ΙΙ27.67,
533 1771 616 1804 XlV
630 1775 713 1805 822
724 1782 789 1814 ex.,
816 1771 896 1804 Sen.
921 1782 1016 1805 suas.
1032 1774 1091 1805 6.5
1113 1772 1179 1805 etc.
1206 1792 1250 1796 —
1277 1774 1318 1804 17
1335 1771 1498 1815 petierat,
1521 1776 1562 1807 ut

235 1818 332 1862 vulg.
354 1839 397 1843 —
417 1818 469 1852 Π).
489 1822 530 1852 ut
554 1819 623 1861 fide
641 1830 707 1852 sua
728 1817 763 1860 Ζ,
790 1818 926 1861 Baiter,
953 1817 1135 1860 Wesenb.,
1160 1821 1201 1852 ut
1218 1817 1298 1851 vide
1315 1828 1389 1860 suo,
1409 1822 1449 1852 ut
1466 1819 1562 1853 nude

236 1865 301 1898 alii
328 1864 444 1907 codd,
464 1869 504 1899 ut
522 1865 606 1899 inde
625 1865 733 1909 (uide)
753 1876 819 1898 sua
839 1864 876 1897 M
896 1864 1031 1907 (Lehm.
1052 1864 1335 1908 Att.p.95,153),
1363 1864 1419 1898 uti
1437 1864 1479 1898 de
1497 1876 1561 1899 suo

234 1910 384 1954 Victor,
396 1911 498 1945 Boot.
512 1932 557 1935 —
570 1915 611 1945 19
622 1922 696 1945 non
708 1912 843 1945 modico
856 1910 990 1953 Baiter,
1005 1921 1078 1945 non
1090 1911 1190 1944 modo
1203 1921 1277 1944 non
1288 1911 1372 1952 feeit
1383 1910 1560 1955 Lambin.,

234 1969 309 1992 non
332 1959 435 1992 modo
459 1969 640 1992 versuram
664 1958 790 2000 faeere,
809 1958 868 1991 secl
887 1958 1111 2001 iniquissimo
1131 1958 1251 1999 fenore
1269 1956 1367 1999 Pius,
1387 1956 1558 1992 Wesenb.

235 2004 379 2038 Incerta
405 2004 538 2046 omnia,
565 2014 660 2047 quae
684 2003 802 2037 multa
827 2004 1029 2047 excogitari
1054 2005 1217 2047 possunt.
1250 2024 1294 2027 —
1321 2007 1364 2036 23
1383 2004 1405 2048 γ’·
1420 2004 1559 2047 addidi,

235 2052 436 2094 quiequam
472 2051 575 2084 Boot.
636 2050 724 2083 Post
759 2050 931 2095 intelleyit
965 2050 1041 2083 tale
1071 2049 1161 2092 quid
1192 2049 1423 2084 intercidisse
1453 2053 1559 2094 puto:

236 2098 299 2139 qui
322 2108 357 2131 se
382 2108 455 2131 non
474 2097 654 2141 intelleyit.
683 2118 727 2121 -
752 2099 795 2129 29
816 2096 972 2140 Magnus
994 2098 1050 2130 est
1068 2106 1238 2129 numerus
1259 2096 1559 2140 coniecturarum,

236 2142 339 2175 nulla
377 2154 458 2176 mea
496 2143 645 2186 quidem
676 2142 860 2176 sententia
890 2142 1003 2176 utilis.
1060 2142 1231 2176 WVesenb.
1268 2143 1359 2177 coni.
1391 2145 1561 2178 contendo

237 2190 302 2221 aut
327 2190 495 2224 contende
520 2191 585 2223 aut
609 2190 786 2224 consentio
811 2189 892 2230 tibi,
918 2189 1012 2222 Boot
1038 2189 1204 2223 Consenti
1227 2190 1267 2222 in
1291 2190 1358 2224 hae
1382 2201 1468 2224 eura
1492 2201 1560 2225 me-

235 2245 315 2268 cum
351 2234 462 2277 idque
500 2236 557 2269 vel
594 2235 632 2269 in
669 2237 773 2270 textu
801 2235 941 2279 posuit,
968 2235 1032 2269 sed
1057 2235 1189 2270 Mnem.
1214 2239 1355 2280 18931).
1378 2240 1441 2269 121
1470 2236 1561 2271 Con-

235 2281 337 2316 tende
366 2282 406 2315 in
429 2282 496 2316 hae
520 2293 608 2317 eura
633 2293 781 2326 meeum,
813 2281 962 2325 Madvig
987 2281 1076 2316 Adv.
1096 2282 1145 2315 III
1170 2294 1203 2326 p.
1227 2286 1291 2317 192
1320 2283 1496 2318 Consenui
1519 2284 1561 2318 in
