1665 2553
196 89 374 124 CXXXIV
617 88 895 123 ADNOTATIO
922 87 1109 123 CRITICA

196 183 339 227 Tyrrell
376 194 431 228 ep.
454 187 530 217 727.
587 182 712 225 Gesta,
746 182 770 216 i.
786 192 814 216 e.
842 183 949 226 gesta
980 183 1081 224 sunt,
1120 193 1184 216 cur
1215 180 1426 216 Ciceronem
1455 192 1528 216 non

197 230 387 275 scripsisse
413 232 633 272 statuamus,
658 228 801 263 nullam
826 229 932 262 video
953 239 1113 271 causam,
1137 229 1226 274 yesti
1244 239 1315 262 non
1338 228 1528 273 scripsisse

195 277 288 311 mihi
326 279 480 311 constat.
525 277 584 310 Ad
614 288 648 320 p.
672 279 819 309 38614.
870 295 915 300 —
964 279 1007 309 21
1041 276 1194 318 audivi,
1231 286 1304 309 non
1338 276 1527 317 audissem,

195 323 440 368 Wesenberg,
473 323 626 367 Tyrrell,
658 323 760 367 prob.
782 322 885 356 Boot.
930 322 989 355 Ad
1013 334 1048 366 p.
1070 325 1147 356 320.
1167 326 1222 356 27.
1255 343 1300 348 —
1333 322 1384 356 Ib.
1405 323 1528 356 audis-

194 381 277 413 sem,
301 372 324 416 †
339 383 362 404 a
387 382 455 415 quo
475 372 515 404 in
534 370 723 404 Samnium
742 369 836 403 Boot
861 379 880 402 e
907 369 1023 411 codd.,
1049 369 1237 411 audissem,
1261 370 1302 403 in
1321 369 1509 403 Samnium
1516 383 1529 411 ,-

195 429 220 452 a
244 428 311 461 quo
336 417 582 461 WVesenberg,
613 416 757 458 Baiter,
788 415 942 460 Tyn-ell.
985 415 1178 460 Ingeniose
1204 416 1295 450 coni.
1315 415 1358 449 H.
1369 416 1410 449 A.
1425 415 1529 450 Koch

195 475 316 508 progr.
338 464 434 498 Port.
459 467 546 498 1868
572 475 607 508 p.
630 466 674 496 30
700 475 723 497 a
748 473 815 507 quo
840 463 1091 497 insanienti
1114 463 1203 497 vide.
1225 483 1268 487 —
1295 466 1338 496 26
1364 463 1417 497 ita
1443 462 1526 496 add.

197 513 284 544 ante
310 516 414 555 atque
439 510 592 554 Tyrrell.
615 531 659 535 —
686 513 727 543 27
755 510 830 552 filio
857 520 935 550 scr.,
961 509 1024 543 illo
1050 509 1154 542 codd.
1176 511 1213 543 et
1237 509 1318 544 edd.
1341 529 1384 534 —
1411 512 1455 543 29
1482 510 1529 544 de

195 558 373 592 Buthroto
386 557 501 592 Boot.
523 578 568 582 ——
594 560 635 590 31
664 567 680 590 e
705 556 801 600 vulg.
818 556 901 588 add.
916 555 1025 599 (Boot
1043 554 1190 590 ObserV.
1210 568 1244 600 p.
1261 558 1330 600 60),
1356 557 1397 590 in
1417 566 1435 589 e
1454 568 1527 600 mg.

196 604 322 638 Lamb.
337 603 509 638 Wesenb.
548 606 559 647 ΙΙ
582 602 797 638 .P.459.11
811 614 862 645 sq.
885 613 1032 646 quoque
1050 602 1108 636 bis
1127 602 1194 644 M1,
1213 603 1337 646 cuique
1357 603 1437 636 edd.
1470 602 1529 636 Ad

196 663 230 694 p.
253 654 377 684 7827.
410 672 455 675 —
488 654 530 684 13
561 661 636 685 non
666 670 711 674 —
742 649 956 683 durissimus
985 649 1023 682 10
1053 649 1222 693 parenth.
1248 648 1420 683 Wesenb.
1471 649 1530 682 Ad

195 709 231 741 p.
255 701 378 731 1614.
412 719 456 722 —
487 701 530 731 27
561 697 663 741 Quod
687 697 740 730 vis
766 695 916 740 Madvig
940 696 1031 729 Adv.
1052 695 1085 728 Π
1108 708 1142 740 p.
1166 699 1231 729 239
1247 707 1312 739 sq.,
1342 695 1528 738 Wesenb.,

196 744 301 784 Boot,
328 744 471 788 Tyrrell
501 744 641 785 incert,
668 744 810 786 quaeris
836 742 952 785 codd.,
977 742 1074 786 vulg.
1125 742 1219 775 Mihi
1242 742 1342 776 idem
1366 742 1405 775 in
1429 753 1528 776 men-

195 793 271 824 tem
302 793 452 824 venerat
483 791 578 833 quod
606 789 803 831 Lambino,
837 789 939 833 Quod
963 789 1128 823 hortaris.
1163 810 1207 813 —
1245 793 1287 822 31
1317 789 1531 824 videbatur

198 836 311 871 Orelli
348 837 458 879 coni,
495 849 560 871 scr.
581 836 772 879 VVesenb.,
808 836 904 869 Boot
939 847 1011 869 non
1047 835 1278 880 probabilius
1311 846 1422 879 quam
1452 847 1527 869 xxc.

195 896 226 917 V.
249 888 292 917 26
317 885 487 918 ridebam.
510 905 554 908 —
581 887 624 917 35
650 884 749 926 filius
773 883 904 917 illius
929 893 997 916 om.
1013 883 1154 917 Antoni
1172 894 1202 916 V.
1218 885 1262 916 36
1289 881 1424 916 Orellio
1446 892 1529 916 auc-

195 933 274 964 tore
294 930 431 973 Baiter,
457 931 598 965 Antoni
619 932 742 963 autem
761 930 901 963 habent
920 941 949 971 c,
975 941 1005 963 v.
1022 941 1062 971 c.,
1089 928 1145 971 Zb,
1170 928 1356 971 Wesenb.,
1376 928 1529 972 Tyrrell,

196 988 264 1011 om.
287 979 353 1011 ΣΔ
378 977 581 1020 (Lehmann
605 977 681 1010 Att.
702 989 736 1020 p.
759 980 813 1018 77,
834 979 902 1020 98).
945 977 956 1019 ΙΙ
1006 976 1051 1010 P.
1062 975 1152 1010 460.
1168 979 1187 1009 3
1212 977 1346 1020 raptim
1371 976 1527 1009 addend.

197 1024 288 1058 coni.
315 1024 443 1068 Haupt
475 1023 606 1068 Opusc.
627 1023 677 1056 ΠΙ
701 1035 735 1067 p.
758 1026 824 1056 536
852 1022 895 1056 cf.
914 1035 949 1066 p.
972 1026 1025 1055 52.
1048 1026 1085 1063 5,
1128 1022 1251 1056 Busch
1284 1022 1428 1056 ‘PhiloL
1456 1023 1528 1056 An-

196 1071 332 1115 zeiger’
354 1071 405 1103 111
428 1083 462 1114 p.
480 1073 564 1112 179,
596 1070 705 1111 Boot,
736 1070 940 1104 summatim
967 1068 1102 1102 Orellio
1129 1071 1279 1102 auctore
1305 1080 1370 1102 scr.
1390 1068 1528 1111 Baiter,

197 1118 335 1152 citatim
358 1118 508 1158 Bosius,
539 1118 562 1161 †
576 1117 724 1160 scripsi;
760 1116 881 1150 statim
905 1115 1078 1149 Wesenb.
1101 1115 1191 1149 coni.
1214 1115 1370 1149 addend.
1392 1115 1450 1149 vel
1478 1116 1529 1158 fe—

194 1165 337 1198 stinans
366 1163 424 1197 vel
443 1174 645 1207 properans
669 1162 726 1196 vel
752 1163 819 1197 cito
845 1162 902 1195 vel
925 1162 1139 1203 summatim,
1171 1162 1300 1205 scripsi
1317 1162 1384 1204 *³²5
1409 1163 1527 1196 statim

197 1211 302 1244 Boot.
346 1210 450 1244 Haec
473 1210 602 1253 scripsi*
626 1209 842 1253 intellegere
869 1208 940 1242 sibi
964 1209 1110 1242 videtur
1135 1208 1286 1252 Tyrrell.
1308 1230 1353 1233 —
1380 1212 1420 1242 11
1443 1219 1528 1252 por-

195 1258 284 1292 tenti
301 1257 416 1291 simile
434 1256 473 1289 in
492 1256 660 1300 parenth.
676 1255 847 1289 Wesenb.
885 1256 943 1288 Ad
962 1267 996 1299 p.
1010 1259 1062 1288 16.
1078 1259 1130 1288 14.
1152 1275 1194 1279 —
1223 1258 1266 1288 17
1286 1255 1326 1289 (Ii
1343 1254 1528 1297 Wesenb,

196 1305 250 1338 dii
268 1304 372 1344 Boot,
398 1303 541 1346 Tyrrell
568 1313 621 1346 ep.
638 1306 713 1336 728.
752 1303 810 1335 Ad
834 1314 868 1346 p.
885 1306 1004 1345 21.22,
1035 1305 1178 1345 47323,
1209 1305 1353 1343 48511,
1384 1305 1527 1344 49310,

196 1354 275 1384 494.
294 1353 347 1391 17,
374 1353 450 1383 504.
467 1354 499 1392 4,
526 1352 602 1383 508.
620 1353 674 1392 26,
700 1349 786 1382 fani.
806 1361 841 1393 p.
858 1353 911 1382 31.
929 1353 981 1382 19.
1020 1369 1066 1373 —
1103 1352 1148 1382 20
1162 1360 1213 1391 sq.
1234 1353 1275 1383 ut
1298 1353 1415 1383 castra
1441 1348 1528 1382 Otto

197 1408 288 1430 mus.
304 1396 420 1430 Rhen.
438 1400 526 1429 1886
553 1408 587 1440 p.
604 1399 682 1437 374,
707 1400 827 1430 utram
852 1395 907 1428 Μ1
933 1396 996 1439 (ad
1019 1398 1210 1439 p.54.15),
1235 1399 1275 1429 ut
1298 1395 1373 1428 iam
1397 1394 1463 1437 ΜΞ,
1489 1399 1530 1429 ut

196 1448 279 1478 rata
292 1442 441 1485 Victor,
462 1443 599 1485 Baiter,
618 1447 659 1477 ut
678 1454 780 1476 arma
799 1441 938 1485 Lamb.,
959 1441 1110 1486 Madvig
1128 1441 1260 1475 Ade
1272 1445 1396 1486 p.240,
1416 1441 1527 1482 Wes,

196 1490 306 1532 Boot,
339 1489 491 1533 Tyrrell.
535 1491 546 1533 11
588 1489 634 1524 P.
656 1487 745 1523 461.
768 1493 786 1521 3
822 1500 884 1523 seu
908 1489 1042 1523 dictavi
1066 1489 1160 1522 Boot
1187 1488 1317 1532 ‘ipsius
1344 1486 1527 1522 Ciceronis

199 1537 292 1571 esse'
326 1538 448 1580 negat.
501 1536 612 1569 ‘Nam
642 1535 673 1569 is
705 1536 865 1580 potius',
895 1535 1027 1578 inquit,
1056 1535 1230 1569 ‘alterum
1253 1534 1404 1568 verbum
1430 1534 1527 1568 dele—

197 1583 322 1625 visset,
350 1586 415 1616 aut
441 1584 539 1616 certe
564 1583 603 1615 in
630 1583 845 1625 corrigendo
871 1582 1056 1626 posuisset
1080 1583 1134 1616 vel
1147 1582 1281 1625 potius,
1307 1582 1379 1616 sive
1392 1582 1527 1625 potius,

197 1641 270 1663 non
296 1630 383 1664 seu’.
427 1629 470 1663 V.
492 1640 611 1673 progr.
633 1629 750 1663 Berol.
772 1629 944 1663 Ioachim.
967 1632 1054 1662 1871
1081 1640 1116 1672 p.
1139 1632 1192 1662 24.
1215 1649 1258 1653 —
1285 1631 1304 1661 6
1331 1629 1529 1671 optimates

198 1677 280 1710 edd.
301 1678 449 1720 praeter
479 1676 677 1710 Baiterum.
724 1674 774 1709 Cf.
797 1676 844 1709 ad
868 1687 902 1719 p.
925 1679 1001 1709 252.
1025 1679 1077 1709 15.
1117 1696 1162 1700 —
1200 1678 1242 1708 22
1278 1686 1301 1708 a
1325 1675 1527 1708 coniectura

199 1722 314 1765 Crat,
346 1722 536 1765 WVesenb.,
563 1722 706 1766 Tyrrell
731 1733 785 1766 ep.
804 1726 881 1764 729,
913 1722 1042 1765 Mayor
1067 1723 1142 1755 nat.
1159 1721 1191 1754 d.
1206 1721 1222 1754 I
1242 1724 1378 1754 36.100
1398 1732 1432 1764 p.
1448 1723 1526 1754 206.

197 1770 269 1803 Res
296 1770 419 1803 dubia.
464 1769 506 1803 V.
529 1770 576 1802 ad
601 1769 694 1803 Phil.
715 1782 749 1813 p.
766 1773 842 1803 530.
861 1773 913 1802 16.
941 1789 984 1793 -
1011 1772 1148 1802 23-25
1173 1778 1270 1802 meus
1287 1787 1332 1792 —-
1350 1767 1529 1801 sauciavit

198 1816 237 1849 in
261 1816 429 1860 parenth.
451 1816 588 1859 Baiter,
614 1816 718 1857 Boot,
744 1815 895 1859 Tyrrell.
933 1815 992 1848 Ad
1015 1827 1050 1859 p.
1068 1818 1121 1848 16.
1139 1818 1191 1848 14.
1214 1835 1259 1839 —
1278 1817 1319 1847 31
1342 1814 1528 1856 potuisset

198 1863 264 1905 M2,
290 1863 385 1897 Boot
411 1863 610 1907 dupliciter
635 1873 769 1904 errans,
795 1862 955 1906 primum
980 1861 1079 1904 quod
1099 1861 1259 1905 potuisse
1284 1871 1305 1893 a
1325 1858 1527 1893 Cratandro

201 1910 431 1944 ‘correctum'
473 1920 552 1944 esse
584 1908 720 1943 Orellio
759 1909 917 1942 credidit
953 1910 989 1951 (a
1021 1908 1170 1941 Baitero
1209 1907 1349 1940 discere
1380 1908 1529 1950 poterat

201 1967 278 1989 esse
298 1957 336 1989 in
357 1957 411 1989 M¹
431 1957 601 2000 potuisse,
621 1957 795 1999 potuisset
820 1956 858 1988 in
877 1954 957 1998 ΜΞ),
984 1954 1117 1988 deinde
1137 1953 1235 1996 quod
1255 1953 1528 1986 coniunctimm

200 2003 247 2035 ad
274 2003 538 2037 anacoluthian
562 2004 718 2036 revocat.
753 2023 795 2026 —
835 2006 879 2035 34
904 2002 982 2035 Nec
1005 1999 1207 2034 Buecheler
1230 2011 1321 2033 mus.
1342 1999 1457 2033 Rhen.
1478 1999 1529 2032 XI

201 2051 290 2082 1857
315 2061 349 2093 p.
372 2053 456 2092 516,
488 2049 599 2091 Boot,
630 2060 675 2083 ne
698 2049 839 2093 9eniam
864 2047 912 2081 M.
956 2049 967 2091 ΙΙ
1008 2047 1056 2082 Ρ.
1075 2046 1164 2081 462.
1187 2050 1206 2079 6
1232 2047 1296 2080 etsi
1320 2045 1386 2088 ΜΞ,
1417 2045 1526 2090 vulg,

199 2099 232 2129 et
256 2095 351 2129 Sulli
375 2096 441 2138 Ml,
472 2097 546 2130 nisi
571 2095 606 2130 C.
622 2095 677 2129 Fr.
694 2095 904 2128 Hermanno
930 2095 1078 2128 auctore
1102 2093 1206 2135 Boot,
1231 2092 1384 2135 Tyr-rell.
1425 2092 1526 2126 ‘Sen-

198 2141 318 2174 tentia
357 2142 454 2175 enim
484 2142 571 2176 talis
603 2141 835 2185 requiritur',
872 2140 995 2183 inquit
1018 2140 1127 2181 Boot,
1162 2139 1288 2173 ‘zNisi
1317 2140 1453 2172 Brutus
1491 2140 1528 2172 et

200 2186 347 2221 Cassius
373 2188 467 2222 hanc
494 2189 641 2232 culpam
664 2187 876 2233 repulerint,
911 2187 996 2220 Idus
1022 2186 1180 2219 Martiae
1204 2196 1336 2229 parum
1359 2196 1418 2219 me
1443 2195 1526 2219 con-

201 2233 378 2277 solantur,
410 2235 498 2277 quia
523 2235 705 2269 Antonius
732 2236 917 2278 superstes
944 2234 1026 2267 est’
1067 2231 1137 2266 Cur
1161 2232 1248 2265 talis
1269 2232 1454 2266 sententia
1471 2241 1526 2264 re-

199 2280 384 2323 quiratur,
422 2292 480 2315 me
505 2281 614 2315 fallit.
659 2283 670 2325 ll
713 2281 758 2316 P.
779 2280 869 2316 463.
892 2283 934 2314 10
972 2290 1060 2324 opus
1097 2283 1147 2314 est
1177 2279 1259 2312 add.
1281 2281 1365 2323 post
1395 2278 1527 2313 medico
