1665 2553
59 808 93 831 10

290 81 631 116 EPISTULARUM
658 82 722 116 AD
749 82 965 118 ATTICUM
991 83 1075 117 VIII
1103 84 1271 119 12A—C.
1369 85 1456 126 245

113 177 416 277 Ξοῃίαηςῗϊθῃὲ
455 181 514 232 et,
555 178 743 220 militum
781 178 895 233 quod
931 178 1154 235 haberent,
1192 179 1244 220 ad
1280 194 1356 221 vos
1391 181 1455 221 de-

141 251 292 278 uceren
316 270 323 278 .

763 319 810 361 B.

247 399 321 434 Sor.
348 400 525 434 Luceriae
550 400 624 434 HI
644 404 709 434 aut
729 400 827 444 prid.
853 400 911 435 Id.
939 400 1045 435 Febr.
1074 412 1106 435 α.
1135 403 1206 436 '705
1233 403 1323 445 (49).

196 481 268 517 CN.
294 481 496 516 MAGNUS
522 481 715 517 PROCOS.
745 482 777 516 S.
804 482 846 517 D.
874 482 911 517 L.
940 482 1143 517 DOMITIO
1170 482 1363 517 PROCOS.

198 553 333 595 Valde
364 555 496 595 miror
526 557 569 595 te
601 555 652 596 ad
684 569 750 595 me
781 554 889 595 nihil
923 555 1104 596 scribere
1143 558 1184 596 et
1221 556 1365 609 potius
1399 556 1450 596 ab
1480 568 1497 598 1

111 612 206 654 aliis
239 628 364 667 quam
398 627 421 653 a
446 616 488 654 te
515 613 564 654 de
589 628 634 654 re
665 614 834 667 publica
858 629 924 655 me
957 615 1180 655 certiorem
1211 614 1313 655 fieri.
1358 613 1448 655 Nos

113 671 287 712 disiecta
329 686 458 712 manu
496 687 618 726 pares
661 672 900 713 adversario
943 687 1034 714 esse
1076 688 1162 714 non
1206 688 1452 727 possumus3

112 731 340 771 contractis
372 731 531 771 nostris
569 731 702 784 copiis
741 746 863 785 spero
902 746 979 772 nos
1013 734 1053 772 et
1085 732 1147 773 rei
1184 732 1378 785 publicae
1411 735 1452 772 et

112 790 324 830 communi
357 789 484 830 saluti
515 790 714 843 prodesse
746 804 881 844 posse.
945 789 1079 839 Quam
1117 791 1170 831 ob
1208 805 1314 845 rem,
1357 805 1452 831 cum

112 848 420 903 constituisses,
450 851 498 889 ut
529 847 746 889 Vibullius
778 848 884 889 mihi
917 849 1162 902 scripserat,
1195 865 1228 890 a.
1262 849 1297 890 d.
1330 862 1360 890 V
1391 849 1450 890 Id.

113 907 233 948 Febr.
267 906 452 948 Corfinio
479 907 689 960 proficisci
714 921 808 948 cum
835 908 1021 948 exercitu
1047 910 1087 948 et
1122 908 1175 948 ad
1204 923 1271 949 me
1297 908 1451 962 venire,

112 966 261 1020 miror,
303 966 403 1019 quid
443 980 591 1006 causae
630 966 777 1021 fuerit,
825 981 953 1020 quare
994 967 1217 1007 consilium
1258 966 1450 1008 mutaris.
1506 996 1513 999 γ

112 1023 224 1065 Nam
263 1024 336 1065 illa
376 1039 518 1078 causa,
562 1039 688 1078 quam
730 1024 836 1065 mihi
874 1025 1090 1066 Vibullius
1136 1025 1303 1081 scribit,
1345 1025 1450 1066 levis

77 1101 92 1125 5
114 1086 188 1136 est,
220 1085 262 1123 te
293 1086 517 1137 propterea
546 1087 758 1124 moratum
791 1098 899 1138 esse,
943 1084 1057 1138 quod
1088 1084 1270 1125 audieris
1303 1082 1451 1125 Caesa-

112 1156 201 1182 rem
219 1141 363 1182 Firmo
389 1156 662 1196 progressum
687 1142 731 1182 in
752 1140 949 1183 Castrum
968 1142 1250 1183 Truentinum
1275 1143 1450 1184 venisse.

113 1199 279 1249 Quanto
313 1200 424 1241 enim
454 1200 590 1255 magis
623 1201 962 1254 appropinquare
994 1201 1260 1242 adversarius
1299 1202 1450 1255 coepit,

113 1273 161 1300 eo
193 1259 275 1299 tibi
306 1259 481 1299 celerius
513 1259 722 1313 agendum
751 1263 852 1312 erat,
884 1263 932 1300 ut
958 1263 1000 1300 te
1030 1274 1194 1300 mecum
1226 1260 1451 1315 coniunge-

111 1332 191 1372 res,
222 1317 470 1371 priusquam
495 1316 648 1358 Caesar
680 1320 753 1358 aut
783 1321 906 1359 tuum
938 1318 1019 1359 iter
1049 1319 1253 1372 impedire
1280 1321 1353 1360 aut
1384 1333 1451 1359 me

60 1394 74 1417 ε
114 1377 187 1417 abs
220 1379 262 1416 te
294 1376 511 1417 excludere
542 1379 698 1430 posset.

202 1434 336 1483 Quam
363 1434 415 1475 ob
440 1449 530 1475 rem
556 1435 683 1475 etiam
709 1438 826 1488 atque
857 1436 980 1476 etiam
1010 1438 1053 1476 te
1078 1450 1183 1491 rogo
1217 1439 1257 1476 et
1289 1436 1450 1491 hortor,
1477 1448 1497 1478 2

114 1493 157 1533 id
188 1493 300 1547 quod
336 1507 422 1534 non
459 1493 603 1534 destiti
641 1494 931 1547 superioribus
971 1494 1129 1535 litteris
1169 1510 1192 1535 a
1222 1498 1265 1536 te
1296 1498 1451 1549 petere,

114 1554 161 1592 ut
198 1551 334 1605 primo
369 1565 535 1605 quoque
576 1552 641 1593 die
672 1552 892 1594 Luceriam
930 1553 981 1593 ad
1017 1567 1080 1594 me
1116 1553 1300 1609 venires,
1338 1557 1451 1594 ante-

115 1624 241 1664 quam
262 1610 418 1664 copiae,
444 1624 548 1664 quas
574 1610 764 1651 instituit
784 1609 937 1652 Caesar
963 1612 1224 1667 contrahere,
1250 1612 1294 1652 in
1319 1627 1452 1653 unum

61 1686 94 1710 25
113 1668 254 1710 locum
285 1671 452 1709 coactae
484 1683 558 1709 vos
592 1684 615 1709 a
645 1669 769 1709 nobis
802 1669 1051 1710 distrahant.
1115 1669 1214 1725 Sed,
1247 1671 1282 1710 si
1316 1673 1452 1725 erunt,

115 1727 188 1781 qui
219 1730 261 1768 te
293 1727 541 1781 impediant,
578 1730 627 1767 ut
657 1727 781 1767 villas
815 1742 910 1768 suas
950 1730 1135 1783 servent,
1173 1743 1354 1781 aequum
1387 1732 1451 1769 est

113 1800 180 1826 me
212 1801 235 1826 a
266 1788 309 1826 te
345 1786 591 1840 impetrare,
634 1787 681 1826 ut
723 1785 937 1841 cohortes,
978 1801 1083 1839 quae
1125 1800 1175 1826 ex
1215 1786 1367 1827 Piceno
1410 1790 1452 1827 et

40 1884 45 1888 ,
115 1842 335 1885 Camerino
362 1847 580 1899 venerunt,
611 1858 717 1897 quae
742 1844 935 1884 fortunas
969 1859 1064 1885 suas
1091 1845 1367 1899 reliquerunt,
1399 1845 1452 1885 ad

114 1917 182 1943 me
212 1903 390 1943 missum
421 1903 561 1943 facias.

761 1994 805 2037 G.

333 2075 406 2110 Ser.
433 2076 610 2110 Luceriae
637 2076 740 2110 XIV
763 2076 810 2110 K.
839 2076 953 2112 Mart.
981 2088 1014 2111 α.
1044 2079 1115 2111 705
1142 2079 1231 2121 (49).

204 2155 276 2191 CN.
302 2156 501 2192 MAGNUS
527 2157 721 2192 PROCOS.
749 2158 782 2192 S.
810 2159 851 2192 D.
879 2159 917 2194 L.
944 2158 1148 2193 DOMITIO
1175 2158 1369 2194 PROCOS.

202 2227 387 2268 Litteras
413 2229 488 2270 abs
515 2232 557 2270 te
582 2230 638 2270 M.
660 2228 857 2270 Calenius
885 2230 938 2270 ad
962 2245 1029 2271 me
1055 2231 1202 2271 attulit
1228 2246 1262 2272 a.
1289 2230 1325 2272 d.
1352 2243 1451 2272 XIIII
1479 2243 1496 2272 1

114 2285 206 2327 Kal.
239 2286 433 2341 Martias3
473 2288 518 2328 in
550 2288 704 2341 quibus
737 2288 893 2329 litteris
926 2289 1074 2330 scribis
1114 2289 1195 2330 tibi
1235 2289 1280 2330 in
1311 2289 1450 2331 animo
