1665 2553
163 195 205 225 11

168 1015 209 1044 13

171 1893 213 1923 14

234 89 319 130 164
659 88 707 122 Μ.
729 88 870 123 TULLI
895 87 1144 122 CICERONJS

320 183 453 225 Furni
498 183 688 238 exceptio
732 183 839 224 mihi
881 197 969 224 non
1012 183 1166 238 placet3
1215 197 1292 225 nec
1335 183 1447 224 enim
1491 197 1569 238 ego

233 243 369 284 ullum
406 242 520 283 aliud
557 245 724 297 tempus
763 242 910 295 timeo,
947 241 1033 282 nisi
1070 242 1182 295 quod
1218 242 1289 282 ille
1328 243 1465 283 solum
1503 257 1570 283 ex-

234 302 347 356 cipit.
411 300 492 342 Sed
531 300 757 341 scriberem
798 300 850 340 ad
887 302 929 340 te
967 300 1016 341 de
1052 299 1133 341 1100
1163 301 1304 356 plura,
1343 300 1380 342 si
1410 300 1570 341 Romae

235 375 359 401 esses.
421 358 472 400 In
501 359 704 413 Pompeio
742 362 784 399 te
823 373 941 412 spem
979 373 1146 400 omnem
1184 359 1261 400 otii
1297 373 1453 413 ponere
1483 374 1570 400 non

234 419 376 460 miror.
433 417 500 459 Ita
531 432 598 458 res
631 421 706 471 est,
745 417 1129 471 removendumque
1161 432 1309 458 censeo
1341 418 1447 458 illud
1473 418 1570 459 ε(115-
1607 434 1623 459 5

236 477 535 518 simulantem’.
586 475 666 517 Sed
697 490 838 516 rerum
865 477 1093 530 οἰκονομία
1119 476 1155 517 51
1180 476 1470 530 perturbatior
1496 479 1572 532 est,

235 536 317 576 tibi
348 535 577 590 assignato,
639 534 697 575 Te
728 535 842 575 enim
874 549 1028 588 sequor
1060 536 1348 589 σχεδιάζοντα.

325 593 547 635 Cicerones
573 593 694 647 pueri
719 595 863 633 amant
888 593 1000 634 inter
1026 608 1081 648 se,
1109 593 1288 648 discunt,
1314 596 1572 648 exercentur,

236 652 307 693 sed
339 653 458 707 alter,
489 652 554 692 uti
583 652 689 692 dixit
714 650 922 692 Isocrates
947 651 993 692 in
1017 651 1191 705 Ephoro
1219 654 1261 692 et
1285 651 1571 706 Theopompo,

236 711 367 752 frenis
400 713 506 766 eget,
539 710 646 751 alter
677 711 920 751 calcaribus.
971 709 1128 759 Quinto
1160 713 1306 765 togam
1330 725 1480 764 puram
1505 710 1572 751 Li·
1591 727 1625 751 10

236 770 451 811 beralibus
490 769 730 824 cogitabam
767 769 881 823 dare3
925 769 1143 810 mandavit
1174 770 1286 810 enim
1316 772 1447 823 pater.
1507 768 1572 810 Ea

237 829 296 869 sic
328 828 576 882 observabo,
617 828 738 882 quasi
769 828 1064 868 intercalatum
1093 842 1182 868 non
1212 828 1279 869 sit.
1340 827 1573 882 Dionysius

236 887 341 928 mihi
375 887 544 940 quidem
575 886 621 927 in
652 886 868 928 amoribus
901 889 980 941 est3
1012 887 1132 940 pueri
1165 889 1306 927 autem
1332 886 1451 927 aiunt
1477 901 1573 927 eum

235 946 424 987 furenter
456 945 599 999 irasci,
631 945 703 986 sed
727 944 854 986 homo
880 959 956 986 nec
982 945 1145 986 doctior
1169 959 1245 986 nec
1272 945 1457 986 sanctior
1481 945 1573 986 fieri

236 1007 378 1058 potest
421 1018 497 1045 nec
541 1004 607 1044 tui
642 1003 808 1058 meique
846 1004 1067 1045 amantior.
1135 1003 1382 1059 Thermum,
1420 1002 1573 1045 Silium
1592 1019 1626 1045 15

235 1077 331 1103 vere
369 1062 488 1103 audis
526 1062 699 1103 laudari.
768 1061 901 1103 Valde
938 1062 1116 1103 honeste
1152 1076 1193 1104 se
1230 1064 1394 1117 gerunt.
1455 1061 1573 1103 Adde

235 1121 291 1162 M.
312 1119 515 1174 Nonium,
546 1120 760 1176 Bibulum,
792 1135 871 1175 me,
897 1121 933 1161 si
958 1120 1084 1161 voles.
1135 1119 1225 1161 Iam
1251 1119 1397 1161 Scrofa
1421 1120 1573 1161 vellem

237 1180 424 1233 haberet,
461 1179 535 1219 ubi
566 1182 728 1233 posset,
773 1182 836 1219 est
868 1178 978 1219 enim
1009 1179 1174 1219 lautum
1204 1179 1434 1233 negotium.
1497 1177 1571 1220 Ce-

236 1238 318 1278 teri
341 1238 560 1278 infirmant
584 1240 823 1289 πολίτευμα
849 1235 1034 1278 Catonis.
1084 1236 1315 1277 Hortensio
1342 1236 1455 1290 quod
1481 1251 1573 1278 cau-

238 1311 328 1337 sam
370 1310 507 1336 meam
550 1295 835 1349 commendas,
877 1295 997 1336 valde
1040 1297 1220 1350 gratum.
1287 1294 1352 1335 De
1389 1294 1571 1336 Amiano
1592 1312 1626 1336 20

238 1355 327 1408 spei
364 1354 473 1395 nihil
509 1356 632 1407 putat
671 1368 760 1394 esse
791 1330 1035 1407 Dionysius.
1099 1353 1270 1394 Terenti
1306 1353 1471 1394 nullum
1502 1368 1572 1394 ve-

239 1413 415 1467 stigium
452 1412 642 1466 adgnovi.
705 1412 978 1466 Moeragenes
1016 1414 1127 1452 00110
1163 1411 1301 1465 periit.
1362 1411 1461 1452 Feci
1491 1412 1573 1453 iter

237 1485 312 1525 per
338 1471 426 1512 eius
452 1471 776 1525 possessionem,
806 1471 851 1511 in
878 1485 960 1524 qua
986 1470 1142 1511 animal
1165 1470 1377 1524 reliquum
1407 1470 1574 1511 nullum

239 1532 314 1571 est.
375 1529 491 1570 Haec
529 1544 617 1570 non
646 1544 795 1570 noram
825 1532 936 1583 tum,
974 1544 1068 1569 cum
1100 1528 1344 1570 Democrito
1375 1531 1450 1570 tuo
1483 1543 1573 1570 cum

237 1589 404 1629 locutus
450 1603 554 1628 sum.
622 1587 807 1628 Rhosica
842 1603 942 1628 vasa
979 1588 1186 1628 mandavi.
1249 1586 1330 1628 Sed
1366 1586 1470 1628 heus
1507 1589 1626 1628 tu125

240 1647 340 1701 quid
377 1647 567 1701 cogitas?
617 1647 661 1687 in
698 1647 877 1687 felicatis
913 1646 1105 1687 lancibus
1147 1649 1189 1687 et
1221 1645 1572 1700 splendidissimis

238 1706 434 1746 canistris
466 1705 700 1746 holusculis
731 1719 809 1746 nos
843 1704 952 1746 soles
977 1719 1164 1759 pascere3
1197 1704 1298 1758 quid
1323 1706 1365 1744 te
1390 1704 1436 1744 in
1459 1704 1572 1744 vasis

238 1764 442 1805 fictilibus
475 1764 771 1817 appositurum
801 1764 976 1818 putem?
1024 1763 1169 1816 Κέρας
1197 1762 1371 1803 Phemio
1402 1763 1572 1803 manda-

238 1826 330 1863 tum
369 1825 453 1876 est3
496 1823 739 1876 reperietur,
777 1822 903 1863 modo
935 1821 1095 1875 aliquid
1125 1821 1199 1862 illo
1231 1821 1407 1875 dignum
1439 1824 1572 1861 canat.

328 1880 572 1922 Part-hicum
613 1880 771 1921 bellum
808 1880 1033 1934 impendet.
1097 1878 1267 1920 Cassius
1307 1879 1474 1932 ineptas
1505 1879 1626 1920 lit-30

239 1943 351 1980 teras
388 1939 523 1994 misit,
560 1939 738 1980 necdum
769 1939 913 1979 Bibuli
944 1941 1063 1979 erant
1095 1938 1256 1978 allatae.
1319 1936 1482 1985 Quibus
1512 1952 1573 1978 re-

240 1998 381 2039 citatis
419 2000 523 2051 puto
561 1998 651 2038 fore
688 2000 737 2037 ut
774 1997 999 2051 aliquando
1038 1998 1351 2037 commoveatur
1389 1998 1571 2036 senatus.

239 2056 450 2110 Equidem
489 2071 583 2097 sum
622 2056 669 2096 in
699 2069 853 2110 magna
883 2055 1013 2096 animi
1042 2054 1374 2108 perturbatione.
1437 2053 1494 2109 Si,
1524 2057 1573 2094 ut

241 2118 355 2168 opto,
381 2129 468 2155 non
493 2116 748 2169 prorogatur
773 2117 968 2154 nostrum
992 2113 1222 2167 negotium,
1241 2112 1377 2154 habeo
1402 2112 1572 2153 Iunium

241 2177 280 2212 et
320 2172 573 2220 Quinctilem
616 2173 662 2213 in
700 2175 827 2213 1110111.
890 2172 1015 2225 Est03
1059 2171 1162 2211 duos
1203 2171 1369 2224 quidem
1406 2185 1572 2211 menses
1591 2186 1626 2212 35

241 2231 469 2271 sustinebit
511 2231 702 2272 Bibulus.
772 2230 882 2279 Quid
923 2230 997 2271 illo
1041 2229 1134 2283 fiet,
1183 2244 1308 2283 quem
1350 2229 1573 2283 reliquero,

241 2289 489 2341 praesertim
529 2289 563 2329 si
601 2289 805 2330 fratrem?
850 2288 950 2342 quid
985 2302 1053 2328 me
1091 2290 1250 2343 autem,
1291 2288 1326 2328 si
1363 2302 1450 2328 non
1485 2290 1574 2328 tam
