1665 2553
615 98 652 134 P.
675 102 870 133 316-321,
1302 98 1414 133 XCIII

78 191 218 225 habent
240 191 383 236 L(mgo)
411 189 462 225 CZ
489 191 692 236 (Lehmann
717 191 793 227 Att,
807 204 842 237 p.
859 196 902 226 99
917 203 983 235 eX„
1012 194 1103 236 123).
1148 192 1242 226 Mihi
1260 192 1414 236 paulum

79 237 225 272 differre
272 239 419 273 videtur
468 239 648 272 comicum
695 239 809 273 illud'
832 244 864 274 te
905 240 982 274 volo
1026 241 1064 273 et
1112 239 1310 274 Varronem
1353 239 1413 273 hic

77 297 111 329 p.
132 289 211 320 412.
233 289 287 320 24.
309 306 353 310 —
372 285 423 320 lb.
439 297 492 329 sq.
512 286 597 321 haec
616 307 661 311 —
680 291 797 321 noster
815 286 854 320 in
873 286 1042 330 parenth.
1058 285 1244 329 Wesenb.,
1271 286 1413 330 Tyrrell

78 343 150 366 non
175 332 280 375 bene,
307 333 424 367 credo.
463 333 521 366 Ad
545 345 580 377 p.
604 337 656 368 16.
680 337 732 368 14.
778 354 822 358 -
872 337 891 367 6
917 334 993 367 aba·
1020 332 1059 367 Ο.
1074 332 1115 368 Ε,
1132 333 1300 367 Schmidt
1328 333 1414 367 ‘Der

77 378 349 413 Briefwechsel'
377 380 418 423 [p.
436 383 519 422 181,
551 381 618 414 tibi
643 380 765 422 codd,
797 380 878 415 edd.
924 401 969 405 —
1012 380 1063 414 Ib.
1085 392 1108 414 a
1137 381 1227 414 villa
1258 380 1413 423 Manut,

77 426 215 470 Baiter,
246 426 430 469 Wesenb.,
458 426 610 470 Tyr-rell,
636 428 721 473 †ad
745 427 869 461 villam
892 427 998 470 Boot,
1024 427 1088 470 qui
1115 427 1248 471 ‘paene
1275 430 1415 461 certum

77 473 192 507 habet
215 472 254 506 in
281 473 480 517 archetypo
506 473 620 507 fuisse
646 474 722 509 aba·
747 474 863 508 clam’.
895 495 940 498 —
979 478 999 507 8
1028 474 1191 519 Coyitavi
1216 475 1414 518 equidem

77 520 144 554 illa
169 520 260 555 coni.
276 520 380 563 Boot,
408 532 473 555 scr.
495 521 647 564 Tyrrell.
668 542 713 546 —
733 525 752 555 9
768 532 819 564 sq.
840 521 1054 565 simulatque
1074 522 1114 555 in
1135 520 1174 556 O.
1190 521 1231 556 Ε.
1247 521 1414 555 Schmidt

80 566 167 600 ‘Der
185 567 458 601 Briefwechsel'
480 580 514 612 p
532 572 596 601 181
620 567 763 603 defend.
778 580 809 602 v,
827 571 869 601 10
895 572 927 603 et
951 568 1059 602 simul
1083 568 1163 611 fieri
1183 573 1336 612 poterat,
1361 573 1412 610 ut,

79 613 179 656 quod
209 613 491 658 interpretatur:
533 615 623 648 ‘und
655 614 893 659 gleichzeitig
923 618 1021 649 w'are
1048 614 1143 648 auch
1167 615 1326 648 beinahe
1353 615 1413 649 die

77 660 321 706 Versuchung
353 671 414 700 sc
438 661 504 695 auf
526 661 648 695 solche
674 662 733 695 Pl·
719 672 787 695 ane
813 662 1053 706 einzugehen)
1086 672 1134 695 an
1159 662 1258 695 mich
1282 662 1412 696 heran-

78 708 274 752 getreten’,
302 708 460 742 alterum
485 709 591 743 ευηαῐ
617 708 701 743 secl
722 708 858 752 Baiter,
885 709 955 743 del.
970 708 1155 750 Wesenb.
1182 719 1287 743 cruce
1307 711 1415 743 notat

78 754 188 798 Boot,
226 755 369 799 Tyr-rell
406 757 530 789 autem
566 756 720 801 cogitavi
755 777 801 781 -—
838 756 953 790 eodem
984 757 1042 790 die
1071 756 1110 789 in
1136 756 1304 800 parenth.
1356 756 1412 790 Ad

77 813 112 846 p.
136 805 188 836 16.
212 805 265 836 14.
304 823 349 826 —
389 806 430 835 12
463 814 548 836 cum
579 803 683 837 codd.
705 804 747 836 ut
770 815 806 847 p.
829 806 906 837 124.
930 806 984 846 13,
1010 806 1088 836 490.
1113 807 1150 846 9,
1188 803 1341 847 Tyrrell.
1369 824 1413 828 —

81 852 124 882 14
148 849 231 882 Iam
255 848 446 892 Wesenb.,
477 849 581 892 Boot,
614 854 686 884 tam
712 849 778 891 M1,
804 854 878 884 tum
904 849 970 891 ΜΞ,
996 853 1115 884 tamen
1140 850 1249 894 vulg,
1275 850 1412 892 Baiter,

78 895 231 939 Tyrrell.
246 917 292 920 —
307 900 348 929 19
369 897 464 930 seda
484 917 528 920 —
550 901 665 940 teque
685 896 750 940 (sic
764 896 834 940 Ml)
854 896 910 930 Fr.
928 896 1095 930 Schmidt
1113 907 1233 941 progr.
1248 897 1412 931 Norimb.

82 946 170 976 1879
196 954 231 986 p.
248 946 290 976 31
301 954 366 985 sq.,
393 947 425 977 et
442 943 573 977 nedum
591 954 722 977 novum
742 944 890 986 (nouum
910 954 1087 987 superscr.
1105 943 1176 977 ‘vel
1195 944 1339 978 nedum’
1362 944 1414 985 M)

78 989 238 1023 morbum
273 990 468 1031 removisti,
505 990 566 1024 sed
602 991 708 1024 etiam
744 991 988 1034 yravedinem,
1024 995 1055 1025 te
1093 995 1250 1035 veyetam
1288 990 1413 1032 Orelli,

78 1035 220 1079 Baiter,
259 1040 292 1070 et
315 1037 335 1057 ’¹‘
354 1037 374 1057 ’¹‘
393 1047 523 1070 novum
553 1037 711 1071 morbum
742 1038 938 1079 removisti,
974 1037 1036 1071 sed
1072 1058 1134 1079 ——,
1171 1042 1202 1071 te
1228 1036 1413 1079 WVesenb„

77 1083 183 1125 Boot,
214 1093 288 1117 non
307 1083 409 1117 modo
435 1083 628 1127 (Lambin.)
654 1094 785 1118 novam
809 1105 854 1108 —
879 1089 911 1118 te
937 1083 1029 1118 coni.
1052 1083 1224 1118 Wesenb.
1247 1086 1284 1118 et
1308 1084 1413 1126 Boot,

79 1129 318 1173 scr.T5r1·ell.
357 1151 402 1155 -
440 1134 482 1164 25
509 1130 654 1175 †Boot,
689 1141 756 1165 om.
778 1130 928 1174 reliqui,
965 1131 1057 1165 coni.
1078 1130 1142 1164 ille
1175 1131 1295 1165 vellem
1319 1142 1413 1175 spec-

77 1181 197 1219 tasses,
224 1177 307 1211 belle
331 1181 372 1211 ut
397 1177 547 1221 Madvig
572 1177 662 1212 Adv.
683 1177 733 1210 HI
756 1190 791 1221 p.
815 1181 892 1220 187,
924 1178 1054 1212 Vellem
1079 1189 1217 1212 eernere
1237 1179 1415 1222 potuisses

80 1223 175 1258 o.E.
197 1223 364 1257 Schmidt
397 1223 483 1258 ‘Der
512 1224 784 1258 Briefwechsel’
818 1237 852 1268 p.
870 1228 946 1259 182.
990 1225 1134 1258 Incerta
1172 1225 1311 1268 omnia,
1350 1225 1415 1259 sed

78 1272 203 1304 tamen
234 1270 353 1315 magis
378 1270 502 1314 placet
532 1271 662 1306 Vellem
686 1276 761 1306 tam
786 1272 936 1306 laudare
956 1282 1095 1315 possem
1119 1275 1232 1306 cetera
1257 1272 1342 1306 eius.
1369 1293 1414 1297 —

79 1321 123 1351 27
156 1319 295 1361 aperui
325 1317 514 1360 Wesenb.,
546 1318 641 1352 Boot
670 1320 749 1352 tam
779 1318 949 1362 imperite
981 1329 1094 1361 quam
1123 1331 1158 1362 p.
1179 1322 1259 1353 458.
1281 1322 1335 1353 21.
1369 1340 1414 1344 -—

80 1367 123 1398 29
150 1365 237 1399 lecta
255 1364 409 1407 Manut,
434 1364 619 1407 Wesenb.,
645 1365 817 1409 †scripta
835 1365 973 1408 Baiter,
998 1365 1093 1399 Boot
1118 1368 1162 1408 (V.
1179 1366 1226 1399 ad
1244 1378 1279 1410 p.
1296 1369 1351 1400 24.
1367 1369 1413 1410 8),

78 1412 203 1446 stricta
227 1411 369 1454 Tyrrell
394 1422 449 1455 ep.
464 1415 543 1453 403,
569 1413 679 1446 scissa
705 1412 796 1446 coni.
813 1411 938 1455 Orelli,
963 1417 1089 1456 aperta
1108 1412 1226 1447 Klotz,
1242 1434 1287 1437 —
1307 1417 1350 1446 29
1360 1424 1412 1456 sq.

78 1458 254 1492 hominem
280 1458 409 1492 bonum
434 1463 466 1493 et
489 1459 629 1493 doctum
655 1463 687 1493 et
712 1460 865 1502 probum
884 1460 1046 1493 existimo
1064 1470 1179 1503 marg.
1195 1459 1244 1502 M,
1271 1459 1414 1503 Tyri-cll

80 1515 153 1538 non
177 1504 281 1539 bene.
319 1526 363 1529 —
401 1508 443 1538 32
469 1506 674 1548 refricatur
700 1505 859 1548 Coi-rad,
886 1506 994 1548 Bait,
1020 1505 1131 1549 Wes,
1160 1506 1290 1540 ‘Usum
1314 1507 1415 1540 verbi

80 1551 358 1585 intransitivum
388 1551 490 1585 nullo
526 1552 693 1596 exemplo
725 1552 867 1587 munire
897 1553 1033 1597 potest’
1068 1553 1178 1595 Boot3
1217 1553 1296 1587 ‘sed
1326 1553 1414 1587 licet

82 1598 209 1632 audire
241 1599 320 1633 me'.
364 1598 465 1631 Idem
496 1599 544 1632 ad
568 1599 635 1632 XII
653 1602 708 1634 45.
732 1603 750 1633 2
781 1600 840 1633 ‘de
865 1599 901 1633 vi
926 1612 956 1634 V.
977 1600 1150 1642 refricare
1174 1600 1414 1634 intransitiva

81 1645 163 1678 vide
191 1645 238 1678 ad
261 1645 295 1678 X
316 1648 369 1679 17.
391 1646 438 1680 2’.
483 1647 493 1688 ΙΙ
536 1645 581 1680 P.
603 1645 692 1680 321.
713 1650 732 1680 2
764 1647 893 1689 futura
926 1646 1009 1680 add.
1030 1646 1219 1680 Lehmann
1246 1646 1412 1688 Quaestt.

80 1703 115 1735 p.
138 1695 221 1735 110,
253 1691 404 1735 Tyrrell.
444 1713 488 1717 —
525 1696 547 1726 4
572 1693 757 1728 transierit
787 1693 923 1726 Ziehen
948 1693 1099 1737 Ephem.
1122 1693 1216 1728 Tull.
1236 1706 1271 1738 p.
1294 1698 1347 1728 34.
1370 1698 1411 1727 51

82 1738 126 1773 cf.
152 1750 186 1782 p.
209 1742 262 1773 67.
287 1742 324 1781 8,
356 1739 456 1782 prob.
479 1738 518 1773 O.
539 1739 578 1773 E.
601 1739 767 1773 Schmidt
799 1740 886 1773 ‘Der
916 1740 1077 1774 Briefw.'
1105 1752 1139 1784 p.
1157 1744 1238 1782 182,
1279 1739 1414 1783 ἀκραὲς

81 1786 148 1819 erit
171 1785 319 1828 Bosius,
351 1785 492 1827 Baiter,
524 1785 634 1828 Boot,
669 1786 827 1830 Tyrrell,
860 1787 976 1831 †eras
1000 1787 1067 1822 erit
1091 1787 1263 1820 Wesenb.
1292 1808 1337 1811 —
1361 1787 1412 1821 Ib.

80 1835 244 1867 maneat!
266 1832 461 1867 Hortensio
475 1833 615 1876 quidem
627 1833 732 1876 Boot,
751 1834 981 1876 Hortensius,
1001 1844 1079 1877 quo
1093 1834 1233 1877 quidem
1248 1833 1415 1867 Schmidt

81 1878 105 1913 1,
125 1878 149 1913 l.
187 1900 231 1904 —
270 1883 312 1913 18
349 1880 493 1924 yaudeo
525 1879 696 1922 Ursinus,
734 1880 877 1923 Baiter,
914 1881 1092 1925 9audeam
1122 1880 1176 1922 M,
1213 1880 1414 1925 yaudebam

82 1925 234 1969 Manut,
265 1925 449 1969 Wesenb.,
475 1926 578 1969 Boot,
605 1927 704 1969 quod
728 1927 850 1969 miror,
877 1931 926 1962 est
950 1927 1044 1971 quod
1068 1927 1244 1971 ⁸qaudeam
1271 1926 1414 1970 Tyrrell

82 1981 138 2015 ep.
159 1976 227 2006 404
252 1983 325 2006 non
349 1973 590 2017 probabilius.
629 1973 689 2006 Illi
713 1974 906 2018 qaudeam
931 1984 1003 2007 non
1029 1973 1083 2007 ita
1110 1972 1308 2007 dissimilia
1329 1976 1414 2007 sunt

80 2020 315 2062 pervenirem
345 2031 379 2064 p.
403 2023 455 2054 76.
477 2023 539 2062 29,
573 2021 692 2064 Ieyem
726 2024 803 2054 109.
825 2024 885 2063 22,
918 2021 1145 2063 despicerem
1182 2020 1219 2063 (i.
1237 2030 1266 2054 e.
1287 2020 1412 2064 displi-

83 2067 169 2108 cere)
203 2069 279 2100 124.
301 2069 338 2108 5,
373 2067 555 2101 dedissem
588 2070 663 2101 139.
685 2070 722 2109 4,
754 2068 909 2101 tenerit
929 2078 1078 2111 possem
1105 2070 1182 2100 237.
1204 2070 1265 2109 32,
1297 2078 1411 2102 essem

83 2115 227 2154 256.31,
247 2113 382 2154 offende
393 2125 475 2147 rem
495 2117 573 2147 281.
590 2117 643 2147 31.
678 2113 737 2146 Ad
754 2117 860 2157 p.54.
877 2117 929 2147 15.
963 2134 1006 2137 —
1040 2117 1081 2145 21
1103 2113 1327 2148 Hortensina
1347 2114 1412 2157 (sic

83 2158 200 2201 codd,
221 2169 303 2192 cum
318 2170 421 2193 cruce
435 2159 541 2203 Boot)
555 2181 600 2184 —
619 2160 793 2202 infantia.
819 2161 881 2194 Ita
893 2161 966 2202 fait
978 2159 1072 2194 HA.
1083 2159 1187 2193 Koch
1200 2160 1410 2195 mus.Rhen.

84 2208 172 2239 1857
204 2217 238 2249 p.
255 2209 322 2239 278
348 2205 392 2240 cf.
413 2218 446 2250 p.
469 2210 598 2249 3579,
631 2210 710 2241 400.
726 2210 787 2249 29,
824 2207 1078 2240 Hortensiana
1109 2208 1254 2241 omnino
1283 2208 1413 2250 futura

82 2252 215 2286 inania
232 2252 317 2294 fidei
336 2253 434 2286 video
455 2252 545 2287 coni.
560 2253 665 2296 Boot,
685 2254 785 2295 fuere
804 2254 936 2287 inania
955 2253 1040 2295 fidei
1052 2253 1204 2297 Madvig
1222 2254 1272 2287 m
1285 2266 1320 2298 p.
1335 2258 1412 2296 187,

82 2300 204 2333 omnia
241 2299 342 2341 fuere
370 2299 542 2342 infantia.
581 2300 642 2335 Ita
672 2300 748 2342 fiet:
789 2300 889 2334 homo
922 2298 1080 2343 Tyrrell,
1124 2301 1274 2343 fuerunt
1306 2301 1412 2343 fatua
