1665 2553
93 528 109 554 5

76 821 109 846 10

76 1112 109 1138 15

75 1405 109 1428 20

76 1695 109 1720 25

343 67 681 102 EPISTULARUM
707 68 771 101 AD
798 67 1012 102 ATTICUM
1037 68 1104 102 XV
1131 73 1161 111 1,
1190 73 1249 102 la.
1327 106 1330 108 Α
1375 69 1462 109 465

764 220 827 262 Ia.

316 301 388 336 Ser.
410 302 451 336 in-
477 300 695 336 Sinuessano
721 301 801 335 XV
824 302 909 336 Kal.
930 302 1014 336 Iun.
1036 313 1069 337 α.
1091 304 1162 337 710
1190 305 1276 345 (44).

529 382 719 417 CICERO
743 383 934 418 ATTICO
959 383 1067 418 SAL.

216 453 328 495 Here
372 454 564 495 dederam
607 454 658 495 ad
701 457 742 495 te
785 454 949 495 litteras
992 455 1132 496 exiens
1171 470 1192 496 e
1226 454 1458 497 Puteolano

129 513 469 566 deverteramque
500 513 545 552 in
577 511 821 554 Cumanum.
878 512 945 554 Ibi
975 513 1080 554 bene
1111 513 1320 555 valentem
1353 515 1461 555 vide-

128 587 218 612 ram
248 571 410 612 Piliam.
473 570 583 619 Quin
621 572 749 612 etiam
786 572 911 625 paulo
936 576 1032 624 post
1063 571 1206 612 Cumis
1239 587 1330 613 eam
1361 573 1458 614 vidi.

129 630 313 670 Venerat
346 630 457 670 enim
488 630 532 669 in
558 630 703 683 funus3
736 630 800 670 cui
827 631 966 670 funeri
992 644 1069 684 ego
1098 645 1264 684 quoque
1291 646 1461 685 operam

129 688 233 730 dedi.
296 686 368 729 Cn.
396 688 615 741 Lucullus,
653 688 873 729 familiaris
911 691 1074 743 noster,
1110 692 1289 729 matrem
1321 690 1460 730 effere-

128 747 212 787 bat.
273 746 412 788 Mansi
455 747 587 800 igitur
631 761 678 787 eo
724 747 789 787 die
826 747 871 787 in
908 745 1162 787 Sinuessano
1201 750 1328 801 atque
1364 748 1459 789 inde

128 820 249 846 mane
293 804 498 859 postridie
538 804 748 858 Arpinum
786 805 1053 858 proficiscens
1089 805 1196 846 hanc
1234 806 1460 859 epistulam

128 864 304 904 exaravi.
366 863 472 904 Erat
511 866 652 904 autem
688 863 796 904 nihil
831 864 947 917 novi,
987 864 1099 917 quod
1131 867 1204 904 aut
1235 865 1459 905 scriberem

129 925 202 962 aut
234 936 284 962 ex
317 925 358 962 te
392 936 646 977 quaererem,
677 923 760 962 nisi
785 922 894 962 forte
919 922 999 963 hoc
1025 922 1076 962 ad
1101 937 1189 962 rem
1214 925 1338 976 putas
1370 937 1459 976 per-

127 981 272 1021 tinere.
334 980 491 1021 Brutus
535 983 679 1021 noster
722 981 838 1021 misit
883 981 934 1021 ad
977 995 1042 1021 me
1075 981 1308 1021 orationem
1341 996 1459 1022 suam

127 1038 319 1079 habitam
358 1039 403 1079 in
446 1039 641 1079 contione
679 1037 918 1092 Capitolina
955 1039 1188 1092 petivitque
1226 1054 1249 1080 a
1286 1054 1369 1095 me,
1412 1043 1459 1080 ut
1518 1039 1526 1042 ’

129 1112 219 1137 eam
257 1111 308 1137 ne
350 1097 572 1137 ambitiose
604 1097 873 1151 corrigerem,
912 1100 1136 1151 antequam
1168 1097 1318 1138 ederet.
1378 1097 1458 1138 Est

129 1158 269 1196 autem
311 1156 446 1196 oratio
486 1156 643 1208 scripta
680 1156 990 1209 elegantissime
1029 1156 1268 1210 sententiis,
1306 1156 1458 1209 verbis,

127 1216 175 1254 ut
211 1214 320 1254 nihil
363 1214 499 1267 possit
536 1214 659 1254 ultra.
721 1214 815 1268 Ego
857 1216 1015 1267 tamen,
1061 1214 1095 1254 si
1137 1214 1254 1254 illam
1292 1229 1459 1255 causam

127 1272 387 1326 habuissem,
443 1272 705 1325 scripsissem
760 1272 984 1313 ardentius.
1057 1272 1295 1321 τΤπόθεσις
1344 1273 1459 1313 vides

129 1345 233 1384 quae
278 1331 334 1371 sit
377 1334 413 1372 et
454 1345 633 1384 persona
677 1331 863 1371 dicentis.
930 1330 1079 1384 Itaque
1123 1345 1214 1371 eam
1252 1331 1458 1385 corrigere

126 1403 214 1429 non
250 1389 381 1442 potui.
444 1389 535 1437 Quo
574 1389 685 1429 enim
722 1389 767 1429 in
804 1403 954 1443 genere
986 1389 1144 1429 Brutus
1182 1392 1328 1430 noster
1369 1404 1459 1430 esse

128 1447 219 1487 vult
251 1449 292 1487 et
325 1446 436 1500 quod
461 1447 661 1487 iudicium
685 1447 814 1487 habet
845 1448 894 1487 de
921 1448 1081 1500 optimo
1108 1461 1257 1502 genere
1285 1447 1459 1500 dicendi,

128 1505 169 1545 id
201 1505 261 1545 ita
293 1508 541 1545 consecutus
567 1506 611 1545 in
638 1520 685 1545 ea
711 1506 900 1545 oratione
927 1508 1004 1560 est,
1034 1509 1082 1546 ut
1108 1506 1341 1559 elegantius
1369 1520 1459 1546 esse

128 1563 235 1603 nihil
266 1563 419 1616 possit,
453 1563 523 1603 sed
555 1577 632 1617 ego
666 1566 832 1603 secutus
866 1564 978 1604 aliud
1011 1578 1104 1604 sum
1131 1564 1217 1603 sive
1242 1564 1323 1604 hoc
1348 1566 1458 1604 recte

130 1621 216 1661 sive
247 1636 333 1662 non
364 1623 485 1661 recte.
536 1621 599 1661 Tu
630 1624 771 1661 tamen
801 1622 928 1661 velim
954 1636 1044 1662 eam
1072 1622 1306 1662 orationem
1330 1622 1458 1675 legas,

127 1680 210 1719 nisi
253 1680 362 1720 forte
400 1679 484 1719 iam
520 1679 682 1734 legisti,
725 1680 1028 1733 certioremque
1064 1694 1130 1720 me
1168 1680 1315 1733 facias,
1359 1679 1461 1733 quid

128 1738 283 1778 iudices
327 1738 428 1790 ipse.
495 1736 757 1790 Quamquam
800 1752 964 1791 vereor,
1005 1752 1056 1777 ne
1097 1737 1345 1791 cognomine
1382 1740 1456 1778 tuo

128 1796 272 1849 lapsus
304 1796 585 1849 ὑπεραττικὸς
617 1796 674 1835 sis
706 1796 750 1835 in
781 1795 1013 1836 iudicando.
1077 1794 1168 1848 Sed,
1206 1796 1241 1836 si
1272 1796 1459 1836 recorda-

128 1853 226 1894 bere
259 1853 575 1907 Δημοσθένους
618 1853 811 1906 fulmina,
855 1857 947 1894 tum
984 1854 1204 1907 intelleges
1237 1867 1360 1906 posse
1392 1853 1460 1894 vel

130 1911 391 1953 ἀττικώτατα
429 1911 676 1965 gravissime
714 1912 804 1952 dici.
868 1910 949 1952 Sed
987 1911 1088 1952 haec
1121 1926 1271 1952 coram.
1333 1911 1458 1952 Nunc

76 1983 204 2010 3011Θο
242 1970 331 2010 sine
369 1969 549 2022 epistula
585 1984 659 2010 nec
698 1984 791 2010 cum
828 1970 943 2010 inani
975 1970 1156 2023 epistula
1187 1969 1303 2010 volui
1336 1970 1386 2010 ad
1417 1972 1460 2010 te

130 2027 420 2068 Metrodorum
451 2028 603 2069 venire.

200 2333 259 2359 cie.
274 2335 359 2365 episi.
373 2335 403 2358 11
1203 2331 1247 2361 30

1485 875 1505 904 ιθ
