1665 2553
311 91 652 127 EPISTULARUM
677 92 743 126 AD
767 91 985 127 ATTICUM
1009 92 1043 126 V
1071 96 1218 127 11—13.
1364 92 1444 132 14].

101 188 196 229 inde
228 186 418 242 Gyarum
450 203 574 230 saevo
606 191 747 242 vento,
786 203 872 229 non
906 188 1100 243 adverso3
1144 188 1244 229 hinc
1278 188 1447 243 Syrum,

102 246 197 287 inde
234 245 409 303 Delum,
447 250 631 302 utroque
669 248 812 301 citius,
855 262 982 301 quam
1014 248 1237 302 vellemus,
1276 262 1446 289 cursum

102 305 369 347 confecimus.
436 305 550 347 Nam
592 306 707 348 nosti
752 306 953 360 aphrac'ca
990 305 1275 360 Rhodiorum3
1325 306 1446 361 nihil,

103 364 215 418 quod
239 365 379 406 minus
405 364 584 406 fluctum
610 366 719 407 ferre
748 365 894 420 possib.
943 364 1094 419 Itaque
1122 367 1212 406 erat
1237 366 1284 406 in
1303 365 1444 407 animo

65 438 82 464 5
101 423 210 464 nihil
234 424 434 465 festinare
461 423 606 478 [Delo]
634 439 709 466 nec
734 438 801 465 me
826 439 1006 479 movere,
1031 424 1114 465 11161
1143 424 1285 465 omnia
1311 424 1446 479 ἀκρω-

101 484 228 538 τήρια
261 483 389 537 οὔρια
420 482 630 524 vidissem.

189 540 254 583 De
278 541 476 583 Messalla
509 542 559 582 ad
585 545 638 596 te,
670 542 816 583 statim
841 544 890 583 1113
917 542 1070 597 audivi,
1104 542 1153 582 de
1180 540 1321 596 Gyaro
1350 542 1443 583 dedi

101 600 267 642 litteras
301 603 342 641 eb
373 601 417 641 id
447 601 588 654 ipsum
620 602 840 642 consilium
870 603 1065 642 nostrum
1099 601 1226 642 ehiam
1260 601 1312 642 ad
1338 601 1446 642 Hor-

101 659 304 712 tensium,
342 660 409 700 cui
441 659 611 714 quidem
641 660 762 701 valde
793 662 1091 713 συνηγωνίων.
1134 658 1237 701 'Sed
1267 663 1363 701 tuas
1396 660 1446 701 ’(16

49 733 82 758 10
102 718 191 759 eius
226 718 372 759 iudicii
403 719 671 759 sermonibus
704 722 745 760 eb
777 718 1015 760 mehercule
1048 719 1164 759 omni
1196 719 1246 760 de
1278 719 1339 761 rei
1370 734 1445 773 pu-

101 776 235 818 blicae
279 779 396 818 statu
435 778 602 819 litheras
647 780 844 832 exspecto
888 779 1228 833 πολιτικώτερον
1276 778 1446 832 quidem

103 836 295 890 scriptas,
327 836 528 890 quoniam
559 851 674 877 meos
704 851 798 877 cum
825 836 1093 877 Thallumesso
1119 839 1270 878 nostro
1297 851 1444 891 pervo-

100 894 213 935 lutas
250 895 402 949 libros,
447 895 536 936 eius
574 895 707 950 modi,
750 896 943 949 inquam,
976 895 1162 951 litteras,
1199 909 1251 936 ex
1289 896 1444 949 quibus

102 966 193 1009 ego,
223 968 310 994 non
351 954 452 1007 quid
482 954 557 994 fiat
589 952 713 1010 (nam
744 954 787 995 id
818 955 886 996 vel
916 953 1143 1009 Helonius,
1184 954 1250 994 vir
1282 955 1445 1009 gravis-
1487 1006 1495 1009 ³

49 1024 82 1050 15
103 1013 253 1067 simus,
290 1015 433 1066 potest
465 1013 645 1067 efficere,
678 1013 807 1054 cliens
839 1011 984 1070 tuus),
1016 1013 1089 1054 sed
1121 1013 1222 1067 quid
1252 1013 1446 1054 futurum

103 1071 172 1127 sit,
203 1071 342 1112 sciam.

191 1129 298 1171 Cum
327 1130 430 1172 haec
460 1130 590 1186 leges,
618 1131 872 1171 habebimus
905 1128 1110 1172 consules.
1172 1129 1324 1171 Omnia
1354 1146 1446 1185 per-

103 1189 261 1242 spicere
299 1189 460 1242 poteris
499 1190 548 1230 de
581 1188 778 1243 Caesare,
818 1190 868 1230 de
898 1189 1120 1243 Pompeio,
1160 1189 1209 1230 de
1247 1189 1353 1243 ipsis
1384 1190 1446 1230 iu-

103 1248 232 1288 diciis.
282 1246 444 1288 Nostra
470 1251 611 1289 autem
636 1249 821 1303 negotia,
854 1249 1055 1302 quoniam
1081 1248 1242 1289 Romae
1262 1263 1445 1289 commo-

49 1319 83 1344 20
102 1307 223 1361 raris,
250 1307 398 1347 amabo
424 1309 479 1361 te,
506 1307 678 1361 explica.
729 1306 809 1348 Cui
834 1307 895 1348 rei
920 1308 1089 1362 fugerab
1113 1322 1182 1348 me
1201 1308 1445 1362 rescribere,

103 1365 153 1406 de
185 1368 299 1406 strue
330 1365 525 1420 laterum,
555 1366 679 1420 plane
710 1380 829 1422 rogo,
860 1366 910 1407 de
942 1381 1062 1421 aqua,
1096 1366 1132 1406 si
1158 1366 1260 1420 quid
1284 1366 1445 1420 poterit

103 1423 207 1478 fieri,
237 1438 284 1464 eo
313 1423 370 1464 sis
398 1424 551 1480 animo,
583 1439 666 1478 quo
694 1425 804 1466 soles
832 1439 939 1479 esse3
974 1439 1101 1478 quam
1126 1439 1204 1479 ego
1231 1439 1327 1466 cum
1352 1439 1445 1466 mea

105 1484 256 1536 sponte
295 1484 388 1522 tum
426 1483 513 1523 tuis
552 1483 817 1524 sermonibus
856 1483 1034 1524 6661311110
1074 1483 1257 1537 plurimi.
1326 1484 1443 1538 Ergo

103 1543 152 1581 1311
189 1541 232 1580 1(1
266 1541 472 1582 conficies.
528 1540 767 1597 Praeberea,
800 1542 837 1582 si
870 1542 971 1596 quid
1002 1541 1227 1596 Philippus
1260 1543 1445 1597 rogabis:⁷

51 1610 84 1637 25
105 1599 216 1653 quod
247 1599 292 1639 in
322 1602 396 1640 ’cua
427 1614 472 1640 re
500 1600 670 1656 faceres,
700 1601 744 1641 id
769 1601 896 1641 velim
921 1601 1062 1641 facias.
1112 1600 1242 1641 Plura
1263 1602 1444 1642 scribam

104 1657 156 1698 ad
180 1660 235 1713 te,
260 1672 355 1698 cum
380 1659 621 1700 consti'cero.
666 1658 791 1700 Nunc
816 1674 930 1700 eram
955 1659 1078 1713 plane
1104 1659 1150 1699 in
1168 1660 1305 1701 medio
1326 1660 1443 1700 mari.

717 1752 833 1794 XIII.

374 1820 448 1855 Ser.
471 1821 607 1865 Ephesi
636 1821 719 1855 VH
739 1821 788 1855 K.
812 1821 905 1855 Sext.
927 1833 960 1855 α.
984 1823 1055 1855 703
1082 1823 1172 1864 (51).

527 1884 695 1919 CICERO
722 1884 895 1919 ATTICO
923 1884 1020 1919 SAL.

53 1962 86 1987 30
192 1945 411 1998 Ephesum
442 1946 633 1986 venimus
667 1960 700 1986 6.
722 1945 757 1985 (1.
778 1957 827 1985 XI
852 1944 945 1985 Kal.
969 1944 1152 1986 Sextiles
1180 1945 1442 1999 sexagesimo

106 2005 148 2044 615
185 2004 523 2058 quingen’cesimo
562 2006 660 2058 posb
697 2017 884 2057 pugnam
921 2003 1198 2044 Bovillanam.
1261 2003 1444 2058 Naviga-

105 2061 242 2101 vimus
275 2063 363 2103 sine
394 2063 547 2103 timore
579 2065 621 2103 e’fi
654 2062 742 2102 sine
774 2077 943 2116 nausea⁷
975 2062 1047 2102 sed
1078 2062 1241 2102 'cardius
1268 2067 1444 2116 propter

106 2119 404 2172 aphractorum
434 2121 700 2162 Rhodiorum
732 2121 1078 2162 imbecilli'catem.
1140 2119 1204 2160 De
1236 2135 1443 2162 concursu

105 2177 383 2232 legationum,
420 2180 684 2232 privatorum
722 2181 763 2220 el:
801 2179 850 2219 de
887 2178 1122 2220 incredibili
1156 2179 1443 2234 multitudine,

54 2252 87 2278 35
107 2250 212 2290 quae
243 2237 348 2277 mihi
379 2237 465 2278 iam
490 2236 616 2292 Sami,
649 2238 720 2279 sed
751 2237 989 2278 mirabilem
1014 2237 1059 2277 in
1083 2237 1256 2278 modum
1280 2237 1443 2291 Ephesi

106 2297 274 2348 praesto
301 2295 394 2351 fuit,
426 2299 498 2336 aul}
531 2297 695 2338 audisse
727 2299 769 2338 te
801 2298 905 2350 puto
939 2298 1012 2337 61115
1046 2295 1170 2344 ‘Quid
1202 2296 1253 2337 ad
1284 2311 1350 2337 me
1383 2300 1443 2338 at-

1472 551 1491 581 Κ.)
