1665 2553
295 69 635 104 EPISTULARUM
660 70 723 104 AD
751 69 966 104 ATTICUM
992 70 1042 104 XI
1069 74 1110 104 17
1123 75 1248 105 a—20.
1355 71 1440 112 345

708 223 819 265 XIX.

357 303 431 338 Sor.
454 304 638 338 Brundisi
665 304 731 338 XI
753 304 799 337 K.
822 303 917 338 Seoet.
937 316 969 338 α.
992 307 1061 339 707
1089 307 1179 349 (47).

521 384 689 420 CICERO
716 384 890 420 ATTICO
919 386 1016 421 SAL.

187 456 294 499 Cum
338 457 423 498 tuis
468 456 565 497 dare
606 472 775 511 possem
812 457 995 512 litteras,
1038 473 1125 500 non
1162 461 1442 514 praetermisi,
1468 471 1485 500 1

62 517 196 570 5etsi,
241 516 353 570 quod
398 516 642 569 scriberem,
680 531 766 557 non
809 516 1029 558 habebam.
1093 517 1156 559 Tu
1195 518 1246 559 ad
1282 534 1360 560 nos
1400 523 1440 561 et

97 576 233 616 rarius
274 574 440 628 scribis,
475 589 602 628 quam
635 575 820 627 solebas,
859 578 901 616 et
932 576 1122 631 brevius,
1160 578 1302 632 credo,
1341 579 1441 632 quia

96 633 205 674 m‘hil
235 633 380 687 habes,
414 633 527 686 quod
558 648 625 674 me
656 637 780 687 putes
812 634 994 675 libenter
1025 635 1166 690 legere
1197 639 1270 677 aut
1296 637 1441 678 audire

96 707 229 746 posse.
282 691 442 733 Verum
475 694 618 734 tamen
649 693 789 746 velim,
820 694 857 733 εἰ
884 694 983 747 quid
1010 694 1102 749 erit,
1137 695 1440 750 qualecumque

97 752 195 807 erit,
232 751 402 792 scribas.
465 750 544 791 Est
576 754 717 792 autem
749 766 893 805 unum,
925 752 1037 806 quod
1067 753 1174 793 mihi
1207 754 1262 795 sit
1294 758 1440 808 optan-

42 828 77 852 10
98 810 210 863 dum,
243 810 279 850 si
311 810 412 864 quid
444 810 513 864 agi
546 809 594 850 de
626 825 726 863 pace
757 810 912 864 possit3
952 811 1065 865 quod
1095 811 1214 853 nulla
1246 813 1440 867 equidem

96 869 231 910 habeo
265 869 310 909 in
342 883 431 922 spe3
465 868 548 921 sed,
582 869 681 922 quia
711 872 759 909 tu
791 869 941 910 leviter
972 870 1186 912 interdum
1213 871 1427 927 significas

97 928 213 982 cogis
245 942 312 968 me
345 941 524 981 sperare,
556 928 669 981 quod
701 928 934 981 optandum
965 929 1037 969 vix
1069 932 1144 970 est.

185 986 441 1027 Philotimus
479 985 633 1027 dicitur
669 986 727 1027 Id.
763 985 874 1028 Sext.
937 986 1058 1028 Nihil
1097 988 1233 1029 habeo
1275 989 1324 1030 de
1365 989 1439 1030 illo
1466 997 1515 1029 2'

97 1045 290 1098 amplius.
354 1044 417 1085 Tu
449 1044 576 1085 velim
610 1045 663 1085 ad
694 1059 741 1085 ea
772 1044 878 1086 mihi
909 1046 1134 1099 rescribas,
1177 1062 1283 1101 quae
1316 1048 1367 1088 ad
1398 1051 1441 1089 te

42 1121 76 1146 15
97 1107 219 1145 antea
259 1103 419 1157 scripsi.
482 1103 590 1143 Mihi
630 1106 797 1144 tantum
834 1105 1053 1158 temporis
1083 1106 1186 1146 satis
1220 1108 1301 1160 est,
1340 1107 1439 1147 dum

95 1165 142 1202 ut
168 1163 214 1203 in
238 1162 436 1216 pessimis
464 1162 590 1202 rebus
617 1162 780 1216 aliquid
805 1177 986 1217 caveam,
1008 1164 1081 1217 qui
1105 1164 1215 1205 m'hil
1238 1180 1440 1219 umquam

96 1221 196 1261 cavi.
260 1220 377 1261 Vale.
441 1232 490 1261 XI
515 1220 607 1261 Kal.
637 1219 782 1262 Sextil.

1430 906 1441 926 7

717 1338 807 1379 XX.

284 1418 357 1452 Ser.
379 1418 563 1453 Brundisi
588 1430 620 1452 α.
642 1418 675 1452 d.
699 1419 803 1452 XVI
824 1419 871 1453 K.
895 1419 986 1464 Sept.
1010 1432 1041 1455 α.
1066 1424 1136 1455 707
1163 1423 1254 1465 (47).

41 1507 75 1531 20
521 1499 688 1534 CICERO
719 1500 888 1535 ATTICO
918 1501 1014 1535 SAL.

184 1583 281 1612 XVII
320 1570 370 1612 K.
409 1570 678 1625 Septembres
722 1576 895 1613 venerat
939 1573 1004 1614 die
1048 1585 1196 1615 XXVIII
1242 1574 1438 1617 Seleucea
1466 1586 1482 1615 1

95 1629 234 1671 Pieria
272 1628 315 1671 C.
344 1630 528 1671 Treboni
567 1631 752 1685 Ziberz‘us,
797 1631 869 1684 qui
909 1646 952 1672 se
983 1631 1244 1674 Antiocheae
1282 1633 1438 1675 diceret

97 1689 206 1742 apud
251 1687 473 1730 Caesarem
517 1689 670 1730 vidisse
716 1688 921 1738 Quintum
965 1690 1101 1731 filium
1142 1706 1237 1732 cum
1280 1691 1436 1734 Hirtio.

96 1746 185 1788 Eos
219 1748 268 1788 de
295 1747 466 1802 Quinto,
500 1762 605 1801 quae
636 1747 884 1801 voluissent,
916 1748 1167 1802 impetrasse
1197 1750 1315 1791 nullo
1350 1751 1438 1804 qui-

43 1822 77 1847 25
97 1805 190 1846 dem
221 1807 405 1860 negotio
458 1805 578 1854 Quod
604 1820 681 1861 ego
708 1807 845 1861 magis
872 1808 1110 1861 gauderem,
1143 1808 1179 1848 si
1204 1809 1287 1849 ista
1312 1809 1437 1850 nobis

96 1864 322 1918 impetrata
356 1865 582 1919 quicquam
615 1865 667 1905 ad
700 1879 814 1918 spem
849 1866 1057 1919 explorati
1088 1866 1304 1908 haberent
1357 1866 1438 1908 Sed

98 1925 139 1963 et
183 1923 264 1964 alia
302 1923 489 1964 timenda
528 1926 628 1964 sunt
666 1924 718 1964 ab
758 1923 850 1964 aliis
887 1925 1149 1978 antzsque,
1194 1928 1235 1966 et
1273 1926 1325 1966 ab
1357 1925 1437 1967 hoc

97 1981 189 2034 ipso
223 1996 329 2035 quae
356 1982 510 2023 dantur
536 1985 584 2023 ut
617 1997 639 2022 a
666 1982 848 2036 domino,
880 1997 1026 2024 rursus
1053 1984 1099 2023 in
1125 1983 1312 2025 eiusdem
1339 1987 1437 2025 sunt

96 2042 317 2105 potestate.
394 2040 539 2082 Etiam
577 2039 781 2082 Sallustio
823 2041 998 2095 ignovit
1063 2041 1244 2083 Omnino
1283 2042 1436 2084 dicitur
1462 2054 1481 2084 2

44 2114 78 2139 :30
96 2098 256 2139 nemini
286 2112 458 2153 negare3
504 2099 616 2153 quod
648 2099 788 2152 ipsum
822 2102 885 2140 est
919 2103 1176 2154 suspectum,
1215 2101 1436 2143 notionem

98 2157 186 2197 eius
225 2156 394 2197 differri.
456 2157 511 2198 M.
541 2157 704 2198 Gallius
744 2157 787 2206 Q.
815 2159 840 2198 f.
868 2159 1078 2212 mancipia
1112 2158 1315 2201 Sallustio
1347 2160 1436 2201 red-

97 2215 213 2255 didit.
264 2213 305 2255 Is
338 2215 466 2269 venit,
498 2219 545 2256 ut
571 2216 759 2270 legiones
786 2216 831 2256 in
858 2215 1045 2257 Siciliam
1071 2217 1319 2259 traduceret.
1369 2218 1435 2260 Eo

96 2274 292 2326 protinus
324 2273 484 2314 iturum
517 2272 739 2315 Caesarem
764 2274 915 2316 Patris.
968 2274 1089 2324 Quod
1115 2276 1151 2317 si
1176 2276 1313 2331 faciet,
1346 2291 1437 2333 ego,
