1665 2553
354 86 693 121 EPISTULARUM
718 86 782 120 AD
808 85 1022 121 ATTICUM
1046 86 1080 120 Π
1106 89 1137 130 9,
1165 90 1219 120 10.
1407 85 1463 126 53

128 197 235 236 quos
277 182 439 237 volent,
488 182 700 237 consules,
745 182 940 223 tribunos
990 182 1064 237 pL,
1114 182 1293 235 denique
1337 180 1463 222 etiam

128 239 275 282 Vatini
320 243 526 282 strumam
570 240 791 282 sacerdotii
835 241 1007 297 ὃιβοῖφῳ
1051 241 1254 295 vestiant,
1301 238 1462 280 videbis

128 299 247 341 brevi
276 302 467 354 tempore
497 313 674 354 magnos
706 314 792 340 non
822 299 947 341 modo
981 313 1070 355 eOS,
1110 299 1183 353 qui
1222 298 1332 339 nihil
1362 298 1463 338 titu-

128 358 296 414 barunt,
327 358 398 399 sed
430 358 557 399 etiam
588 358 709 399 illum
733 359 885 413 ipsum,
917 358 989 412 qui
1015 358 1215 412 peccavit,
1247 356 1462 398 Catonem.

93 435 109 459 5
128 415 239 458 Nam
269 431 347 458 nos
378 417 557 472 quidem,
590 417 625 458 si
650 431 724 471 per
749 417 880 458 istum
904 420 1027 457 tuum
1053 416 1238 457 sodalem
1262 415 1463 456 Publium

129 475 291 531 licebit,
323 476 601 529 σοφιστεύειν
633 476 886 530 cogitamus,
923 476 958 516 si
990 475 1061 516 ille
1093 475 1252 530 cogitat
1284 477 1464 527 tantum,

128 533 348 575 dumtaxat
377 548 456 575 nos
489 534 724 589 defendere,
761 537 820 590 et,
857 534 969 588 quod
1007 537 1071 575 est
1108 533 1328 588 proprium
1361 532 1464 574 artis

127 592 266 648 huius,
297 592 614 647 ἐπαγγέλλομαι

187 685 329 741 (ἄνδρ’
365 686 686 741 ἀπαμύνεσθαι,
718 687 787 728 ὅτε
819 703 884 736 τις
916 688 1126 742 πρότερος
1157 684 1402 741 χαλεπήνῃ.’

76 798 109 822 10
128 780 272 821 Patria
302 780 489 834 propitia
520 780 586 821 sit.
646 780 787 821 Habet
820 795 843 820 a
875 780 1011 834 nobis,
1042 779 1208 820 etiamsi
1239 793 1326 820 11011
1356 778 1464 833 plus,

130 854 255 893 quam
294 839 482 879 debitum
521 842 602 893 est,
639 839 734 893 plus
768 842 896 893 certe,
934 853 1060 893 quam
1091 838 1356 892 postulatum
1388 840 1464 878 est.

129 897 240 938 Male
282 897 378 938 vehi
417 897 527 938 malo
573 898 654 938 alio
693 898 956 952 gubernante
995 912 1122 951 quam
1159 899 1247 938 tam
1282 896 1462 952 ingratis

128 956 369 997 vectoribus
389 956 494 997 bene
514 956 759 1011 gubernare.
803 955 884 997 Sed
909 956 1011 997 haec
1031 970 1171 996 coram
1192 955 1462 996 commodius.
1486 1006 1494 1010 μ

217 1013 340 1055 Ν11110
366 1014 474 1069 audi,
507 1015 618 1069 quod
644 1014 821 1069 quaeris.
865 1013 1044 1055 Antium
1069 1029 1135 1055 me
1161 1028 1211 1055 ex
1236 1013 1462 1055 Formiano

78 1091 109 1116 15
128 1073 312 1127 recipere
338 1073 478 1128 cogito
507 1088 540 1114 a.
567 1073 603 1114 d.
629 1085 659 1114 V
684 1072 830 1114 Nonas
860 1072 1014 1127 Maias3
1046 1073 1177 1114 Antio
1202 1073 1299 1114 volo
1327 1071 1463 1113 Nonis

129 1131 254 1173 Maiis
285 1132 495 1186 proficisci
525 1132 570 1172 in
596 1132 892 1173 Tusculanum.
944 1129 1037 1186 Sed,
1068 1146 1161 1172 011111
1191 1146 1212 1172 0
1238 1130 1463 1172 Formiano

128 1191 290 1231 rediero
323 1189 403 1246 (ibi
435 1205 525 1231 esse
556 1205 688 1244 usque
721 1190 772 1231 ad
804 1205 865 1244 pr.
897 1189 948 1231 K.
981 1190 1115 1231 Maias
1147 1189 1283 1246 volo),
1314 1190 1465 1230 faciam

130 1249 275 1290 statim
311 1251 354 1289 te
391 1249 622 1290 certiorem.
690 1248 887 1289 Terentia
930 1249 1009 1290 tibi
1048 1248 1246 1304 salutem,
1283 1248 1353 1290 καὶ
1386 1250 1465 1289 Κι-

128 1307 269 1363 κέρων
301 1307 322 1349 ὁ
355 1308 506 1362 μικρὸς
538 1307 768 1358 ἀσπάζεται
805 1310 934 1349 Τίτον
959 1307 1208 1361 Ἀθηναῖον,

78 1490 111 1514 20
773 1471 823 1513 X.

313 1550 386 1585 Ser.
413 1551 453 1584 in
477 1550 579 1594 Appi
604 1551 702 1585 Foro
728 1551 818 1585 XII
838 1552 886 1586 K.
913 1552 1004 1596 Apr,
1032 1564 1064 1586 a.
1093 1555 1164 1587 695
1191 1555 1282 1596 (59).

554 1632 722 1668 CICERO
749 1633 921 1668 ATTICO
949 1633 1045 1668 SAL.

219 1703 330 1745 Volo
357 1718 469 1745 ames
489 1719 624 1745 meam
645 1706 939 1747 constantiam.
986 1705 1127 1746 Ludos
1147 1705 1252 1746 Anti
1279 1708 1465 1759 spectare

133 1777 218 1804 non
249 1763 402 1817 placet,
438 1765 501 1803 est
533 1763 644 1803 enim
674 1763 981 1817 ὑποσόλοικον,
1015 1779 1142 1818 (1110111
1173 1765 1299 1805 velim
1331 1764 1465 1805 vitare

80 1838 114 1863 25
134 1821 321 1862 omnium
350 1821 592 1862 deliciarum
619 1821 913 1878 suspicionem,
943 1825 1114 1876 repente
1141 1822 1465 1876 ἀναφαίνεσθαι

134 1893 218 1920 11011
256 1879 393 1920 solum
430 1879 620 1933 delicate,
659 1880 732 1920 sed
769 1880 897 1921 etiam
935 1881 1075 1934 inepte
1113 1881 1464 1934 peregrinantem.

136 1936 272 1986 Quare
290 1952 425 1992 usque
445 1938 497 1978 ad
515 1936 661 1978 Nonas
682 1937 816 1979 Maias
837 1942 879 1979 te
897 1939 942 1979 in
955 1939 1180 1980 Formiano
1201 1940 1463 1992 exspectabo.

134 1994 259 2036 Nunc
289 1997 354 2037 fac
384 1999 432 2037 ut
461 1996 601 2051 sciam,
634 2011 718 2050 quo
746 1997 811 2038 die
836 2000 877 2038 te
904 1998 1037 2038 visuri
1065 1998 1207 2038 simus.
1256 1997 1325 2037 Ab
1351 1997 1465 2051 Appi

135 2053 244 2095 Foro
274 2053 379 2095 hora
410 2058 571 2109 quarta.
632 2054 839 2096 Dederam
878 2056 1003 2096 aliam
1034 2055 1159 2109 paulo
1193 2058 1290 2096 ante
1321 2070 1344 2096 a
1375 2056 1464 2097 Tri-

83 2130 116 2154 30
135 2112 214 2153 bus
246 2111 460 2155 Tabernis.
