1665 2553
367 67 706 103 EPISTULARUM
732 67 796 102 AD
824 66 1040 102 ATTICUM
1065 67 1116 101 VI
1142 72 1172 102 1.
1333 68 1415 108 163

77 166 166 206 sine
197 167 369 218 peccato
402 179 496 205 meo
528 164 616 205 fiat.
676 162 819 218 Igitur
849 178 944 204 meo
978 163 1145 204 decreto
1179 163 1319 204 soluta
1349 177 1415 204 res

77 223 246 277 Scaptio
287 226 383 264 stat.
446 222 581 271 Quam
619 223 662 263 id
701 225 863 263 rectum
902 223 981 275 sit,
1018 225 1066 262 tu
1098 222 1321 276 iudicabis3
1364 236 1416 262 ne

76 282 127 323 ad
158 281 363 324 Catonem
403 282 570 336 quidem
608 281 861 335 provocabo.
930 279 1011 322 Sed
1048 281 1137 322 noli
1168 295 1235 321 me
1266 283 1415 334 putare

77 341 391 395 ἐγκελεύσματα
417 341 491 381 illa
518 343 592 381 tua
619 340 835 393 abiecisse,
863 354 969 393 quae
995 339 1097 380 mihi
1120 340 1164 380 in
1183 339 1415 380 visceribus

40 416 55 442 5
74 400 260 441 haerent.
315 398 441 440 Flens
473 399 578 440 mihi
609 413 744 439 meam
773 399 930 439 famam
957 398 1277 452 commendasti3
1310 412 1416 452 quae

76 459 258 512 epistula
283 461 358 498 tua
383 461 461 512 est,
480 458 526 498 in
552 472 635 512 qua
653 471 737 499 non
757 458 844 498 eius
863 457 1122 498 mentionem
1140 457 1300 498 facias?
1332 456 1416 498 Ita-

77 531 157 571 que
182 517 401 570 irascatur,
429 517 502 570 qui
527 516 661 571 volet3
687 516 836 570 patiar.
876 515 953 557 ‘To
980 517 1062 569 γὰρ
1091 512 1138 556 εὖ
1163 514 1246 570 μετ’
1275 515 1416 569 ἑμοῦ’,

76 576 326 630 praesertim
359 590 453 616 cum
487 590 559 616 sex
587 575 710 615 libris
736 577 954 628 tamquam
978 574 1208 629 praedibus
1233 588 1300 615 me
1326 574 1417 628 ipse

78 634 396 689 obstrinxerim,
428 648 534 688 quos
566 633 645 674 tibi
678 636 766 674 tam
798 633 919 674 valde
950 633 1123 687 probari
1155 633 1327 688 gaudeo.
1377 632 1414 673 E

23 710 56 735 ιο
77 693 231 747 quibus
272 708 403 734 unum
450 694 671 747 ἱστορικὸν
701 692 884 746 requiris
917 692 965 732 de
998 690 1070 733 Cn.
1098 691 1262 746 Flavio,
1300 690 1416 732 Anni

76 752 175 793 filio.
238 750 316 793 Ille
347 766 446 792 vero
481 754 578 792 ante
610 751 866 792 decemviros
895 764 983 791 non
1013 751 1116 805 fuit,
1154 751 1310 805 quippe
1343 750 1415 804 qui

76 811 223 851 aedilis
250 810 407 851 curulis
433 810 575 864 fuerit,
601 809 674 864 qui
698 809 977 864 magistratus
1003 809 1151 850 multis
1178 810 1298 850 annis
1317 811 1415 863 post

76 869 333 910 decemviros
371 869 596 909 institutus
637 871 710 909 est.
776 868 885 916 Quid
923 882 1023 922 ergo
1061 868 1262 922 profecit,
1303 868 1416 921 quod

76 928 257 982 protulit
294 927 461 968 fastos?
512 925 774 968 Occultatam
812 929 966 980 putant
1008 927 1190 980 quodam
1226 929 1416 980 tempore

22 1003 56 1029 15
76 987 204 1027 istam
243 986 451 1041 tabulam,
494 988 542 1026 ut
586 985 673 1026 dies
716 985 867 1039 agendi
910 988 1154 1039 peterentur
1195 1000 1218 1025 a
1258 985 1414 1039 paucis.

76 1044 165 1086 Nec
207 1059 306 1086 vero
349 1044 473 1098 pauci
517 1047 616 1085 sunt
660 1047 851 1085 auctores
896 1042 970 1084 Cn.
1001 1043 1195 1085 Flavium
1233 1043 1415 1084 scribam

75 1104 210 1145 fastos
241 1104 470 1157 protulisse
503 1103 772 1156 actionesque
804 1103 1111 1158 composuisse7
1153 1116 1206 1143 ne
1237 1116 1305 1142 me
1335 1102 1415 1143 hoc

75 1162 142 1203 vel
180 1162 323 1216 potius
355 1161 604 1202 Africanum
643 1160 704 1216 (is
737 1161 849 1202 enim
879 1159 1096 1217 loquitur)
1130 1163 1415 1201 commentum

75 1223 211 1275 putes.
277 1220 368 1262 Οὐκ
407 1219 543 1262 ἔλαθέ
581 1231 627 1261 σε
664 1220 770 1260 illud
807 1220 857 1260 de
899 1222 1022 1274 gestu
1053 1219 1289 1261 histrionis.
1350 1218 1415 1260 Tu

27 1297 61 1321 ρο
82 1279 253 1320 sceleste
286 1279 527 1334 suspicaris,
559 1292 636 1333 ego
670 1278 841 1332 ἀφελῶς
874 1278 1034 1332 scripsi.
1095 1277 1159 1319 De
1189 1293 1255 1319 me
1286 1278 1415 1332 impe-

76 1340 216 1379 ratore
261 1338 410 1378 scribis
453 1340 496 1378 te
535 1351 584 1377 ex
621 1336 844 1378 Philotimi
880 1337 1038 1378 litteris
1078 1350 1299 1391 cognosse3
1343 1337 1416 1377 sed

78 1396 199 1437 credo
231 1398 286 1449 te⁷
316 1396 402 1436 iam
432 1395 477 1436 in
501 1395 635 1450 Epiro
669 1410 763 1436 cum
796 1410 920 1450 esses,
951 1395 1074 1436 binas
1106 1409 1220 1436 meas
1253 1395 1302 1436 de
1329 1409 1415 1436 om—

75 1454 203 1496 nibus
228 1454 355 1495 rebus
383 1454 601 1508 accepisse,
632 1468 738 1495 unas
765 1469 788 1495 a
813 1453 1064 1495 Pindenisso
1090 1457 1228 1508 capto,
1261 1454 1415 1494 alteras

76 1512 295 1568 Laodicea,
325 1515 528 1567 utrasque
558 1512 644 1553 tuis
668 1513 811 1566 pueris
839 1513 970 1554 datas.
1022 1511 1185 1561 Quibus
1212 1513 1260 1553 de
1287 1512 1414 1553 rebus

24 1588 57 1614 25
77 1574 251 1625 propter
295 1586 439 1612 casum
481 1571 709 1626 navigandi
756 1586 830 1625 pcr
869 1571 993 1612 binos
1031 1571 1278 1612 tabellarios
1315 1571 1414 1612 misi

78 1629 259 1671 Romam
290 1629 458 1684 publice
488 1630 665 1671 litteras.

169 1689 231 1730 De
259 1688 397 1729 Tullia
428 1702 521 1729 mea
552 1688 634 1728 tibi
666 1688 881 1729 adsentior
915 1687 1148 1741 scripsique
1181 1687 1231 1728 ad
1258 1702 1349 1728 eam
1375 1690 1414 1728 et

80 1747 130 1788 ad
155 1747 398 1788 Terentiam
430 1746 535 1787 mihi
566 1746 740 1800 placere.
791 1746 856 1787 Tu
889 1747 999 1787 enim
1032 1746 1083 1786 ad
1113 1760 1178 1786 me
1207 1746 1292 1786 iam
1318 1749 1415 1786 ante

81 1806 324 1860 scripseras:
369 1805 451 1846 ‘Ac
489 1805 669 1845 vellem
707 1807 754 1845 te
792 1805 842 1845 in
879 1807 1019 1845 tuum
1056 1807 1276 1844 veterem
1307 1818 1414 1858 gre-

26 1881 60 1906 30
80 1878 185 1918 gem
215 1864 544 1905 rettulisses.’
603 1862 802 1904 Cori-ecta
828 1877 925 1903 vero
954 1862 1135 1916 epistula
1160 1862 1416 1903 Memmiana

79 1922 188 1962 nihil
223 1923 386 1977 negotii
422 1923 523 1977 fuit3
566 1922 701 1962 multo
741 1922 851 1962 enim
882 1921 993 1962 malo
1025 1920 1137 1961 hunc
1164 1936 1186 1961 a
1217 1920 1415 1962 Pontidia

84 1995 210 2034 quam
241 1982 361 2022 illum
394 1997 416 2022 a
450 1980 638 2022 Servilia.
697 1980 832 2028 Quare
864 1980 1066 2034 adiunges
1097 1979 1312 2020 Saufeium
1342 1994 1414 2021 no-

84 2043 231 2093 strum,
260 2039 475 2081 hominem
503 2054 666 2093 semper
694 2042 903 2079 amantem
930 2039 1026 2093 mei,
1050 2052 1174 2092 nunc,
1205 2039 1340 2093 credo7
1365 2053 1412 2079 eo

80 2098 237 2152 magis,
278 2098 391 2151 quod
434 2098 558 2139 debet
596 2098 723 2138 etiam
761 2098 905 2138 fratris
944 2096 1057 2150 Appi
1091 2110 1274 2137 amorem
1314 2111 1414 2151 erga

27 2172 60 2198 35
80 2171 145 2197 me
196 2170 290 2196 cum
332 2157 493 2210 reliqua
533 2156 768 2197 hereditate
811 2155 1009 2209 crevisse3
1061 2155 1133 2208 qui
1177 2155 1413 2209 declaravit,

82 2215 229 2268 quanti
267 2229 333 2255 me
373 2215 545 2269 faceret,
583 2230 677 2256 cum
709 2229 831 2268 saepe
863 2216 954 2254 tum
986 2213 1030 2253 in
1061 2212 1206 2254 Bursa.
1268 2212 1334 2255 Ne
1366 2217 1414 2255 tu

80 2288 145 2314 me
178 2273 459 2314 sollicitudine
490 2288 643 2327 magna
673 2273 876 2314 liberaris,

1135 2341 1201 2374 11*

1442 1699 1485 1729 10
