1665 2553
376 97 715 132 EPISTULARUM
740 97 804 132 AD
831 96 1046 132 ATTICUM
1072 97 1105 131 II
1132 102 1162 141 1,
1191 101 1220 131 -2,
1415 97 1471 137 43

215 194 428 236 Favonius
459 208 597 235 meam
622 194 785 235 tribum
811 193 911 234 tulit
938 193 1158 235 honestius
1186 207 1313 247 quam
1341 207 1472 247 suam,
1500 204 1520 234 9

127 253 280 295 Luccei
317 253 511 307 perdidit.
560 252 790 294 Accusavit
819 251 1021 294 Nasicam
1052 252 1276 293 inhoneste
1308 266 1355 293 ac
1386 266 1474 293 mo-

130 313 246 354 deste
288 314 440 353 tamen.
514 311 636 353 Dixit
679 311 758 365 ita,
807 313 854 352 ut
898 311 1040 352 Rhodi
1082 311 1297 351 videretur
1346 310 1473 352 molis

129 371 274 425 potius
307 385 434 425 quam
464 370 628 413 Moloni
661 384 831 425 operam
864 370 1039 411 dedisse.
1101 369 1228 423 Mihi,
1262 369 1377 423 quod
1408 369 1474 410 de-

93 448 109 472 5
129 430 368 484 fendissem,
392 429 543 471 leviter
569 429 817 470 suscensuit.
867 427 993 470 Nunc
1018 432 1160 470 tamen
1185 428 1293 483 petit
1318 428 1475 469 iterum

130 489 190 530 rei
227 488 421 543 publicae
459 503 594 529 causa.
663 487 865 529 Lucceius
905 488 1008 542 quid
1045 490 1160 543 agat,
1203 487 1385 528 scribam
1423 486 1475 528 ad

129 550 189 602 te,
233 562 328 589 cum
371 547 591 589 Caesarem
634 547 798 602 videro,
842 547 914 600 qui
960 547 1094 587 aderit
1137 546 1280 587 biduo.
1353 545 1476 594 Quod
1491 556 1533 586 10

131 605 319 660 Sicyonii
357 609 399 647 te
435 607 626 659 laedunt,
666 604 818 647 Catoni
857 608 898 646 et
936 605 1025 646 eius
1065 605 1317 646 aemulatori
1355 604 1475 646 attri-

130 666 226 706 buis
249 664 438 707 Servilio.
487 664 624 713 Quid?
658 679 705 705 ea
736 665 861 719 plaga
891 678 1032 705 nonne
1064 664 1116 705 ad
1147 664 1306 705 multos
1338 663 1474 704 bonos

78 741 111 766 ιο
131 725 244 766 viros
276 724 489 778 pertinet?
553 722 652 776 Sed,
691 723 727 764 si
757 723 817 764 ita
849 723 1019 777 placuit,
1050 722 1288 777 laudemus,
1328 722 1476 763 deinde

131 784 176 824 in
209 782 537 824 discessionibus
571 782 651 823 soli
681 782 999 835 relinquamur?

220 841 447 883 Amalthea
478 855 570 882 mea
601 844 644 881 te
677 843 891 894 exspectat
925 843 965 881 et
996 840 1160 895 indiget
1191 840 1266 881 tui.
1317 839 1533 881 Tuscuffl

130 901 275 942 lanum
309 903 351 941 et
381 899 685 954 Pompeianum
718 899 838 940 valde
875 913 942 940 me
975 899 1202 953 delectant,
1239 898 1324 939 nisi
1362 898 1476 952 quod

132 974 211 1012 me,
240 959 363 1000 illum
394 959 535 1012 ipsum
560 958 767 999 vindicem
794 957 902 999 aeris
929 958 1066 1012 alieni,
1099 971 1193 998 aere
1218 972 1305 998 non
1330 955 1495 1005 Corin,

80 1035 112 1060 15
134 1018 237 1072 thio,
269 1017 342 1058 sed
371 1016 452 1059 hoc
484 1017 815 1058 circumforaneo
848 1016 1094 1058 obruerunt.
1144 1015 1195 1057 In
1223 1014 1360 1057 Gallia
1387 1029 1476 1069 spe-

132 1091 274 1118 ramus
307 1090 397 1117 esse
429 1076 574 1117 otium.
635 1075 915 1131 Prognostica
947 1089 1039 1116 mea
1072 1090 1168 1116 cum
1198 1074 1475 1116 oratiunculis

132 1150 263 1190 prope
296 1135 405 1176 diem
432 1136 626 1188 exspecta
653 1137 693 1175 et
717 1137 872 1188 tamen,
905 1135 1008 1188 quid
1033 1134 1195 1188 cogites
1223 1134 1272 1174 de
1293 1133 1476 1174 adventu

132 1198 226 1249 tuo,
270 1194 406 1235 scribe
449 1194 502 1234 ad
542 1208 632 1234 nos,
706 1192 818 1233 Nam
861 1193 966 1233 mihi
1008 1192 1244 1247 Pomponia
1286 1191 1476 1232 nuntiari

132 1253 259 1294 iussit
283 1255 326 1293 te
353 1266 498 1294 mense
524 1251 703 1300 Quintili
728 1252 889 1293 Romae
914 1252 1015 1293 fore.
1065 1251 1115 1292 Id
1140 1266 1163 1291 a
1189 1252 1274 1291 tuis
1307 1250 1475 1305 litteris,

80 1329 114 1354 20
135 1326 240 1366 quas
273 1311 326 1352 ad
355 1325 422 1352 me
453 1311 503 1352 de
535 1325 662 1352 censu
694 1314 769 1352 tuo
801 1310 989 1366 miseras,
1022 1309 1297 1363 discrepabat.

221 1370 387 1424 Paetus,
419 1372 466 1410 ut
498 1372 621 1410 antea
652 1369 705 1411 ad
735 1372 778 1410 te
810 1369 976 1423 scripsi,
1009 1383 1153 1410 omnes
1185 1368 1337 1424 libros,
1370 1382 1476 1422 quos
1492 1380 1535 1410 12

134 1430 266 1469 frater
292 1442 393 1469 suus
419 1428 675 1483 reliquisset,
698 1428 804 1469 mihi
826 1428 1008 1468 donavit.
1060 1427 1154 1469 Hoc
1179 1427 1295 1468 illius
1322 1441 1476 1468 munus

136 1488 180 1528 in
210 1490 284 1528 tua
316 1487 536 1542 diligentia
567 1487 756 1540 positum
788 1490 863 1528 est.
926 1485 971 1528 Si
1002 1500 1070 1527 me
1102 1500 1236 1540 amas,
1272 1500 1388 1540 cura,
1430 1489 1478 1526 ut

136 1548 437 1588 conserventur
480 1548 521 1586 et
566 1546 618 1586 ad
659 1560 727 1587 me
769 1545 1053 1599 perferantur,
1097 1544 1178 1586 hoc
1220 1544 1328 1585 mihi
1369 1543 1479 1585 nihil

82 1620 116 1647 25
135 1606 279 1659 potest
311 1618 401 1645 esse
438 1604 613 1659 gratius.
674 1603 732 1645 Et
771 1618 865 1645 cum
898 1602 1079 1645 Graecos
1118 1607 1211 1644 tum
1248 1617 1347 1644 vero
1388 1603 1479 1643 dili-

136 1666 283 1719 genter
322 1662 498 1704 Latinos
542 1665 590 1703 ut
628 1677 848 1704 conserves
887 1662 1024 1704 velim.
1093 1662 1232 1703 Tuum
1270 1675 1361 1703 esse
1397 1661 1479 1702 hoc

135 1722 435 1763 munusculum
467 1721 638 1775 putabo.
688 1721 757 1762 Ad
782 1720 1006 1763 Octavium
1039 1720 1133 1761 dedi
1165 1721 1351 1774 litteras,
1383 1734 1479 1760 cum

136 1781 228 1835 ipso
260 1780 369 1821 nihil
401 1794 515 1820 eram
545 1779 732 1834 locutus,
769 1793 906 1834 neque
945 1780 1056 1820 enim
1087 1780 1169 1820 ista
1200 1781 1275 1819 tua
1305 1778 1479 1833 negotia

136 1839 412 1892 provincialia
457 1851 548 1880 esse
590 1838 795 1892 putabam
838 1851 974 1891 neque
1011 1840 1054 1878 te
1090 1838 1133 1878 in
1171 1836 1478 1878 tocullionibus

85 1914 118 1940 30
137 1897 358 1939 habebam.
422 1895 505 1938 Sed
537 1896 700 1952 scripsi,
732 1899 779 1937 ut
812 1896 948 1950 debui,
982 1896 1218 1951 diligenter.

784 2012 836 2054 H.

303 2093 376 2129 Ser.
404 2094 452 2128 ad
477 2094 601 2128 villam
628 2105 671 2128 m.
698 2093 798 2136 Dec„
824 2098 864 2128 ut
888 2093 1040 2135 videtur,
1067 2104 1098 2126 α.
1128 2094 1199 2127 694
1220 2094 1311 2135 (60).

562 2174 729 2211 CICERO
756 2173 929 2209 ATTICO
958 2173 1055 2208 SAL.

229 2245 350 2301 Cura,
382 2247 531 2289 amabo
557 2250 611 2301 te,
645 2247 888 2288 Ciceronem
913 2248 1118 2287 nostrum.
1180 2245 1235 2287 Ei
1266 2259 1344 2287 nos
1377 2257 1480 2288 συν-
1507 2256 1525 2287 1

87 2321 120 2347 35
143 2312 288 2347 νοσεῖν
318 2305 520 2346 videmur.
583 2308 873 2359 Πελληναίων
904 2305 949 2345 in
979 2305 1175 2345 manibus
1207 2304 1404 2345 tenebam
1437 2307 1478 2344 et
1506 2315 1525 2345 2
