1665 2553
660 109 698 143 P.
720 112 916 143 399—404.
1321 107 1449 142 CXVII

109 202 190 236 fals.
216 201 368 246 Tyr-rell.
390 222 436 227 —-
456 205 498 235 35
520 202 568 236 iis
586 201 772 245 Wesenb,
792 201 895 236 Boot.
923 201 981 236 Ad
1000 213 1034 246 p.
1050 205 1104 235 37.
1122 205 1175 235 37.
1215 203 1226 246 ΙΙ
1262 201 1307 236 P.
1323 200 1412 235 403.
1430 205 1447 235 1

109 249 229 293 Epist.
256 249 366 283 XIV.
407 248 536 292 Script.
563 249 604 282 in
622 250 800 293 Arpinati
823 260 938 284 mense
964 250 1075 283 Iunio
1100 261 1133 283 a.
1156 251 1227 283 709
1254 248 1335 282 edd.
1364 250 1449 281 ante

110 295 356 330 Schmidtium
376 297 414 329 et
433 295 665 339 TyrreHium,
692 308 722 330 v,
740 296 787 329 ad
812 307 846 339 p.
862 300 940 329 402.
959 299 1012 329 12.
1034 317 1080 321 —
1098 295 1149 329 Ib.
1165 296 1302 330 coheres
1320 299 1450 337 noster,

109 344 253 386 scripsit
278 343 326 377 ad
352 354 403 376 me
428 343 525 383 velle,
544 344 576 376 si
594 343 683 376 mihi
697 343 855 387 placeret
874 344 885 386 <j
891 344 1035 387 placet),
1060 343 1242 377 coheredes
1259 353 1294 377 se
1313 346 1345 376 et
1364 342 1450 385 (sed)

110 400 129 424 e
156 388 252 424 Crat.
279 391 317 423 et
340 389 432 423 Iens.
459 391 560 431 vett,
586 389 770 432 Wesenb,
792 390 915 424 birmii
940 390 1094 434 (Brinni
1121 388 1160 433 C)
1187 390 1334 424 libertus
1359 400 1449 423 com-

109 437 205 471 heres
236 437 290 470 ait
313 438 416 479 (corr.
445 446 489 469 ex
513 439 557 479 et)
583 437 750 471 sabinum
774 436 830 479 M,
856 437 1036 471 coheredes
1061 437 1115 470 ait
1140 440 1171 470 et
1196 436 1372 471 Sabinum
1391 435 1448 469 Fr.

110 483 318 517 Hofmanno
357 485 506 517 auctore
537 483 681 526 Baiter,
716 483 825 526 Boot,
860 482 1044 522 Schmidt,
1077 483 1238 527 Tyr-rell,
1271 483 1332 516 hic
1365 482 1448 516 secl.

110 531 247 565 coheres
266 551 309 555 —
326 531 492 573 placeret.
543 529 762 564 Dubitarem
781 530 950 573 fortasse,
971 530 1003 564 si
1023 530 1061 563 M
1079 530 1234 564 haberet
1253 530 1451 564 coheredes

111 579 149 611 et
173 578 248 612 ait.
304 576 412 611 Nunc
436 588 509 611 non
534 588 685 621 possum
712 577 894 619 dubitare,
921 577 1010 620 quin
1035 577 1210 611 librarius
1236 579 1277 610 ut
1303 576 1449 610 miliens

111 624 226 658 oculis
261 623 306 657 ab
341 623 460 657 isdem
490 623 627 658 litteris
662 624 709 657 ad
741 624 890 658 easdem
922 624 1180 658 aberrantibus
1215 623 1326 657 verba
1352 623 1451 657 inter

110 672 247 706 coheres
280 672 317 704 et
348 671 528 705 coheredes
558 670 683 715 posita
713 671 947 715 praeterierit
978 673 1031 714 et,
1069 673 1111 704 ut
1146 671 1242 704 ratio
1282 673 1450 704 constare

110 717 309 759 videretur,
331 722 364 752 et
384 718 583 751 correxerit
601 718 639 751 in
660 718 721 751 ait.
758 717 830 751 Vix
849 718 1043 752 tolerabile
1060 718 1151 751 mihi
1170 718 1317 751 videtur
1336 717 1451 751 etiam

111 765 252 798 nudum
282 765 416 808 venire,
450 767 577 808 aptum
604 765 723 799 velle
753 766 881 803 renire,
906 764 992 798 fani.
1019 765 1051 798 X
1078 769 1223 798 24.4m.
1249 766 1326 799 sine
1351 775 1451 798 'mora

110 813 239 846 venire.
268 832 313 836 —
340 815 359 844 9
385 812 493 856 eyerit
513 810 650 845 Orellio
678 814 826 845 auctore
846 811 1031 852 Wesenb.,
1052 812 1146 845 Boot
1164 812 1222 855 (cf.
1244 824 1278 855 p.
1301 814 1378 844 400.
1396 815 1450 853 12,

111 862 244 901 4017,
270 861 385 891 4049
413 859 450 891 et
475 859 548 902 18),
582 859 649 893 erit
680 858 796 901 codd,
829 858 971 900 Baiter,
1004 858 1188 901 Schmidt,
1220 857 1372 902 Tyri-eli.
1406 878 1451 883 —

114 909 156 938 10
195 905 228 939 si
265 905 353 948 quid
383 905 450 939 erit
480 916 548 938 om.
578 908 643 938 Ac
676 905 879 949 (Lehmann
908 906 984 939 Att.
1011 917 1045 949 p.
1068 909 1128 947 26,
1157 909 1218 947 35,
1247 909 1330 945 134,
1358 905 1450 947 141),

114 951 281 985 Schmidt
312 951 406 984 mira
436 951 745 995 interpretatione
777 964 863 985 usus
895 964 930 996 p.
953 956 1020 985 320
1036 964 1084 994 n.,
1118 952 1183 986 sed
1217 951 1378 995 Tyressio
1407 951 1451 985 de

115 997 328 1031 ‘manifesta
353 998 655 1042 interpolatione'
682 998 855 1042 probans.
907 999 947 1032 V.
977 999 1116 1033 Gurlitt
1144 998 1293 1032 ‘Bel-lin.
1320 998 1449 1042 philol.

111 1044 389 1079 Wochenschr.'
420 1048 648 1079 13971107.
689 1066 732 1070 —
773 1049 922 1079 14—19
961 1045 1212 1089 superioribus
1249 1045 1452 1078 adnectunt
1496 1076 1504 1080 ,

113 1092 194 1125 edd.
235 1094 320 1125 ante
358 1091 604 1125 Schmidtium
642 1093 680 1126 et
709 1092 932 1136 Tyr-renium
958 1103 1012 1136 ep.
1036 1096 1119 1135 628,
1153 1092 1267 1126 etiam
1295 1091 1451 1126 Schiche

112 1138 230 1171 XVIII
253 1150 288 1182 p.
305 1142 382 1172 604.
410 1159 455 1164 —
481 1142 618 1172 20—26
632 1139 705 1182 Ep.
727 1139 809 1173 XV
824 1139 923 1183 apud
942 1139 1082 1183 priores
1104 1139 1191 1184 (Scr.
1212 1150 1327 1173 mense
1340 1139 1451 1173 Innio

112 1185 249 1225 Baiter,
280 1185 315 1219 V
337 1185 423 1219 Kal.
449 1185 588 1230 Qaiizct.
616 1185 819 1230 Wesenb.),
853 1186 1008 1220 Schiche
1033 1198 1067 1230 p.
1090 1189 1158 1220 604
1172 1197 1223 1229 sq.
1251 1186 1343 1219 haec
1370 1197 1452 1219 cum

114 1243 169 1276 ep.
191 1231 275 1265 XVI
307 1232 477 1266 conectit.
516 1253 562 1257 —
600 1236 641 1266 27
680 1245 710 1267 v.
751 1233 919 1267 Schmidt
942 1245 977 1277 p.
1000 1237 1084 1275 506,
1123 1232 1267 1277 Tyrrell
1296 1243 1350 1276 ep.
1373 1236 1450 1273 629,

114 1290 229 1313 ‘iriense
246 1279 357 1313 Iunio
377 1279 515 1321 Baiter,
535 1279 707 1313 Wesenb.
729 1301 774 1304 —
794 1283 837 1313 30
858 1281 1098 1314 solitudinem
1114 1281 1191 1321 ΛΣ,
1207 1279 1288 1313 edd.
1304 1282 1453 1323 praeter

113 1325 304 1368 Wesenb,
341 1327 552 1360 solitudines
584 1325 698 1369 Crat„
730 1326 875 1369 Lamb,
903 1327 1006 1361 codd.
1033 1326 1120 1360 Bosi
1147 1326 1348 1366 (Lehmann
1374 1327 1449 1359 Att.

113 1384 147 1416 p.
158 1372 482 1416 124),Wesenb.ut
497 1376 694 1407 370.11.—
708 1377 752 1407 34
761 1374 873 1408 sslodo
886 1373 1011 1418 potius
1026 1384 1138 1417 quam
1146 1374 1270 1407 Primo
1286 1373 1453 1406 Schmidt

116 1420 260 1452 ‘contra
285 1430 410 1453 omnes
436 1419 512 1453 fere
539 1420 698 1454 editores
718 1421 839 1454 tenuit
860 1432 943 1454 cum
963 1420 1099 1454 codicis
1120 1421 1171 1453 Μ’
1201 1420 1354 1463 (habent
1368 1421 1451 1461 ΔΣ;

114 1478 144 1499 v.
171 1465 362 1499 Lehmann
387 1466 463 1500 Att
490 1479 524 1510 p.
550 1469 627 1511 124)
667 1467 905 1501 ‘auctoritate
942 1470 1147 1511 permotus,
1179 1469 1259 1500 tum
1291 1467 1337 1500 iis
1371 1477 1452 1510 per-

114 1512 250 1556 pensis,
278 1523 373 1565 quae
392 1525 426 1556 p.
444 1517 486 1546 55
509 1515 547 1546 et
567 1517 633 1547 318
655 1514 700 1547 de
722 1514 952 1548 Academicis
971 1514 1246 1548 transformatis
1267 1514 1450 1558 exposuit'

115 1559 193 1603 <ubi
214 1559 338 1592 nihil'
328 1559 485 1601 invenio,
507 1560 606 1603 quod
626 1560 673 1593 ad
692 1561 789 1594 hanc
807 1571 885 1595 rem
904 1561 1116 1605 pertineat),
1139 1561 1197 1594 &cf
1220 1561 1325 1604 epist
1345 1564 1435 1594 233

116 1605 189 1649 (hic
213 1618 249 1649 p.
270 1610 348 1639 413.
370 1608 422 1650 2),
461 1608 497 1640 et
538 1607 725 1651 persuasit
762 1607 953 1651 Tyrrellio.
1016 1608 1058 1641 V.
1099 1607 1239 1641 Gurlitt
1272 1607 1455 1641 ‘Berliner

114 1652 242 1696 philol.
270 1652 546 1687 Wochenschr.'
577 1657 676 1687 1897.
706 1658 806 1688 1107.
851 1656 862 1698 Η
904 1655 950 1689 P.
971 1653 1061 1689 404.
1083 1659 1102 1689 6
1124 1653 1322 1699 Ἀντιοχεια
1348 1654 1451 1687 Boot

115 1699 174 1732 Ad
191 1711 227 1743 p.
241 1703 363 1741 4021,
386 1704 462 1734 150.
477 1704 507 1734 8.
523 1721 567 1725 —
583 1704 602 1734 S
622 1701 756 1735 hocine
775 1701 960 1744 WVesenb„
989 1701 1092 1735 Boot.
1134 1701 1193 1734 Ad
1205 1705 1326 1745 p.264.
1339 1704 1391 1733 33.
1408 1721 1454 1724 —

117 1749 136 1779 9
178 1746 275 1790 Quid
311 1746 490 1781 Servilia?
527 1749 565 1781 et
601 1759 635 1791 p.
656 1751 791 1781 408.15
834 1748 929 1792 Quid
967 1748 1085 1782 illud?
1123 1748 1204 1781 edd.
1264 1748 1323 1780 Ad
1361 1747 1451 1780 Sest.

114 1805 149 1836 p.
166 1796 288 1827 3326.
322 1814 366 1818 —-
401 1793 452 1827 Π).
480 1794 586 1828 etiam
610 1796 696 1838 post
721 1795 863 1829 Brutus
890 1795 973 1828 add.
1001 1795 1144 1838 Tyrrell
1168 1794 1317 1828 tacitus.
1339 1815 1383 1818 —
1410 1797 1454 1827 10

115 1839 216 1884 Ergo
241 1839 414 1874 Wesenb.
443 1850 572 1874 errore.
600 1862 645 1865 —
672 1845 716 1874 14
739 1853 768 1874 V.
792 1841 959 1875 Schmidt
978 1854 1011 1885 p
1034 1845 1113 1883 506,
1140 1841 1282 1885 Tyrrell
1303 1851 1358 1884 ep.
1375 1844 1453 1882 630,

115 1887 180 1920 IV
206 1887 292 1920 Kal.
328 1886 450 1931 Quint.
490 1886 645 1921 Schiche
688 1887 810 1921 Herm.
851 1888 934 1921 XIII
959 1900 993 1932 p.
1016 1892 1101 1930 614,
1145 1899 1259 1921 meme
1299 1887 1455 1931 Quintili

117 1932 253 1975 Baiter,
282 1933 337 1976 (V
359 1934 445 1968 Kal.
477 1934 634 1978 Quinct)
660 1934 833 1968 Wesenb.
861 1956 905 1959 —
932 1939 975 1968 16
1000 1935 1094 1969 novi.
1115 1935 1236 1978 Imper
1238 1945 1348 1968 assem
1368 1933 1403 1977 (i.
1423 1944 1453 1968 e.

118 1978 149 2012 si
175 1961 265 2022 quid
289 1980 374 2014 novi
399 1980 576 2022 venisset,
604 1981 648 2015 cf
675 1993 709 2025 p.
731 1986 808 2015 412
821 1985 843 2015 4
869 1982 1010 2023 scisses
1037 1981 1060 2015 1.
1082 1991 1110 2014 e.
1139 1981 1169 2014 si
1195 1991 1321 2014 verum
1346 1982 1454 2023 esset,

118 2026 216 2068 quod
241 2038 274 2070 p
296 2030 374 2060 411.
396 2031 441 2060 24
459 2009 642 2070 narratur,
664 2032 741 2062 436
765 2032 784 2062 2
804 2029 1016 2091 scripsisses)
1037 2039 1115 2069 scin,
1138 2038 1210 2061 non
1228 2028 1455 2071 imperassem

119 2072 235 2114 codd„
262 2084 344 2107 cum
370 2084 476 2108 cruce
501 2074 638 2117 Baiter,
665 2075 774 2118 Boot,
802 2075 866 2118 qui
893 2075 1010 2108 ‘valia
1034 2074 1243 2117 temptavit,
1270 2074 1336 2108 sed
1360 2074 1455 2107 nihil

118 2101 276 2161 invenit,
315 2120 413 2162 quod
451 2103 712 2163 satisfaceret,
743 2133 817 2156 nori
849 2133 916 2165 quo
952 2122 1179 2164 imperassem
1214 2122 1308 2156 tuis:
1341 2122 1456 2174 iyitur

119 2164 227 2208 Crat„
251 2165 391 2208 Lamb„
415 2167 547 2201 Bosius
574 2168 777 2211 (Lehmann
796 2169 872 2201 Att.
887 2180 922 2212 p
940 2170 1030 2208 124>
1057 2167 1242 2211 VVesenb,
1262 2168 1364 2210 ποι-ί,-
1389 2168 1454 2202 im-

112 2224 179 2256 pei
181 2223 274 2246 asses
298 2213 418 2247 vellem
443 2214 611 2248 Schmidt
634 2227 668 2259 p.
691 2219 771 2257 319,
797 2215 911 2248 etiam
936 2196 1067 2247 Philol.
1091 2218 1179 2248 1896
1205 2226 1239 2258 p.
1262 2218 1339 2257 716,
1366 2214 1456 2258 Tyr-

117 2259 186 2293 rell
217 2259 429 2302 deterrime,
460 2263 503 2294 ut
532 2261 625 2294 mihi
656 2261 817 2305 videtui,
855 2261 943 2295 Non
972 2261 1170 2304 impetravi.
1202 2262 1323 2306 Iyitur
1358 2272 1460 2295 riano

118 2306 238 2340 eadem
268 2306 355 2348 illa,
385 2326 431 2331 -
461 2308 494 2341 si
523 2308 666 2352 aliquid
696 2309 782 2353 eyit,
817 2308 905 2352 qaid
930 2308 1055 2352 eyerit,
1087 2312 1118 2342 et
1143 2309 1230 2352 quid
1255 2320 1278 2343 a
1306 2308 1460 2342 Caesare
