1665 2553
390 647 464 699 M.
503 647 754 700 TULLI
795 647 1252 702 CICERONIS

316 753 824 800 EPISTULARUM
868 754 958 800 AD
1003 754 1323 802 ATTICUM

460 847 884 898 LIBER'SEXTUS
916 856 1183 900 DECIMUS.

801 1043 832 1086 I.

113 1133 128 1158 5
325 1125 399 1160 Ser.
420 1126 460 1159 in
488 1125 688 1160 Puteolano
720 1125 825 1159 VIII
844 1126 900 1159 Id.
923 1125 1098 1170 Quinta.
1123 1129 1193 1160 710
1220 1129 1297 1170 (44)

572 1206 740 1241 CICERO
766 1206 939 1241 ATTICO
967 1206 1063 1241 SAL.

236 1278 373 1320 Nonis
407 1278 692 1328 Quinctilibus
723 1279 821 1320 veni
852 1279 897 1320 in
927 1278 1220 1321 Puteolanum.
1276 1280 1486 1322 Postridie
1514 1294 1531 1324 1

148 1338 238 1379 iens
271 1338 322 1378 ad
352 1337 534 1378 Brutum
566 1338 610 1378 in
641 1336 844 1378 Nesidem
874 1338 976 1378 haec
1009 1338 1170 1392 scripsi.
1222 1337 1303 1379 Sed
1334 1354 1381 1380 eo
1410 1340 1486 1394 die,

150 1411 232 1450 quo
258 1411 465 1449 veneram,
486 1396 652 1437 cenanti
676 1397 787 1437 Eros
813 1399 909 1437 tuas
935 1397 1112 1438 litteras.
1162 1397 1311 1439 Itane?
1348 1409 1485 1439 NONIS

96 1473 130 1497 10
149 1455 314 1496 IULIIS?
365 1454 421 1494 Di
450 1454 619 1495 hercule
650 1455 763 1495 istis!
816 1454 897 1495 Sed
929 1455 1185 1496 stomachari
1210 1459 1349 1497 totum
1376 1457 1486 1498 diem

149 1513 257 1554 licet.
309 1512 594 1566 Quicquamne
626 1513 793 1566 turpius
828 1528 953 1566 quam
979 1513 1114 1554 Bruto
1140 1515 1313 1555 IULIIS‘?
1345 1514 1485 1556 Redeo

150 1571 201 1612 ad
243 1586 382 1612 meum
425 1571 558 1626 igitur
602 1570 671 1612 ἔτ’
718 1571 874 1625 ἐῶμεν,·
867 1572 890 1593 ·’
940 1571 1062 1612 Nihil
1098 1572 1195 1613 vidi.
1265 1572 1346 1613 Sed
1387 1574 1487 1627 quid
1512 1586 1531 1615 2

150 1633 224 1684 est,
262 1644 436 1684 quaeso,
443 1605 590 1683 equod
631 1630 843 1684 agripetas
875 1629 1077 1671 Buthroti
1110 1631 1300 1672 concisos
1332 1632 1484 1673 ειηᾶ109

149 1664 259 1737 Quid
303 1691 445 1729 autem
482 1687 662 1728 Plancus
706 1691 794 1728 tam
841 1689 997 1729 cursim
1037 1687 1116 1744 (ita
1154 1690 1264 1730 enim
1302 1690 1485 1736 inaudie-

96 1764 129 1790 15
149 1746 265 1803 bam)
311 1747 421 1787 diem
465 1750 506 1787 et
549 1747 749 1787 noctem?
801 1745 908 1787 Sane
946 1747 1069 1800 cupio
1109 1748 1231 1802 scire,
1276 1748 1378 1801 quid
1418 1750 1483 1789 sit.

149 1805 287 1846 Meam
331 1805 635 1859 profectionem
677 1805 841 1846 laudari
885 1806 1057 1860 gaudeo.
1120 1805 1358 1847 Videndum
1409 1810 1485 1863 est,
1511 1820 1530 1849 3

148 1866 196 1904 ut
236 1864 399 1905 mansio
436 1864 641 1904 laudetur.
704 1863 917 1917 Dymaeos
955 1878 1056 1918 agro
1094 1864 1241 1917 pulsos
1279 1880 1393 1906 mare
1424 1866 1484 1906 in-

148 1922 304 1963 festum
335 1922 489 1963 habere
520 1922 582 1962 nil
613 1923 778 1963 mirum.
827 1921 898 1963 Ἐν
931 1922 1144 1978 ὁμοπλοίᾳ
1169 1922 1294 1963 Bruti
1319 1922 1484 1964 videtur

150 1981 309 2034 aliquid
334 1981 533 2034 praesidii
559 1996 660 2035 esse,
687 1981 769 2034 sed,
796 1981 959 2034 opinor,
984 1981 1147 2022 minuta
1172 1982 1352 2036 navigia.
1403 1981 1484 2023 Sed

96 2057 130 2081 20
149 2039 233 2079 iam
269 2039 398 2080 sciam
430 2042 471 2079 et
503 2039 554 2080 ad
585 2042 627 2080 te
659 2054 760 2080 cras.
821 2039 884 2080 De
915 2039 1115 2080 Ventidio
1148 2041 1335 2081 πανικὸν
1366 2044 1481 2094 puto,
1509 2053 1530 2083 4

148 2096 212 2137 De
256 2095 384 2138 Sexto
429 2112 504 2151 pro
544 2101 657 2138 certo
694 2098 932 2138 habebatur
968 2098 1063 2151 †ad
1100 2113 1224 2138 arma.
1287 2098 1407 2147 Quod
1447 2100 1484 2140 si

148 2169 293 2195 verum
331 2159 412 2210 est,
451 2156 539 2196 sine
578 2156 688 2196 bello
728 2156 841 2196 civili
879 2156 998 2196 video
1038 2156 1312 2197 serviendum.
1375 2156 1484 2206 Quid

149 2214 278 2267 ergo?
330 2214 386 2254 ad
419 2213 513 2254 Kal.
545 2213 629 2255 Ian.
663 2214 709 2254 in
746 2214 882 2255 Pansa
922 2215 1044 2267 spes?
1095 2217 1240 2269 Λῆρος
1271 2217 1408 2265 πολὺς
1439 2217 1484 2257 in

149 2272 247 2312 vino
281 2274 321 2312 et
352 2272 397 2312 in
430 2286 577 2313 somno
612 2273 801 2313 istorum.
