1665 2553
372 71 713 107 EPISTULARUM
737 71 801 105 AD
828 70 1042 105 ATTICUM
1068 70 1118 104 IX
1144 73 1245 104 2—3.
1398 68 1480 109 257

143 167 229 223 Sin,
260 182 355 209 cum
381 170 571 223 potuerO,
602 182 690 209 non
714 181 880 221 venero,
911 169 1003 207 tum
1030 166 1110 207 erit
1136 166 1345 219 inimicus,
1372 165 1484 218 quod

141 241 219 282 ego
250 241 337 268 non
368 241 416 267 eo
448 241 607 282 vereor,
637 241 690 268 ne
721 226 827 267 mihi
858 228 1007 266 noceat
1041 224 1163 281 (quid
1192 225 1304 265 enim
1330 224 1484 264 faciet?

218 309 312 357 (Τίς
345 307 381 350 δ’
422 308 511 350 ἐστὶ
544 309 704 358 δοῦλος
735 314 814 349 τοῦ
846 312 1005 348 θανεῖν
1038 308 1251 361 ἄφροντις
1283 304 1410 361 ὤν;’),

143 402 214 444 sed
247 403 346 457 quia
377 403 537 457 ingrati
569 402 697 443 animi
730 402 888 442 crimen
919 401 1085 442 horreo.
1143 398 1319 441 Confido
1352 399 1485 453 igitur

107 478 123 504 5
144 461 370 503 adventum
401 464 596 502 nostrum
622 461 698 514 illi,
726 475 895 514 quoquo
922 462 1114 513 tempore
1141 459 1281 512 fuerit,
1313 461 1361 499 ut
1388 458 1485 499 scri-

144 521 224 576 bis,
256 520 517 574 ἀσμενιστὸν
548 520 647 560 fore.
710 518 832 572 Nam,
864 518 976 572 quod
1009 518 1083 573 ais,
1116 518 1151 558 si
1181 518 1251 558 hic
1283 520 1485 571 tempera-

143 579 229 620 tius
272 579 422 633 egerit,
465 578 770 619 consideratius
810 577 1033 618 consilium
1078 580 1119 617 te
1151 576 1367 629 daturum,
1413 575 1486 629 qui

142 637 211 679 hie
242 640 384 691 potest
417 652 459 678 se
498 651 642 692 gerere
678 651 764 677 non
795 636 985 690 perdite?
1034 635 1155 691 Vita,
1191 649 1349 687 mores,
1388 637 1486 675 ante

142 697 271 750 facta,
309 696 418 737 ratio
453 696 636 750 suscepti
667 695 847 749 negotii,
881 695 996 749 socii,
1027 694 1137 735 vires
1171 694 1381 735 bonorum
1414 696 1486 733 aut

91 773 123 797 ιο
144 756 271 796 etiam
303 755 542 796 constantia
573 758 687 808 coyet.

231 814 418 854 Vixdum
451 813 677 867 epistulam
709 815 826 853 tuam
858 812 1056 866 legeram,
1088 826 1183 852 cum
1215 811 1266 851 ad
1298 825 1364 851 me
1396 825 1485 851 cur-

143 887 239 913 rens
278 872 328 913 ad
360 872 481 913 illuni
512 872 741 913 Postumus
775 870 948 912 Curtius
980 870 1096 911 venit
1127 869 1236 910 nihil
1268 870 1351 910 nisi
1384 869 1486 910 clas-

144 946 208 972 ses
240 931 418 985 loquens
452 933 493 972 et
520 931 740 971 exercitus.
791 929 1014 982 Eripiebat
1040 928 1282 982 Hispanias,
1315 927 1486 968 tenebat

144 989 310 1042 Asiam,
362 989 568 1044 Siciliam,
618 989 824 1040 Africam,
875 987 1130 1040 Sardiniam,
1175 987 1399 1028 confestim
1442 986 1513 1026 in*

92 1067 124 1091 π,
147 1047 364 1089 Graeciam
395 1048 737 1102 persequebatur.
791 1047 990 1087 Eundum
1021 1046 1154 1100 igitur
1186 1048 1262 1100 est,
1292 1060 1367 1086 nec
1399 1048 1487 1085 tam

146 1110 194 1148 ut
232 1107 334 1147 belli
373 1122 499 1160 quam
536 1109 584 1147 ut
616 1107 740 1160 fugae
774 1106 876 1146 socii
909 1105 1051 1145 simus·
1114 1103 1202 1144 Nec
1234 1104 1345 1144 enim
1377 1104 1486 1144 ferre

144 1168 293 1219 potero
333 1179 546 1206 sermones
585 1165 783 1217 istorum,
822 1163 1076 1218 quicumque
1109 1166 1225 1217 sunt,
1269 1177 1355 1203 non
1387 1165 1485 1203 sunt

145 1224 257 1265 enim
288 1226 411 1277 certe,
442 1227 490 1265 ut
523 1224 801 1277 appellantur,
834 1223 945 1263 boni.
999 1221 1079 1263 Sed
1110 1224 1253 1262 tamen
1278 1221 1320 1261 id
1346 1220 1486 1274 ipsum

146 1283 250 1324 scire
283 1283 424 1338 cupio,
466 1282 567 1336 quid
598 1282 840 1336 loquantur,
872 1281 996 1334 idque
1028 1283 1075 1321 ut
1109 1280 1305 1334 exquiras
1338 1294 1487 1333 meque

92 1360 126 1383 20
146 1341 367 1382 certiorem
391 1341 532 1395 facias,
564 1343 605 1381 te
634 1340 902 1382 vehementer
928 1353 1044 1393 rogo.
1094 1338 1185 1380 Nos
1213 1338 1360 1392 adhuc,
1387 1337 1487 1392 quid

144 1399 345 1441 Brundisi
384 1402 523 1441 actum
562 1402 689 1455 esset,
725 1399 849 1453 plane
885 1398 1186 1439 nesciebamus.
1250 1395 1357 1438 Cum
1390 1397 1487 1437 scie-

146 1472 260 1513 mus,
304 1461 396 1498 tum
435 1473 483 1499 ex
521 1472 566 1499 re
604 1460 645 1499 et
683 1472 733 1498 ex
770 1462 959 1511 tempore
998 1456 1224 1497 consilium
1261 1456 1488 1509 capiemus,

148 1517 220 1558 sed
251 1519 420 1557 utemur
450 1519 536 1557 tuo.

785 1631 858 1673 III.

94 1721 129 1746 25
399 1713 471 1747 Ser.
495 1712 654 1747 Formiis
687 1713 767 1746 VH
787 1712 844 1745 Id.
867 1712 978 1745 Mart.
1000 1723 1032 1745 α.
1057 1714 1127 1745 705
1153 1713 1242 1753 (49).

550 1793 740 1828 CICERO
764 1793 955 1827 ATTICO
981 1793 1088 1827 SAL.

237 1867 401 1907 Domiti
444 1866 557 1907 filius
601 1865 772 1906 transiit
815 1864 1005 1905 Formias
1049 1876 1131 1904 VIII
1174 1862 1273 1904 Idus
1319 1877 1488 1903 currens

151 1925 203 1966 ad
241 1928 419 1966 matrem
456 1924 682 1978 Neapolim
722 1923 910 1976 mihique
950 1922 1138 1963 nuntiari
1169 1922 1295 1962 iussit
1326 1924 1490 1975 patrem

152 1983 204 2023 ad
240 1984 387 2024 urbem
425 1998 533 2038 esse,
577 1997 671 2024 cum
709 1982 758 2022 de
796 1996 844 2022 eo
883 1982 1046 2022 curiose
1079 1981 1312 2034 quaesisset
1345 1994 1489 2020 servus

98 2059 133 2084 30
152 2044 297 2081 noster
334 2041 576 2096 Dionysius.
645 2040 736 2081 Nos
781 2043 922 2080 autem
960 2040 1224 2080 audieramus
1263 2053 1358 2079 eum
1396 2053 1489 2092 pro-

152 2100 309 2141 fectum
358 2100 444 2141 sive
495 2101 545 2141 ad
587 2098 836 2153 Pompeium
886 2099 972 2138 sive
1023 2098 1067 2138 in
1110 2097 1373 2151 Hispaniam.
1442 2095 1490 2137 Id

154 2158 271 2199 cuius
308 2158 422 2198 modi
461 2159 533 2212 sit,
572 2158 676 2199 scire
715 2171 812 2198 sane
850 2157 986 2197 velim.
1049 2155 1160 2196 Nam
1198 2155 1248 2196 ad
1280 2155 1339 2208 id,
1378 2155 1490 2209 quod

154 2217 357 2271 delibero,
394 2218 596 2271 pertinet,
636 2217 671 2257 si
702 2216 773 2256 ille
806 2218 916 2256 certe
948 2229 1157 2268 nusquam
1189 2213 1393 2268 discessit,
1430 2213 1489 2254 in-

153 2275 352 2330 tellegere
384 2274 575 2316 Gnaeum
605 2289 691 2316 non
724 2288 813 2315 esse
845 2273 987 2314 faciles
1019 2273 1143 2314 nobis
1177 2287 1226 2313 ex
1257 2272 1381 2313 Italia
1407 2272 1489 2312 exi-

224 2350 284 2376 Cic.
305 2350 390 2382 epist.
409 2351 448 2376 H.
1234 2345 1274 2374 17
