1689 2572
224 114 377 148 XXVIII
648 112 924 147 ADNOTATIO
951 111 1137 147 CRITICA

224 218 292 251 qno
310 208 388 251 ipso
409 207 511 241 codd.
526 209 674 252 praeter
693 207 731 240 M
751 207 902 251 (partim
920 208 1007 250 ipsa
1028 208 1092 240 aut
1111 207 1214 251 ipse),
1240 206 1425 250 VVesenb„
1451 206 1558 250 Boot,

224 254 423 296 Lehmann,
443 265 510 298 quo
525 255 615 298 ipsa,
631 254 695 288 sed
710 254 792 297 del,
807 254 855 295 M,
876 265 944 288 om.
961 253 1096 295 Baiter,
1112 264 1179 297 quo
1193 254 1271 297 ipso
1282 254 1404 288 multa.
1434 253 1558 288 Multa

224 300 375 344 Tyrrell.
403 322 448 326 —
475 305 516 334 17
544 301 625 335 Ast
656 301 758 334 codd.
787 302 865 344 (aut
889 300 947 343 Ν),
975 300 1040 334 sed.
1065 305 1179 335 astate
1205 299 1274 342 ΟΡ,
1301 300 1340 333 111
1365 300 1403 334 M
1427 310 1559 334 rasura

224 347 261 380 in
287 348 355 382 Ast
374 347 576 391 (Lehmann
602 347 732 391 epsel.
747 359 782 391 p.
800 350 891 389 240),
918 347 1054 389 Baiter,
1080 346 1234 391 Tyrrell,
1261 347 1459 381 Lehmann.
1498 346 1558 380 Ad

222 406 256 438 p.
279 398 332 428 25.
357 399 408 428 12.
430 415 475 420 —
494 394 544 428 Ib.
567 395 759 438 quondam
783 394 940 436 Ernesti,
968 394 1069 428 Boot.
1097 415 1142 418 —
1168 398 1209 427 31
1237 394 1276 428 id
1300 394 1413 438 qnod
1438 393 1557 437 Klotz,

225 441 408 475 Streicher
428 440 627 475 Comment.
653 441 793 475 Ienens.
808 440 857 474 ΠΙ
876 453 909 484 p.
927 445 992 474 139
1012 453 1045 474 11.
1063 444 1094 481 3,
1121 440 1274 484 Tyrrell,
1295 441 1420 484 idque
1440 440 1557 483 codd,

223 487 332 532 vulg,
359 488 457 531 quod
482 499 555 522 non
579 487 842 532 repudiassem,
869 487 941 521 nisi
966 487 1005 521 in
1026 487 1213 521 codicibus
1233 487 1326 521 nihil
1346 487 1422 521 fere
1442 487 1557 521 inter-

224 536 322 568 esset
351 534 448 568 inter
479 546 544 579 qne
578 537 614 568 et
647 535 740 579 quod
772 536 809 568 et
840 534 936 577 sim,
976 534 1076 568 velut
1107 545 1171 578 que
1204 534 1383 578 scriptum
1410 535 1467 568 est
1491 544 1557 578 pro

224 582 318 625 quod
351 593 385 625 p.
410 585 485 615 144.
510 585 563 624 16,
596 584 673 615 499.
697 585 751 623 22,
776 592 842 625 pro
869 592 938 625 qao
964 585 1040 615 254.
1063 585 1118 624 22,
1146 584 1222 614 257.
1245 585 1264 615 5
1293 582 1465 626 (quoque),
1491 591 1556 625 pro

224 639 289 662 eon
315 632 391 661 392.
416 632 474 669 14,
509 639 575 672 pro
602 629 664 673 qai
688 631 765 662 296.
790 632 843 671 18,
875 631 953 661 498.
977 631 1019 661 19
1047 629 1258 672 (ceteroque),
1285 628 1378 672 quod
1402 638 1468 672 pro
1496 628 1559 671 qui

224 677 315 718 (111.
339 677 407 719 24,)
439 678 516 708 221.
539 678 613 718 32,
633 675 720 718 qaid
750 686 816 718 pro
844 686 908 718 qne
936 678 1011 708 143.
1036 678 1094 717 19,
1129 676 1191 718 qni
1215 685 1280 718 pro
1308 686 1373 718 que
1400 677 1476 708 120.
1501 678 1556 717 12,

225 725 302 754 250.
325 725 384 764 16,
417 724 494 755 297.
518 725 571 763 17,
603 732 669 765 pro
696 733 785 765 quae
812 725 888 755 141.
911 725 954 755 35
981 723 1048 755 etc.
1097 719 1147 754 Cf.
1171 721 1219 754 ad
1243 733 1277 765 p.
1299 725 1353 755 40.
1376 724 1418 754 21
1442 722 1479 755 et
1499 724 1554 764 30,

223 767 316 801 Phil.
337 780 371 812 p.
393 772 471 801 473.
493 772 529 809 8;
556 768 654 801 infra
680 768 727 801 ad
751 780 785 812 p.
804 772 880 802 121.
897 772 949 802 21.
995 770 1005 812 Η
1048 768 1094 802 P.
1110 768 1173 802 89.
1191 772 1208 802 1
1236 768 1323 802 mire
1349 766 1434 801 Otto
1462 779 1553 801 mus,

224 814 337 847 Rhen.
357 818 446 849 1886
466 826 499 858 p.
517 818 594 857 366,
621 815 662 848 in
681 826 733 849 me
753 815 869 857 codd,
891 815 974 848 secl.
997 815 1134 858 Baiter,
1155 814 1258 857 Boot,
1279 814 1432 858 Tyrrell,
1453 824 1558 848 cruce

224 861 368 895 notavit
398 861 590 903 Wesenb.,
629 862 702 895 iam
739 861 948 903 Lehmann,
986 873 1119 896 summe
1158 863 1222 895 aut
1259 861 1427 895 acerrime
1464 861 1556 894 coni.

223 908 373 951 Kayser.
412 928 458 933 —
495 912 514 941 2
542 919 611 950 me,
643 919 753 950 meos,
784 920 861 942 mea
886 908 1077 941 Lehmann
1105 907 1379 942 ‘Woehensohr
1400 907 1424 941 f.
1445 907 1557 941 klass.

224 954 332 988 Phil.’
362 958 462 989 1897.
489 958 556 988 558
569 966 620 997 sq.
638 954 681 988 cf.
697 954 782 988 fam.
804 954 853 987 VI
874 958 893 988 3
909 966 975 997 ex,
996 954 1090 988 Phil.
1106 955 1138 987 11
1159 958 1212 988 28.
1228 958 1282 994 68,
1303 954 1363 988 hic
1381 966 1415 998 p.
1433 958 1486 988 86.
1504 958 1558 998 27,

224 1013 276 1035 me
294 1012 386 1036 meos
405 1013 457 1035 me
476 1013 506 1034 V.
521 1012 548 1035 c.
564 1001 745 1043 Lambini,
766 1002 834 1035 mei
853 1012 944 1035 meos
962 1002 1047 1035 meis
1066 1001 1153 1035 Bosi
1170 1001 1319 1044 ‘codd.',
1340 1012 1392 1035 me
1411 1002 1496 1035 meis
1509 1000 1558 1043 M,

226 1060 276 1082 me
302 1059 460 1091 meosque
484 1048 570 1082 meis
593 1058 707 1091 marg.
729 1047 783 1090 M,
815 1047 951 1089 Baiter,
984 1047 1169 1090 Wesenb.,
1197 1048 1300 1089 Boot,
1328 1047 1481 1090 Tyrrell,
1507 1058 1559 1081 me

224 1105 316 1129 meos
334 1094 523 1128 Lehmann
543 1104 597 1138 ep.
615 1094 677 1127 sel.
694 1094 709 1126 I
730 1097 782 1127 16.
804 1115 849 1119 —
876 1098 895 1127 9
922 1106 973 1129 me
994 1093 1100 1137 Crat,
1130 1094 1268 1137 Lamb,
1289 1093 1412 1136 Orelli,
1433 1094 1560 1127 Baiter

226 1143 378 1185 (tantum
403 1143 479 1184 me),
500 1140 699 1183 Lehmann,
726 1151 794 1174 om.
817 1141 933 1183 codd,
960 1141 1056 1185 vulg.
1100 1140 1138 1174 V.
1162 1141 1209 1174 ad
1234 1153 1267 1185 p.
1292 1145 1343 1174 11.
1369 1145 1422 1183 11,
1449 1144 1480 1174 8.
1504 1144 1557 1174 19.

224 1208 270 1213 —
289 1192 332 1221 26
359 1188 518 1231 aliquid
538 1187 720 1229 Wesenb.,
747 1187 850 1229 Boot,
877 1187 1019 1231 Tyrrell
1045 1198 1099 1231 ep.
1123 1192 1176 1229 74,
1203 1188 1289 1232 quid
1309 1187 1357 1230 M,
1384 1187 1449 1221 sed
1468 1199 1498 1221 v.
1515 1191 1558 1221 25

225 1235 405 1268 datarum.
426 1245 510 1267 nam
538 1234 641 1267 aliud
667 1235 808 1277 aliquid
833 1234 895 1278 (ad
920 1246 953 1278 p.
977 1238 1030 1268 24.
1047 1238 1092 1277 8),
1122 1234 1201 1268 ‘sed
1226 1234 1337 1268 verba
1363 1234 1466 1268 aliud
1491 1234 1559 1268 ali-

226 1281 312 1325 quid
344 1280 444 1314 linea
476 1280 659 1314 subducta
686 1280 809 1314 deleta
835 1281 948 1324 sunt’,
980 1281 1116 1317 Baiter.
1155 1302 1200 1306 —-
1238 1284 1281 1314 28
1297 1292 1348 1323 sq.
1377 1281 1559 1323 minorem,

226 1327 358 1371 quod,
383 1339 462 1361 eam
487 1327 523 1370 Z,
549 1327 685 1369 Baiter,
712 1327 883 1361 Wesenb.
905 1349 950 1352 —
977 1332 1019 1361 29
1047 1329 1175 1362 laetae
1201 1328 1237 1370 Z,
1264 1327 1447 1370 Wesenb.,
1480 1339 1559 1362 eum

227 1375 339 1408 laetae
357 1375 440 1415 sint,
461 1374 546 1407 dum
566 1375 744 1418 leguntur,
764 1386 842 1408 eam
863 1375 969 1409 lectae
987 1379 1082 1416 sunt,
1102 1380 1177 1409 tam
1190 1374 1380 1408 Lehmann
1397 1373 1557 1407 ‘Jahres-

225 1420 369 1454 bericht
404 1421 466 1453 des
498 1420 625 1464 philol
646 1420 815 1454 Vereins'
847 1424 936 1455 1888
963 1433 997 1465 p.
1020 1425 1098 1463 257,
1131 1433 1220 1465 qnae
1246 1433 1355 1465 (letam
1381 1422 1558 1465 leyuntur,

225 1479 319 1510 spem
352 1468 516 1509 faeznnt;
547 1479 655 1511 qaam
688 1468 794 1502 lectae
828 1472 912 1502 sunt
939 1467 1029 1501 coni.
1051 1468 1154 1501 Boot.
1191 1488 1234 1492 —
1273 1468 1323 1502 Ib.
1345 1468 1560 1502 attulerant

226 1514 388 1556 Ernesti,
422 1514 563 1555 Baiter·
604 1514 651 1547 ad
682 1518 792 1558 p.22.
817 1518 869 1548 10.
910 1535 954 1539 —
993 1518 1033 1548 31
1061 1526 1145 1559 ooqo
1166 1515 1294 1558 plane,
1327 1519 1368 1549 ut
1399 1514 1479 1548 edd.
1514 1535 1559 1539 —

226 1565 268 1593 32
295 1561 393 1594 scies
414 1542 599 1603 Wesenb.,
632 1561 737 1603 Boot,
773 1560 915 1604 Tyriell
943 1561 1142 1605 plausibile
1167 1572 1239 1595 non
1267 1561 1384 1595 solum
1408 1562 1560 1605 propter

226 1607 447 1641 facilitatem
478 1607 586 1651 (nihil
619 1607 716 1640 enim
753 1607 981 1650 frequentius
1021 1610 1077 1641 est
1109 1608 1320 1642 confusione
1350 1607 1560 1641 litterarum

226 1655 268 1697 ie,
300 1655 341 1696 ed,
367 1654 392 1696 i,
418 1656 458 1697 e),
487 1654 551 1687 sed
576 1656 726 1698 propter
751 1654 1011 1688 necessitatem
1037 1656 1136 1698 (nam
1162 1654 1264 1688 aliud
1290 1655 1355 1696 est,
1382 1653 1481 1697 quod
1505 1655 1558 1687 te-

225 1700 294 1744 tigi
319 1713 353 1744 p.
370 1704 423 1734 87.
441 1704 483 1733 33
503 1701 535 1733 εἰ
553 1702 854 1744 φωτί-1110113613
874 1701 989 1743 codd,
1011 1701 1111 1745 vulg
1126 1722 1170 1726 ——
1190 1701 1239 1734 lb.
1256 1705 1296 1735 ut
1311 1701 1457 1744 putabis
1473 1700 1556 1734 add

224 1749 308 1791 post
323 1747 471 1790 putabis
490 1747 631 1789 Bosius,
658 1747 794 1790 Baitei,
821 1748 925 1789 Boot,
946 1729 1099 1791 Tyrrell,
1126 1750 1212 1791 post
1230 1748 1364 1782 scribas
1383 1746 1554 1780 Wesenb

225 1804 243 1827 e
273 1794 497 1836 ‘Deam-tato,
523 1793 783 1836 Toinaesiano,
810 1796 848 1828 et
873 1793 1089 1828 Ciusellino’
1117 1794 1214 1836 Bosi,
1242 1804 1489 1855 supervacstan.
1516 1795 1559 1827 ut

225 1840 315 1873 mihi
335 1840 488 1873 videtur.
522 1842 532 1884 ΙΙ
563 1841 608 1875 P.
621 1841 685 1875 90.
701 1845 722 1873 4
741 1842 857 1875 tnssstes
875 1842 978 1875 nobis
997 1841 1044 1882 M,
1063 1841 1141 1874 sed
1162 1841 1301 1874 eadm.
1319 1840 1423 1874 corr.’
1430 1868 1437 1882 ,
1453 1840 1557 1874 Boot.

226 1908 269 1911 —
290 1891 308 1920 5
330 1887 453 1921 *Non
468 1887 571 1921 Boot.
587 1908 632 1912 —
651 1891 670 1921 6
686 1887 729 1921 L.
745 1887 883 1921 Manut.
899 1898 942 1921 ex
964 1898 1018 1931 ep.
1034 1887 1116 1920 XIII
1136 1891 1189 1921 60.
1205 1891 1235 1930 1,
1255 1887 1358 1929 Boot,
1374 1886 1558 1929 Wesenb.,

226 1933 367 1976 Tyrrell
394 1944 449 1977 ep.
474 1937 532 1975 75,
567 1934 621 1967 M.
667 1933 715 1976 M,
748 1935 787 1968 in
814 1934 889 1975 alii,
917 1945 984 1968 om.
1006 1934 1142 1967 Baiter.
1170 1955 1215 1958 —
1241 1938 1260 1967 9
1287 1938 1373 1968 tum
1399 1945 1422 1967 a
1446 1934 1560 1976 fratre

225 1981 324 2020 vett,
352 1980 487 2022 Baiter,
515 1980 698 2023 WVesenb,
726 1981 823 2023 isque
850 1981 936 2014 mihi
961 1992 984 2014 a
1012 1980 1050 2024 (2.
1071 1982 1186 2023 fratre
1206 1980 1323 2021 Klotz,
1351 1991 1433 2013 cum
1454 1990 1559 2013 cruce

226 2025 376 2069 Tyr-rell.
398 2047 442 2051 —
464 2031 506 2060 23
532 2038 672 2061 vereare
698 2027 789 2060 coni.
811 2027 947 2069 Baiter,
975 2038 1040 2060 scr.
1063 2026 1248 2069 Wesenb.,
1275 2027 1378 2069 Boot,
1406 2025 1559 2070 Tyrrell,

226 2073 337 2106 vereri
366 2072 492 2106 Baiter
525 2084 568 2107 ex
601 2074 624 2107 Z
658 2074 695 2107 et
719 2075 804 2107 vett.
828 2073 1070 2115 editionibus,
1106 2073 1358 2116 ‘quamquam’
1387 2072 1425 2106 in
1451 2073 1557 2107 Torn.

229 2119 428 2162 ‘postrema
453 2119 598 2161 syllaba
616 2131 689 2154 non
712 2120 909 2153 admodum
933 2120 1138 2163 appareat’,
1165 2131 1232 2154 om.
1254 2120 1300 2153 M.
1349 2121 1360 2164 Η
1400 2120 1445 2154 P.
1461 2120 1524 2154 91.
1539 2123 1560 2153 3

226 2166 248 2209 7ι
264 2165 401 2198 addidi.
452 2165 568 2200 Multo
595 2166 726 2200 melius
754 2166 910 2200 Schuetz
941 2167 997 2200 Tu
1021 2168 1054 2200 .ςὶ
1091 2187 1146 2208 -,
1183 2178 1235 2201 me
1258 2167 1319 2208 fac
1345 2177 1456 2209 quam
1481 2166 1561 2201 Fac

227 2232 271 2236 -—
308 2212 368 2253 fac
404 2223 456 2245 me
486 2211 656 2247 Wesenb.
686 2215 723 2247 et
754 2213 897 2256 Tyri-ell
931 2224 984 2257 ep.
1014 2216 1056 2246 76
1090 2213 1135 2246 de
1165 2213 1306 2247 Baiteri
1338 2213 1558 2247 coniectura.

228 2258 322 2291 Fort.
351 2257 464 2290 etiam
496 2259 622 2302 Nune,
659 2260 777 2303 Quod,
814 2260 947 2304 Quare,
980 2259 1064 2303 Aqe.
1101 2280 1146 2284 —
1190 2264 1231 2293 21
1265 2259 1482 2294 interesset*
1501 2259 1522 2280 ³³
1540 2259 1560 2280 *

228 2304 416 2347 Wesenb.,
455 2305 563 2348 Boot,
599 2317 689 2350 qnae
721 2311 806 2342 esset
838 2306 945 2340 inser.
975 2306 1117 2350 Tyrrell
1149 2316 1203 2350 ep.
1233 2310 1275 2341 77
1307 2317 1365 2340 me
1400 2307 1559 2348 auctore,
