1665 2553
74 749 108 773 10

75 1041 108 1066 15

74 1332 108 1356 20

74 1623 107 1647 25

75 1914 109 1938 30

76 2203 109 2228 35

348 108 687 143 EPISTULARUM
712 107 776 141 AD
802 105 1018 141 ATTICUM
1043 105 1126 140 XVI
1153 110 1183 148 2,
1211 109 1241 140 3.
1372 105 1455 145 4θῖ

127 219 207 260 que
237 204 507 260 indiligenter
530 217 666 257 neque
690 202 979 244 inliberaliter.
1022 200 1085 242 De
1105 200 1271 241 Herode
1296 200 1458 253 faciam,

125 267 174 305 ut
199 263 384 318 mandas,
410 266 450 303 et
476 277 535 317 ea,
566 276 672 316 quae
704 261 865 315 scribis,
897 274 947 301 ex
974 258 1141 301 Saufeio
1173 262 1213 300 et
1240 274 1261 300 e
1286 258 1458 299 Xenone

127 336 388 376 cognoscam.
438 320 501 361 De
533 320 690 369 Quinto
722 320 810 360 filio
843 319 1003 374 gaudeo
1036 319 1117 359 tibi
1147 332 1260 358 meas
1293 318 1456 358 litteras
1484 329 1504 357 ε)

127 381 244 434 prius
277 396 300 421 a
331 380 551 421 tabellario
584 393 675 419 meo
710 393 835 432 quam
867 378 918 418 ab
950 378 1043 431 ipso
1075 377 1279 430 redditas,
1317 390 1458 429 quam-

128 454 254 493 quam
285 441 326 479 te
357 438 466 479 nihil
495 437 726 478 fefellisset.
789 436 948 477 Verum
979 439 1121 476 tamen
1152 460 1217 476 —.
1282 433 1362 475 Sed
1392 449 1457 474 ex-

129 500 289 552 specto,
328 497 429 551 quid
459 496 530 537 ille
561 499 711 550 tecum,
748 495 849 549 quid
879 498 927 535 tu
960 494 1158 548 vicissim,
1188 507 1264 534 nec
1296 493 1457 544 dubito,

129 557 232 609 quin
263 570 337 597 suo
370 569 485 596 more
516 557 704 608 uterque.
756 552 837 594 Sed
868 568 936 594 eas
963 553 1127 593 litteras
1153 550 1328 593 Curium
1353 551 1456 591 mihi

129 629 249 668 spero
290 613 561 655 redditurum.
624 612 705 661 Qui
745 612 912 666 quidem
951 612 1031 652 etsi
1068 626 1141 665 per
1179 625 1222 651 se
1255 612 1317 651 est
1349 625 1457 650 ama-

128 673 226 713 bilis
259 688 282 713 a
313 687 462 726 meque
494 671 699 725 diligitur,
737 673 880 711 tamen
911 670 1075 711 accedet
1106 683 1285 723 magnus
1318 683 1458 709 cumu-

127 731 194 772 lus
227 730 601 772 commendationis
633 732 740 770 tuae.

214 789 388 830 Litteris
420 788 506 829 tuis
540 788 643 829 satis
675 801 926 841 responsum
951 789 1034 841 est3
1066 800 1176 827 nunc
1205 785 1313 840 audi,
1346 784 1457 838 quod
1483 813 1489 818 ·

128 848 207 888 etsi
243 848 445 902 intellego
485 847 612 888 scribi
647 860 815 887 necesse
851 860 937 886 non
978 859 1085 899 esse,
1130 844 1266 885 scribo
1304 846 1455 884 tamen.

127 906 264 947 Multa
295 921 361 947 me
392 908 563 947 movent
595 907 639 946 in
665 905 862 958 discessu,
894 904 939 944 in
964 904 1111 957 primis
1138 902 1318 943 mercule
1345 902 1457 955 quod

128 965 326 1019 diiungor
358 980 380 1005 a
411 967 463 1005 te.
514 964 657 1004 Movet
687 963 813 1004 etiam
838 962 1123 1016 navigationis
1150 961 1271 1002 labor
1296 961 1456 1000 alienus

128 1037 213 1063 non
248 1023 300 1064 ab
333 1025 470 1064 aetate
502 1022 639 1062 solum
669 1024 828 1075 nostra,
860 1035 1005 1061 verum
1037 1021 1163 1060 etiam
1195 1035 1219 1060 a
1250 1019 1457 1073 dignitate
1514 1036 1522 1039 -

128 1084 377 1135 tempusque
409 1081 615 1122 discessus
647 1079 967 1121 subabsurdum.
1017 1078 1312 1132 Relinquimus
1345 1077 1457 1118 enim

127 1154 288 1194 pacem,
330 1142 379 1180 ut
417 1139 469 1180 ad
505 1139 663 1180 bellum
701 1141 977 1192 revertamur,
1018 1137 1213 1191 quodque
1252 1136 1455 1190 temporis

128 1198 173 1238 in
204 1198 428 1252 praediolis
461 1198 619 1238 nostris
654 1200 694 1238 et
725 1197 833 1237 belle
866 1196 1095 1236 aedificatis
1124 1198 1165 1236 et
1192 1195 1293 1236 satis
1322 1208 1456 1235 amoe-

127 1257 193 1296 nis
239 1257 429 1297 consumi
473 1256 633 1309 potuit,
681 1256 725 1296 in
772 1254 1111 1309 peregrinatione
1158 1253 1455 1294 consumimus.

128 1313 413 1356 Consolantur
436 1314 554 1355 haec:
588 1317 660 1355 aut
685 1313 947 1368 proderimus
974 1312 1134 1366 aliquid
1154 1310 1345 1353 Ciceroni
1372 1313 1455 1364 aut,

129 1376 334 1426 quantum
370 1373 516 1426 profici
546 1373 698 1427 possit,
739 1372 1028 1412 iudicabimus.
1090 1370 1251 1411 Deinde
1283 1372 1330 1411 tu
1361 1370 1457 1424 iam,

128 1434 176 1471 ut
207 1445 342 1487 spero,
373 1434 414 1472 et
444 1434 493 1472 ut
524 1431 752 1484 promittis,
784 1430 929 1471 aderis.
981 1429 1100 1478 Quod
1132 1429 1300 1482 quidem
1333 1428 1369 1468 si
1395 1442 1457 1468 ac-

128 1489 292 1544 ciderit,
336 1489 476 1530 omnia
514 1489 638 1530 nobis
679 1492 801 1529 erunt
842 1489 1025 1529 meliora.
1092 1487 1276 1528 Maxime
1315 1489 1455 1527 autem
1483 1498 1497 1523 .”

127 1561 192 1587 me
225 1547 343 1601 angit
374 1547 483 1588 ratio
515 1547 774 1600 reliquorum
804 1561 1003 1587 meorum.
1054 1545 1168 1594 Quae
1200 1559 1455 1599 quamquam

128 1605 335 1659 explicata
375 1608 490 1661 sunt,
530 1608 688 1659 tamen,
726 1604 837 1658 quod
879 1607 919 1644 et
950 1603 1196 1644 Dolabellae
1228 1617 1381 1643 nomen
1411 1603 1457 1642 in

127 1664 180 1704 iis
206 1667 270 1704 est
296 1667 337 1705 et
362 1664 684 1716 †attributione
708 1663 814 1703 mihi
838 1662 1010 1703 nomina
1035 1661 1194 1716 ignota,
1214 1661 1456 1715 conturbor,

126 1736 202 1762 nec
232 1737 298 1763 me
329 1722 416 1763 ulla
446 1736 512 1763 res
544 1722 678 1776 magis
712 1721 830 1775 angit
862 1735 911 1761 ex
939 1720 1145 1761 omnibus.
1194 1719 1344 1772 Itaque
1369 1733 1456 1759 non

126 1781 231 1821 mihi
262 1781 407 1822 videor
438 1795 610 1835 errasse,
643 1780 754 1833 quod
787 1779 837 1820 ad
867 1778 1049 1819 Balbum
1082 1778 1230 1831 scripsi
1256 1778 1457 1832 apertius,

127 1841 186 1891 ut,
213 1838 249 1879 si
275 1839 375 1892 quid
400 1839 484 1879 tale
511 1839 742 1893 accidisset,
767 1840 815 1878 ut
840 1852 927 1878 non
952 1838 1247 1878 concurrerent
1272 1836 1456 1887 nomina,

129 1896 388 1953 subveniret,
430 1912 578 1950 meque
616 1897 696 1937 tibi
737 1896 865 1937 etiam
896 1895 1135 1949 mandasse,
1177 1896 1243 1948 ut,
1288 1894 1324 1934 si
1357 1894 1456 1947 quid

129 1954 217 1995 eius
249 1955 363 1996 modi
395 1956 625 2009 accidisset,
656 1970 750 1996 cum
781 1969 823 1996 co
855 1954 1194 1995 communicares.
1247 1951 1368 2000 Quod
1399 1952 1456 1992 fa-

129 2013 224 2067 cies,
256 2014 291 2054 si
323 2014 403 2054 tibi
434 2014 658 2067 videbitur,
691 2027 822 2067 eoque
854 2013 1003 2066 magis,
1035 2012 1071 2052 si
1102 2010 1380 2066 proficisceris
1412 2010 1457 2050 in

127 2070 319 2123 Epirum.

216 2128 330 2170 Haec
368 2143 444 2183 ego
484 2129 762 2170 conscendens
801 2143 822 2169 e
853 2128 1111 2181 Pompeiano
1144 2126 1283 2166 tribus
1315 2128 1455 2166 actua-

130 2186 248 2227 riolis
275 2187 596 2228 decemscalmis.
640 2187 797 2227 Brutus
824 2189 913 2227 erat
940 2187 985 2226 in
1003 2185 1157 2225 Neside
1185 2185 1310 2224 etiam
1334 2198 1456 2239 nunc,

127 2243 308 2297 Neapoli
340 2244 520 2286 Cassius.
565 2245 729 2298 Ecquid
755 2259 869 2285 amas
889 2244 1137 2284 Deiotarum
1164 2245 1205 2283 et
1230 2256 1315 2282 non
1341 2257 1455 2282 amas

127 2301 329 2343 Hieram?
374 2303 466 2358 Qui,
496 2305 543 2343 ut
569 2303 804 2343 Blesamius
830 2303 945 2343 venit
973 2302 1022 2342 ad
1048 2316 1126 2355 me,
1158 2315 1253 2341 cum
1278 2300 1316 2341 ei
1341 2315 1457 2355 prae-

200 2378 258 2403 Cie.
279 2378 364 2408 epist.
384 2379 422 2402 II.
1203 2372 1245 2402 32
