1665 2553
212 78 298 118 406
635 78 682 113 M.
709 78 849 112 TULLI
875 78 1123 113 CICERONIS

213 187 336 214 curea
378 172 423 213 L.
461 172 697 226 Torquato,
740 172 884 214 Stoica
925 173 981 214 M.
1025 172 1193 228 Catoni,
1234 175 1545 228 περιπατητικά

213 232 268 272 Μ.
288 231 435 272 Pisoni
461 231 612 272 darem.
650 230 996 285 Ἀζηλοτύπητον
1021 232 1063 272 id
1087 232 1176 272 fore
1201 235 1406 286 putaram,
1433 233 1546 286 quod

216 304 359 331 omnes
385 290 449 330 1111
475 290 749 331 decesserant.
798 289 913 331 Haec
939 289 1229 345 ‘Academica'‚
1258 293 1306 331 ut
1332 292 1426 346 scis,
1450 305 1544 332 cum

216 347 385 403 Catulo,
422 347 612 403 Lucullo,
649 348 879 390 Hortensio
912 349 1180 389 contuleram.
1244 348 1351 390 Sane
1380 350 1426 390 in
1455 364 1545 403 per-

216 421 340 448 sonas
379 421 465 447 non
508 407 727 460 cadebant3
772 409 891 447 erant
935 407 1045 447 enim
1093 408 1375 462 λογικώτερα,
1419 423 1545 462 quam
1583 425 1598 451 5

214 469 262 506 ut
302 465 365 506 illi
407 465 456 505 de
493 465 546 505 iis
580 465 810 506 somniasse
841 480 1042 519 umquam
1072 466 1324 507 viderentur.
1386 465 1546 521 Itaque,

215 527 262 564 ut
303 524 387 578 legi
428 526 523 564 tuas
558 524 607 564 de
648 523 858 578 Varrone,
898 527 1115 577 tamquam
1155 524 1335 578 ἕρμαιον
1376 525 1545 578 arripui.

215 582 371 636 Aptius
404 596 493 622 esse
517 582 626 635 nihil
651 583 793 636 potuit
818 583 870 623 ad
896 583 938 623 id
964 583 1258 636 philosophiae
1285 597 1429 638 genus,
1462 598 1544 637 quo

215 641 285 681 ille
326 641 506 681 maxime
531 641 635 681 mihi
663 641 859 681 delectari
891 641 1076 697 videtur,
1117 656 1269 695 easque
1300 644 1460 696 partes,
1496 644 1545 682 ut

214 714 300 739 non
338 699 417 739 sim
453 702 722 753 consecutus,
759 703 806 740 ut
843 701 1034 753 superior
1065 715 1157 741 mea
1188 714 1312 741 causa
1342 700 1542 741 videatur.
1565 718 1599 742 10

217 757 324 799 Sunt
362 757 470 798 enim
509 757 777 798 vehementer
815 759 985 799 πιθανὰ
1021 757 1265 811 Antiochia3
1311 773 1416 812 quae
1455 759 1545 799 dili-

215 819 361 870 genter
398 831 422 856 a
461 831 527 856 me
559 831 758 869 expressa
789 831 962 857 acumen
992 817 1148 857 habent
1180 816 1400 872 Antiochi,
1438 817 1545 858 nito-

214 889 303 916 rem
341 875 546 915 orationis
578 878 788 929 nostrum,
827 876 862 916 si
893 875 1018 916 modo
1050 876 1086 916 is
1119 878 1182 916 est
1213 875 1366 929 aliquis
1398 875 1443 916 in
1474 890 1545 916 no-

214 934 290 974 bis.
343 933 424 974 Sed
455 935 514 988 tu⁷
546 933 757 974 dandosne
788 936 911 987 putes
937 933 1015 975 hos
1040 934 1173 975 libros
1198 933 1394 989 Varroni,
1424 935 1546 975 etiam

216 995 341 1046 atque
373 992 499 1033 etiam
531 992 702 1033 videbis.
753 992 860 1032 Mihi
893 992 1097 1046 quaedam
1130 996 1372 1048 occurrunt3
1402 993 1473 1034 sed
1499 1007 1546 1033 ea
1565 1010 1598 1035 15

215 1065 366 1092 coram.

834 1142 923 1184 XX.

333 1212 406 1247 Scr.
427 1213 468 1245 in
492 1211 669 1255 Awpinatz'
701 1211 757 1244 VI
778 1215 842 1245 aiot
873 1211 907 1244 V
928 1212 1024 1245 Non.
1050 1211 1169 1256 Quint.
1191 1223 1223 1247 a.
1246 1215 1317 1247 709
1344 1215 1433 1255 (45).

616 1280 805 1315 CICERO
829 1281 1020 1315 ATTICO
1045 1281 1152 1315 SAL.

303 1340 342 1381 A
375 1340 551 1382 Caesare
581 1341 745 1381 litteras
775 1341 913 1394 accepi
938 1341 1242 1382 consolatorias
1268 1341 1387 1382 datas
1413 1342 1546 1396 pridie
1565 1361 1599 1385 20

215 1399 308 1440 Kal.
341 1399 474 1440 Maias
514 1399 691 1453 Hispali.
754 1398 816 1440 De
854 1400 956 1440 urbe
995 1400 1185 1454 augenda
1223 1400 1324 1454 quid
1361 1400 1417 1441 sit
1454 1415 1547 1454 pro-

216 1458 471 1512 mulgatum,
508 1472 593 1498 non
630 1457 829 1498 intellexi.
891 1457 939 1498 Id
977 1459 1080 1499 scire
1119 1472 1216 1499 sane
1248 1459 1384 1500 velim.
1447 1459 1547 1500 Tor-

218 1520 346 1570 quato
394 1519 542 1557 nostra
586 1517 723 1556 officia
770 1518 890 1570 grata
936 1531 1024 1557 esse
1070 1517 1192 1557 facile
1236 1518 1376 1570 patior
1417 1532 1546 1571 eaque

171 1588 188 1616 2
217 1589 368 1629 augere
399 1589 486 1616 non
517 1575 711 1615 desinam.
773 1574 840 1615 Ad
871 1574 1139 1629 Ligarianam
1172 1575 1221 1616 de
1252 1590 1381 1616 uxore
1414 1575 1546 1616 Tube-

217 1634 332 1674 ronis
365 1636 406 1674 et
438 1633 633 1687 privigna
663 1647 798 1686 neque
829 1648 1002 1686 possum
1033 1634 1118 1674 iam
1149 1634 1297 1674 addere
1328 1632 1412 1689 (est
1436 1634 1547 1675 enim
1566 1652 1599 1677 25

216 1691 483 1746 pervulgata)
515 1706 650 1745 neque
682 1691 946 1732 Tuberonem
977 1692 1074 1733 volo
1108 1692 1331 1746 offendere3
1372 1693 1546 1733 mirifice

218 1754 280 1791 est
324 1751 434 1790 enim
476 1753 703 1804 φιλαίτιος.
771 1750 999 1791 Theatrum
1044 1750 1212 1804 quidem
1253 1765 1350 1791 sane
1388 1751 1547 1791 bellum

170 1834 179 1847 .›
216 1809 416 1849 habuisti.
460 1809 566 1863 Ego,
599 1809 677 1849 etsi
703 1807 783 1849 hoc
806 1808 898 1850 1000
925 1809 1123 1849 facillime
1149 1811 1376 1862 sustentor,
1407 1812 1548 1850 tamen

217 1870 258 1908 te
289 1867 429 1908 videre
460 1867 594 1920 cupio.
656 1866 816 1921 Itaque,
847 1870 895 1908 ut
927 1868 1140 1920 constitui,
1172 1868 1306 1908 adero.
1356 1867 1547 1908 Fratrem

217 1925 338 1966 credo
371 1941 394 1966 a
426 1928 467 1966 te
500 1940 588 1966 esse
621 1928 882 1966 conventum.
946 1925 1059 1966 Scire
1090 1926 1222 1980 igitur
1254 1925 1416 1981 studeo,
1447 1926 1547 1980 quid
1566 1943 1600 1969 30

218 1984 362 2038 egeris.

304 2041 367 2082 De
405 2043 517 2082 fama
553 2041 661 2082 nihil
693 2056 791 2082 sane
822 2042 987 2096 laboro;
1031 2042 1110 2082 etsi
1143 2042 1390 2095 scripseram
1423 2042 1474 2083 ad
1504 2045 1546 2083 te

216 2102 317 2140 tunc
358 2101 487 2141 stulte
529 2100 651 2140 enihil
690 2100 873 2154 melius’3
923 2100 1152 2141 curandum
1196 2101 1306 2141 enim
1346 2115 1432 2141 non
1472 2103 1545 2141 est.

216 2157 357 2211 Atque
397 2158 477 2199 hoc
518 2158 583 2198 ‘in
623 2159 755 2198 omni
795 2159 899 2199 vita
940 2173 1027 2199 sua
1068 2173 1308 2212 quemque
1346 2174 1369 2199 a
1406 2162 1547 2199 recta

217 2217 532 2257 conscientia
583 2220 879 2257 traversum
928 2230 1141 2271 unguem
1192 2231 1290 2257 11011
1342 2220 1546 2270 oportet
1566 2234 1598 2259 35

218 2273 487 2315 discedere’
519 2274 643 2315 viden
684 2290 809 2328 quam
847 2276 1127 2328 φιλοσόφωςῬ
1177 2274 1246 2315 An
1276 2278 1323 2316 tu
1354 2289 1432 2316 nos
1463 2275 1546 2316 fru-
