1665 2553
666 100 704 135 Ρ.
728 103 923 135 181-190.
1371 98 1466 132 LVD

127 195 235 238 dicat,
260 195 349 230 mihi
373 195 476 229 valde
497 195 643 239 placeat
668 215 711 219 —
737 205 864 236 causa,
891 197 1010 228 tamen
1041 193 1099 238 (cf.
1127 192 1293 227 eiusdem
1318 191 1466 226 Observ.

127 254 161 286 p.
183 245 227 276 50
242 243 320 286 sq.),
347 241 490 285 Tyrrell
518 241 611 275 coni.
632 245 673 275 ut
696 241 840 276 stultior
859 242 1011 285 primus.
1037 260 1083 265 —
1110 244 1152 273 19
1178 240 1272 273 nihil
1291 249 1310 273 e
1330 239 1466 272 Ballio-

127 289 222 323 lensi
249 288 421 322 Wesenb.
472 288 531 322 Ad
555 300 590 332 p.
613 292 689 322 173.
718 291 771 322 26.
805 308 851 313 —
882 291 925 321 20
951 292 991 322 tu
1015 287 1196 329 Lambin,
1222 286 1363 329 Baiter,
1395 287 1468 320 tuis

129 336 246 379 codd„
271 335 367 371 Boot
397 335 460 379 (ad
482 347 518 380 p.
540 339 595 369 24.
622 337 673 379 8),
704 339 744 369 ta
773 335 847 369 tuis
877 334 1068 376 Bentivol.,
1100 333 1287 375 Wesenb.,
1312 332 1466 377 Tyrrell.

129 403 174 408 -——
209 386 252 416 24
286 382 424 417 Caelio
456 383 504 416 ad
537 394 571 426 p.
595 385 671 415 173.
695 385 748 416 12.
795 403 840 406 -
890 385 933 415 26
967 381 1045 416 0Ιο
1080 381 1158 414 sine
1192 391 1298 414 cruce
1329 379 1466 421 Baiter,

129 429 282 474 Tyrrell,
311 428 353 471 ,ᾖ
378 428 566 469 Graevius,
592 428 685 463 Boot
709 428 861 473 probab.
916 430 927 473 ΙΙ
981 428 1027 463 P.
1049 428 1138 462 188.
1160 431 1202 461 12
1228 428 1334 462 ctiam
1361 431 1468 461 antea

128 477 273 520 scripsi,
307 477 436 520 scripsi
466 477 515 510 ad
545 476 688 518 Baiter,
723 475 883 520 Tyri-eli,
915 476 1021 509 etiam
1057 479 1164 509 antea
1193 475 1321 518 scripsi
1351 478 1389 508 et
1420 474 1468 507 ad

130 524 185 557 ed.
212 524 317 567 Iens.,
344 523 518 557 YVesenb.
547 533 733 567 supervac.
786 521 838 557 Cf.
853 534 888 566 p.
905 526 983 556 217.
1001 526 1081 565 lsq.
1108 543 1153 547 —-
1182 525 1222 555 13
1248 522 1304 555 his
1329 520 1467 563 Baiter,

129 570 282 614 Tyrrell.
328 570 387 604 Ad
411 582 446 614 p.
468 573 522 604 37.
544 573 598 604 37.
637 590 683 595 —-
720 573 764 603 20
789 580 918 603 merus
944 569 1098 611 Manut,
1125 568 1304 610 Lambin.,
1330 567 1467 610 Baiter,

128 617 237 658 Boot,
275 616 441 661 Tyrrell,
477 618 591 652 mirus
623 616 745 658 codd„
783 615 955 650 Wesenb.
1008 615 1059 650 Cf.
1089 616 1137 648 ad
1171 627 1205 659 p.
1235 618 1311 648 182.
1340 618 1370 648 9.
1422 635 1468 639 -

129 668 172 698 21
213 663 253 698 O.
274 663 314 698 E.
338 663 505 698 Schmidt
547 663 665 697 ‘Neue
701 663 852 697 Jahrbb.
886 663 910 697 f.
944 663 976 696 d.
1010 662 1122 696 klass.
1159 662 1334 696 Alterth.’
1376 664 1466 695 1898

128 723 163 756 p.
187 714 252 744 177
273 723 307 745 n.
330 715 366 745 1:
402 711 600 745 ‘lartz'dius'
629 712 715 754 (non
742 710 861 755 Lart.)
889 709 954 743 ‘ist
978 709 1167 743 vielleicht
1192 709 1273 743 eine
1304 708 1469 752 Bildung

128 768 198 792 von
231 758 319 800 lars,
357 769 548 802 yermasnus
585 758 756 792 Iartidius
787 775 829 785 =
857 757 921 790 der
956 756 1057 791 reine
1088 756 1211 790 Lord’.
1245 777 1291 781 —
1323 759 1365 789 23
1398 766 1467 799 quo

128 804 298 849 Malasp.,
324 805 462 847 Baiter,
489 804 642 848 Tyrrell,
668 805 715 838 in
739 815 807 848 quo
832 803 1012 846 Lambin.,
1039 803 1224 845 Wesenb.,
1256 803 1359 836 Boot.
1410 802 1468 835 Ad

129 864 162 896 p.
184 855 238 885 40.
261 855 315 885 30.
359 851 443 885 Non
461 851 587 895 placet
605 850 810 885 Lehmanni
829 851 925 884 ratio
946 849 1110 891 Quaestt.
1131 862 1166 895 p.
1187 854 1209 883 4
1228 850 1322 894 quod
1343 849 1467 883 defen-

131 898 269 941 dentis,
294 898 423 931 malim
447 910 575 932 curae.
602 919 648 923 -
674 902 718 931 24
743 902 862 932 tamen
886 898 950 931 hoc
975 897 1079 931 codd.
1101 899 1137 930 Σ
1159 897 1363 941 (Lehmann
1390 897 1465 930 Att.

129 957 163 990 p.
185 947 254 990 47),
280 945 344 979 hoc
367 949 487 979 tamen
512 948 554 988 Δ,
582 945 664 978 edd.
691 966 736 969 —
761 948 805 978 30
831 949 870 978 tu.
897 955 964 978 om.
992 944 1058 987 Ml,
1084 943 1221 985 Baiter,
1247 943 1351 985 Boot,
1378 943 1466 987 Tyr-

128 992 207 1026 rell.
253 991 304 1026 Cf.
330 1004 364 1036 p.
392 995 469 1026 204.
503 995 533 1026 3.
566 1013 612 1017 -
637 995 679 1025 31
713 1003 764 1025 cmi
796 991 1002 1034 antiquitus
1039 992 1229 1035 receptum
1266 990 1467 1024 sollicitare

128 1039 242 1081 nolui,
267 1038 499 1083 probabilius
525 1040 650 1072 tamen
674 1038 766 1072 mihi
785 1038 931 1071 videtur
956 1040 1042 1072 ante
1062 1038 1214 1072 Athenis
1232 1036 1467 1071 intercidisse
1489 1072 1497 1075 ,

129 1090 202 1120 aut.
246 1089 257 1128 ΙΙ
300 1086 344 1120 P.
372 1085 461 1120 189.
488 1090 507 1119 2
540 1098 570 1120 V.
599 1085 638 1120 O.
664 1085 704 1119 E.
732 1085 899 1119 Schmidt
927 1085 1013 1118 ‘Der
1043 1084 1317 1118 Briefwechsel'
1348 1096 1382 1128 p.
1411 1087 1466 1124 93,

129 1137 275 1168 exeunte
307 1144 422 1167 mense
452 1133 544 1167 Nov.
576 1132 720 1175 Baiter,
759 1133 852 1166 inter
883 1132 965 1165 VII
985 1132 1071 1165 Kal.
1104 1131 1190 1165 Dec.
1223 1135 1254 1165 et
1286 1131 1390 1164 VIII
1408 1131 1465 1165 Id.

128 1179 303 1214 Wesenb.
330 1200 375 1204 —
401 1183 421 1213 8
440 1180 597 1214 vendita
623 1178 790 1222 Gronov,
810 1179 914 1221 Boot,
935 1178 1080 1222 Tyr-rell
1100 1189 1155 1222 ep.
1178 1181 1255 1211 293.
1301 1177 1352 1212 Cf.
1373 1177 1468 1211 Boot

130 1227 178 1260 ad
202 1226 285 1260 ΧΠΙ
306 1230 359 1260 12.
382 1230 413 1269 1,
439 1226 672 1260 Friedlaend.
693 1226 766 1259 IuV.
790 1230 819 1259 7.
844 1229 920 1259 135.
947 1246 993 1250 —
1019 1229 1061 1259 23
1085 1236 1136 1268 sq.
1165 1225 1315 1259 litteras
1340 1245 1384 1249 —
1410 1226 1466 1258 in-

128 1274 323 1308 dicabant
341 1273 542 1315 Meutzner,
567 1273 662 1307 Boot
689 1272 850 1317 (Observ.
865 1285 899 1316 p.
917 1274 984 1317 51),
1011 1276 1093 1307 tuae
1113 1273 1248 1306 litterae
1268 1271 1330 1315 (ad
1355 1284 1389 1316 p.
1412 1276 1466 1305 24.

129 1322 163 1365 8)
188 1341 234 1345 —-
258 1321 445 1354 indicabat
476 1320 591 1362 codd.,
618 1319 761 1362 Baiter,
792 1319 978 1362 XVesenb„
1005 1318 1158 1363 Tyrrell.
1185 1339 1231 1343 —
1257 1322 1299 1352 26
1326 1319 1468 1352 doctum

127 1369 212 1447 gzst
237 1367 596 1448 ccdcgllcscetntcmtadtcii
622 1366 796 1448 {Vesenth
822 1366 994 1446 pmbabff?
1021 1367 1281 1456 affolesceoffierglz]
1295 1365 1336 1445 *g
1363 1366 1467 1446 ΒἙΟἙ,

189 1425 215 1447 s.
235 1426 270 1457 p.
360 1426 383 1447 u
425 1425 490 1448 nos
509 1427 536 1456 z,
593 1425 707 1447 ocum
738 1425 755 1447 c
794 1434 848 1447 —.
881 1433 926 1438 —-
1021 1424 1038 1447 e
1078 1423 1146 1446 om.
1284 1422 1305 1445 a
1335 1423 1379 1446 en
1459 1441 1466 1455 ,

128 1460 318 1494 Lehmann
349 1460 425 1494 Att.
451 1473 486 1504 p.
509 1462 577 1505 89),
603 1460 745 1501 Baiter,
777 1459 930 1503 Tyrrell.
958 1481 1002 1484 —
1028 1463 1069 1492 31
1097 1471 1131 1494 sc
1156 1459 1298 1492 habent
1327 1461 1371 1502 Σ,
1405 1459 1466 1493 all.

130 1507 332 1551 (Lehmann
346 1508 422 1541 Att.
442 1519 477 1551 p.
499 1511 554 1548 30,
574 1512 631 1549 47,
647 1509 714 1551 70),
734 1508 925 1549 tamquam
944 1506 1149 1540 insiticium
1163 1506 1311 1550 scripsit
1329 1506 1464 1540 Baiter.

132 1554 191 1587 Ad
209 1566 243 1597 p.
265 1557 296 1588 8.
318 1558 371 1588 19.
398 1575 443 1578 -
469 1558 514 1587 34
538 1559 739 1588 nostrorum
771 1565 836 1587 scr.
870 1565 961 1587 mus.
989 1553 1104 1587 Rhen.
1130 1557 1216 1586 1898
1242 1565 1276 1597 p.
1306 1557 1383 1595 125,
1410 1554 1468 1587 (Ie-

128 1602 276 1635 tortorio
295 1602 355 1635 cic.
377 1600 425 1642 M,
445 1601 674 1635 detortorium
696 1600 766 1634 Cic.
788 1599 813 1634 C
827 1600 863 1642 Z,
883 1601 1026 1644 deporto
1046 1601 1199 1634 Romam
1220 1600 1290 1634 Cic.
1311 1599 1465 1642 Manus,

129 1648 272 1691 deporto
305 1647 375 1682 Cic.
413 1647 577 1689 Ernesti,
616 1647 759 1689 Baiter,
799 1648 941 1691 deporto
972 1648 1081 1681 trium
1116 1647 1185 1681 Cic.
1218 1647 1307 1688 Iun,
1341 1646 1466 1689 Orelli,

129 1694 281 1738 Madvig
306 1694 395 1728 Adv.
423 1694 456 1727 Π
480 1707 514 1738 p.
542 1698 620 1737 236,
647 1693 831 1737 Wesenb„
858 1695 1003 1737 deporto
1028 1705 1160 1728 mecum
1181 1693 1251 1727 Cic.
1278 1693 1382 1735 Boot,
1409 1694 1466 1727 de-

126 1745 230 1785 porto
248 1742 303 1776 II.
326 1741 396 1776 Cic.
417 1741 569 1785 Tyrrell.
621 1740 672 1775 Cf.
693 1753 728 1785 p.
745 1745 822 1774 146.
838 1745 870 1781 6,
892 1744 969 1774 208.
985 1744 1040 1783 28,
1062 1744 1140 1774 229.
1163 1744 1216 1773 10.
1260 1741 1271 1784 ΙΙ
1314 1740 1360 1774 P.
1376 1740 1465 1774 190.

131 1792 150 1821 2
177 1788 297 1822 libella
322 1787 535 1830 Cratander,
561 1787 698 1827 Baiter,
724 1787 828 1827 Boot,
854 1787 1009 1831 Tyn-eil,
1036 1788 1161 1821 liberta
1189 1787 1251 1827 (ad
1275 1798 1309 1830 p.
1333 1790 1409 1820 170.
1432 1788 1466 1831 9)

129 1834 196 1877 Ml,
222 1834 384 1869 libertum
410 1835 446 1873 Z,
472 1835 567 1869 libra
585 1834 651 1877 ΜΞ,
677 1834 851 1868 Wesenb.
872 1855 917 1859 ——
935 1834 987 1868 Π).
1013 1835 1173 1868 tcruncio
1194 1833 1301 1871 Crat„
1328 1833 1465 1876 Baiter,

128 1881 233 1923 Boot,
260 1881 419 1925 Tyr-rell,
445 1886 617 1916 taruacus
647 1881 702 1914 Μ1
728 1881 763 1923 Ζ,
797 1893 878 1915 cum
910 1892 1015 1915 cruce
1046 1880 1218 1914 Wesenb.
1246 1880 1305 1912 Ad
1329 1892 1362 1924 p.
1386 1884 1464 1914 146.

130 1931 161 1962 2.
188 1948 233 1953 —-
259 1931 278 1961 6
304 1929 367 1962 hoc
386 1928 451 1971 Ml,
477 1927 663 1970 WVesenb„
688 1929 748 1962 hec
766 1928 831 1962 ΜΞ.
882 1927 939 1961 Ad
964 1940 998 1971 p.
1022 1931 1075 1961 12.
1098 1931 1128 1960 6.
1149 1947 1194 1951 -—
1215 1931 1233 1959 9
1256 1927 1466 1970 pudentius

128 1973 278 2017 Victor,
293 1973 434 2017 Graew,
448 1973 572 2017 Orelli,
586 1975 772 2017 Wesenb.,
786 1975 927 2018 Tyri-el]
948 1973 1150 2007 (Hei-math.
1165 1973 1215 2006 ΠΙ
1227 1985 1261 2017 p.
1280 1976 1344 2006 109
1361 1975 1464 2018 sqq).

131 2020 182 2055 Cf.
205 2021 252 2054 ad
276 2033 310 2065 p.
333 2025 386 2055 70.
408 2025 462 2056 10.
490 2043 535 2047 —
561 2026 603 2055 10
630 2024 668 2055 et
694 2026 735 2055 19
763 2022 887 2056 Patro
912 2021 1023 2059 KVes.,
1050 2021 1154 2061 Boot,
1181 2019 1294 2063 Tyr-n,
1317 2022 1467 2064 patroni

129 2066 196 2109 M¹,
218 2072 373 2110 patrono
398 2068 455 2101 M²
480 2068 601 2112 priore
626 2068 717 2103 loco.
745 2090 790 2093 —
823 2072 864 2102 11
892 2079 965 2101 non
989 2067 1110 2100 minus
1136 2066 1289 2110 probab.
1317 2079 1340 2100 a
1364 2068 1465 2101 'nullo

130 2125 299 2157 umquam
325 2116 392 2149 etc.
419 2136 461 2140 -—
490 2119 534 2148 14
559 2116 780 2160 intcllcyuizt
799 2115 865 2155 ΜΞ,
892 2113 1043 2158 Tyr-rell.
1065 2134 1110 2138 —
1138 2117 1180 2146 17
1195 2124 1273 2156 sqq.
1297 2113 1464 2148 Commo-

131 2162 178 2194 clu
189 2171 223 2193 m
253 2180 297 2185 —
328 2162 480 2196 dedisses
511 2163 719 2206 (scripseras
749 2183 795 2186 —
825 2162 1104 2205 Neapolitano),
1137 2171 1265 2204 quum
1296 2172 1371 2194 eam
1406 2161 1466 2194 ‘ex

129 2206 294 2240 Memmii
314 2209 351 2241 et
368 2207 452 2242 Ern.
480 2209 586 2242 coni.’
617 2208 817 2243 commend.
838 2207 1023 2249 WVesenb„
1051 2218 1116 2240 scr.
1143 2207 1237 2240 Boot
1261 2218 1333 2241 non
1359 2207 1464 2250 bene,

129 2256 172 2287 ut
195 2252 287 2286 mihi
312 2254 466 2297 videtur,
494 2257 531 2289 et
554 2256 653 2290 hunc
671 2255 839 2299 paenitet
858 2254 990 2287 Mnem.
1020 2256 1108 2287 1892
1134 2265 1168 2297 p.
1192 2258 1268 2288 121.
1313 2253 1356 2288 V.
1378 2253 1464 2288 Otto

128 2312 220 2334 mus.
248 2298 363 2334 Rhen.
392 2305 480 2335 1886
506 2313 540 2346 p.
562 2306 629 2336 368
651 2301 709 2335 aff.
736 2314 770 2346 p.
799 2305 877 2343 252,
903 2304 958 2343 30,
980 2300 1063 2334 add.
1094 2304 1169 2334 191.
1193 2305 1223 2335 7.
1251 2321 1296 2325 —
1321 2304 1363 2334 29
1391 2313 1464 2335 am-
