1689 2572
12 2183 13 2186 .
10 2061 17 2146 uzu·
9 1841 20 2047 „erma

686 90 724 124 P.
747 94 894 124 24—29.
1379 90 1460 122 XIII

126 183 218 217 item
238 186 291 217 30.
308 186 364 227 30,
391 186 445 217 33.
462 186 516 225 34,
543 182 608 216 ubi
633 182 823 216 Lehmann
850 193 994 226 quoque
1015 192 1070 226 ep.
1084 182 1100 215 I
1121 185 1140 215 5
1161 181 1298 216 tacitus
1318 182 1465 227 cliimzyz‘

128 230 253 273 habet,
279 231 323 264 ut
348 231 559 264 constanter
586 229 763 274 scriptum
788 229 827 263 in
853 239 907 273 ep.
930 229 978 262 ad
1003 228 1107 270 fam.;
1136 229 1182 262 ad
1203 228 1294 263 Sest.
1309 241 1343 273 p.
1360 233 1414 262 21.
1430 233 1460 263 8.

128 297 172 302 —
206 281 225 311 9
253 277 294 311 ob
319 288 404 311 rem
428 277 677 311 iudicandam
701 276 804 311 Boot.
837 297 882 301 ——-
913 275 964 310 Ib.
987 277 1225 319 pecuniam
1249 276 1463 319 accepissent

127 324 213 358 vett.
229 323 324 367 edd„
343 323 479 367 Baiter,
494 322 666 357 Wesenb.
695 323 734 357 V.
751 321 959 357 Cluent.41.
974 326 1039 356 113
1059 335 1093 366 p.
1108 334 1167 366 m.,
1187 322 1248 356 hic
1267 335 1300 367 p.
1319 326 1461 366 154.15,

128 373 205 404 347.
228 374 282 404 24.
304 392 349 395 —
371 374 412 404 17
434 371 704 404 conduoeerant
723 370 863 411 Bosius,
890 370 1027 413 Baiter,
1054 369 1226 403 Wesenb.
1248 369 1330 403 fals.
1371 370 1461 404 Con-

127 418 326 452 duxerunt
352 418 408 451 est
432 418 643 452 conductam
667 417 804 452 habent.
842 416 901 450 Ad
926 429 960 461 p.
982 420 1036 450 22.
1060 420 1112 451 10.
1134 437 1180 441 —
1200 420 1243 449 22
1269 417 1342 451 secl
1367 427 1460 451 sum-

126 475 224 498 mum
257 464 421 508 Kaysero
454 466 602 497 auctore
628 463 817 507 Wesenb.,
850 463 953 497 Boot.
980 484 1025 488 ——
1058 467 1100 497 25
1134 464 1392 497 libentissimo
1423 463 1461 496 M

127 510 180 554 (in
204 522 318 556 marg.
341 512 608 546 liberatissimo,
641 511 720 544 ‘sed
746 512 875 555 postea
902 510 1107 554 deletum'),
1135 510 1278 554 Tyrrell
1303 510 1461 544 fortasse

126 559 235 592 recte.
271 579 316 583 —
354 561 398 591 30
430 562 572 601 eratque
603 557 840 601 Bitschofsky
873 557 1062 591 ‘Zeitschr
1084 556 1108 591 f.
1132 557 1164 591 d.
1187 559 1254 591 ost.
1277 556 1333 591 G.’
1372 560 1460 590 1886

126 616 161 648 p.
181 608 261 648 423,
295 605 357 649 qui
382 609 458 639 erat
484 604 600 647 codd„
627 605 715 648 quin
739 604 870 638 Bosius
893 605 1058 638 ‘auctore
1077 603 1290 647 Decurtato,
1318 605 1354 637 et
1375 603 1460 638 Cru-

127 651 288 695 sellino’,
321 651 465 695 Baiter,
498 651 682 694 lVesenb„
717 651 827 694 Boot,
855 651 917 694 qui
943 653 1069 684 tamen
1098 650 1274 693 ‘dubitat,
1301 661 1348 684 an
1373 651 1462 695 quin

126 697 161 732 h.
182 697 205 732 l.
240 698 433 732 ferendum
460 697 535 741 sit',
568 700 605 731 et·
633 698 858 741 ‘suspicatur
884 698 1134 731 scribendum:
1173 702 1277 741 atque
1303 702 1380 732 erat
1403 697 1461 731 vel

126 745 304 789 eratque’,
337 756 417 779 cum
441 749 518 779 erat
542 744 666 787 Klotz,
703 744 857 789 Tyrrell,
878 749 960 788 post
985 756 1085 789 quem
1109 749 1186 779 erat
1210 744 1313 778 Koch
1338 755 1459 789 progr.

126 791 291 825 Portens.
321 794 410 825 1868
436 803 471 835 p.
494 795 554 834 18,
586 802 749 835 unusque
779 796 855 825 erat
889 791 1075 825 Lehmann
1107 791 1271 832 Quaestt.
1293 804 1329 835 p.
1351 794 1405 825 48.
1450 791 1462 837 Η

174 839 219 873 Ρ.
235 838 299 872 29.
314 842 335 872 4
362 839 631 883 [consulatum]
657 839 752 872 auct.
776 837 911 872 Cobeto
938 838 1070 872 Mnem.
1091 837 1177 871 VIII
1202 842 1271 872 454
1298 840 1335 872 et
1358 837 1403 872 N.
1426 838 1458 872 S.

127 884 211 918 VIII
231 889 297 919 193
335 884 478 928 Baiter,
515 895 582 918 sua
620 887 750 928 sponte
786 885 889 919 Boot.
929 906 973 909 —
1012 889 1030 918 6
1047 896 1098 928 sq.
1132 884 1346 929 interpunxi
1379 896 1461 919 cum

126 931 338 966 Lehmanno
380 931 600 966 ‘Jahresben
628 931 691 964 des
727 931 816 975 phil.
844 931 1012 965 Vereins’
1055 934 1144 965 1888
1181 944 1215 976 p.
1238 935 1304 965 256
1340 933 1377 966 et
1415 932 1459 965 de

127 978 199 1012 Cic.
222 978 269 1011 ad
294 978 370 1012 Att.
392 990 425 1022 p.
443 981 508 1012 206
536 978 580 1012 cf.
604 976 643 1018 Q.
665 978 707 1011 fr.
728 978 778 1011 III
797 982 828 1012 4.
853 982 869 1011 1
884 989 956 1020 ex,
982 978 1061 1012 sine
1086 978 1255 1022 parenth.
1277 978 1358 1012 edd.
1402 978 1461 1012 Ad

125 1037 159 1069 p.
182 1028 235 1059 16.
258 1029 312 1058 14.
338 1045 384 1050 —
410 1028 453 1058 10
482 1025 530 1058 Te
554 1025 587 1059 si
611 1035 704 1068 eoesp.
733 1035 752 1058 e
777 1036 891 1069 marg.
914 1024 1010 1059 Crat.
1031 1025 1128 1069 vulg.
1149 1027 1248 1068 vett,
1274 1026 1334 1060 sed
1359 1026 1395 1059 si
1420 1026 1458 1058 in

126 1072 230 1106 aliud
255 1076 391 1115 tempus
415 1075 614 1115 exspectare
639 1072 725 1105 velis
751 1071 916 1114 Corrad.,
942 1071 1078 1115 Baiter,
1105 1077 1250 1116 tempus.
1282 1073 1303 1093 *
1322 1073 1342 1093 *
1361 1073 1381 1093 θ’(
1401 1083 1458 1106 eae-
1493 1078 1501 1081 ’

124 1122 280 1162 spectare
307 1119 392 1152 ‘celis
418 1129 436 1152 e
456 1118 550 1152 Med.
567 1118 750 1161 Wesenb.,
777 1118 871 1152 Boot
897 1119 1008 1163 (vri),
1035 1123 1180 1162 tempus.
1219 1119 1260 1153 Si
1278 1123 1460 1162 expectare

125 1165 210 1200 velis
225 1164 378 1209 Tyri-ell.
393 1185 438 1189 —
451 1165 503 1200 Ib.
517 1167 667 1201 moleste
684 1167 739 1201 ed.
754 1167 858 1210 lens,
878 1166 1014 1207 Baiter,
1035 1165 1159 1209 μόλις
1178 1169 1209 1199 te
1223 1165 1277 1199 Fr.
1290 1165 1460 1200 Schmidt

125 1223 244 1257 progr.
274 1211 428 1245 Norimb
468 1215 556 1245 1879
588 1224 622 1256 p.
645 1215 688 1245 16
704 1223 756 1255 sq.
794 1233 841 1237 —
879 1216 920 1245 17
953 1212 1076 1257 [eum]
1110 1212 1289 1256 Pluygers
1324 1212 1458 1246 Mnem.

128 1262 216 1293 1881
238 1270 272 1303 p.
290 1262 367 1301 123,
388 1259 492 1293 Boot.
506 1279 551 1283 —
564 1258 615 1293 Ib.
632 1261 669 1292 et
688 1271 722 1303 p.
738 1262 792 1293 30.
810 1263 827 1292 1
850 1259 1004 1302 quicum
1017 1259 1112 1292 Boot
1131 1270 1195 1292 suo
1210 1259 1339 1292 Marte.
1356 1280 1400 1284 ——
1416 1262 1458 1293 18

124 1316 204 1340 uno
223 1305 284 1338 vix
303 1305 479 1339 credibile
500 1316 521 1338 a
542 1316 729 1348 quoquam
746 1305 936 1349 repudiari
956 1305 1132 1349 potuisse,
1154 1305 1268 1339 etiam
1283 1317 1304 1339 a
1316 1306 1458 1349 Bootio,

125 1352 190 1395 qui
209 1351 427 1386 laudaverat
446 1352 484 1385 in
499 1352 555 1385 ed.
567 1352 593 1394 Ι,
613 1364 690 1386 una
705 1352 808 1386 codd.
820 1354 863 1385 ut
876 1355 929 1386 25.
945 1356 999 1395 11,
1014 1352 1151 1395 Baiter,
1165 1353 1286 1397 [una]
1299 1352 1457 1396 Ernesti,

126 1398 305 1443 Pluygers
324 1398 347 1433 l.
368 1398 406 1442 1.,
430 1398 614 1442 Ἥθεθιὼ,,
640 1399 744 1443 Boot,
771 1399 914 1443 Tyrrell
935 1409 989 1443 ep.
1006 1403 1060 1433 24.
1104 1399 1146 1433 V.
1169 1399 1340 1443 Seyfferti
1358 1399 1457 1433 Lael.

125 1458 159 1489 p.
182 1449 224 1478 27
247 1447 283 1479 et
303 1449 369 1479 319
382 1457 446 1489 sq,
473 1444 539 1479 Off.
554 1457 588 1489 p.
604 1449 658 1479 39.
677 1449 719 1479 10
745 1445 800 1480 ed.
818 1449 919 1489 1882,
946 1445 1018 1480 Pis.
1038 1458 1073 1490 p.
1093 1449 1169 1480 170.
1188 1450 1240 1489 18,
1269 1446 1338 1480 div.
1355 1445 1457 1480 Caec.

129 1497 157 1525 1.
180 1496 200 1525 3
216 1502 292 1533 eiu,
346 1491 448 1526 Verr.
468 1492 518 1525 III
540 1496 569 1525 2.
592 1496 629 1535 5,
681 1492 715 1525 V
736 1496 790 1527 14.
811 1497 853 1526 35
865 1504 930 1536 m.,
986 1492 1073 1536 imp.
1096 1492 1157 1527 Cn.
1179 1492 1304 1537 Pomp.
1327 1497 1381 1528 16.
1403 1497 1458 1536 46,

128 1542 182 1572 17.
205 1542 247 1572 51
264 1549 335 1581 ex.,
376 1542 430 1573 23.
452 1542 513 1582 68,
552 1538 640 1573 Sull.
664 1543 693 1572 9.
717 1543 759 1573 28
775 1550 841 1583 θὶς,
876 1543 929 1573 10.
952 1543 1007 1583 29,
1034 1539 1128 1573 dom.
1152 1543 1204 1574 28.
1228 1543 1338 1584 73m.,
1366 1539 1457 1574 Sest.

129 1589 182 1619 12.
210 1589 271 1628 27,
315 1589 369 1620 29.
392 1589 434 1619 62
450 1595 525 1628 ex,
568 1596 666 1629 prOV.
689 1596 784 1620 cons.
807 1589 837 1621 9.
860 1589 902 1619 23
918 1596 949 1620 a.
971 1596 1044 1629 ex.,
1084 1586 1188 1620 Balb.
1210 1590 1264 1620 26.
1286 1590 1329 1620 58
1340 1597 1371 1621 a.
1393 1597 1458 1629 ex,

125 1631 245 1666 Deiot.
267 1636 298 1666 5.
321 1636 363 1666 15
379 1643 409 1666 a.
426 1642 499 1675 ex„
533 1632 626 1667 Phil.
654 1631 721 1666 XII
742 1636 794 1667 10.
817 1636 861 1665 24
874 1644 932 1677 m.,
958 1633 1072 1666 Acad.
1093 1633 1109 1666 I
1136 1637 1165 1667 7.
1188 1636 1231 1666 27
1259 1633 1356 1677 (adn.
1379 1634 1458 1667 crit.

126 1690 161 1722 p.
178 1682 231 1714 13.
249 1682 296 1722 6),
323 1679 414 1713 Tim.
431 1682 461 1712 5.
479 1682 532 1722 17,
558 1679 644 1713 fam.
660 1679 738 1714 116.
754 1683 786 1722 4,
812 1678 845 1712 V
860 1682 937 1721 7.1,
963 1679 1030 1712 VII
1045 1683 1075 1713 5.
1091 1683 1122 1723 3,
1150 1679 1216 1713 XV
1230 1683 1333 1723 415,
1354 1679 1393 1721 Q.
1414 1680 1456 1714 fr.

126 1725 143 1758 Ι
158 1728 188 1760 1.
203 1728 246 1759 46
260 1737 319 1769 m.,
339 1725 399 1759 hie
412 1737 446 1770 p.
462 1729 517 1760 34.
534 1730 587 1769 15,
607 1729 661 1759 47.
680 1730 733 1769 14,
755 1729 880 1768 9019,
903 1729 979 1760 160.
995 1729 1049 1770 34,
1071 1730 1217 1769 368.33,
1239 1730 1316 1761 562.
1332 1730 1374 1760 28
1390 1728 1457 1760 etc.

126 1792 172 1796 —
199 1775 241 1805 19
267 1783 346 1806 cum
372 1771 501 1815 Orelli,
534 1772 722 1806 Lehmann
752 1772 1026 1807 ‘WVochenschr
1049 1772 1073 1806 f.
1093 1772 1204 1807 klass.
1227 1773 1336 1807 Phil.’
1368 1777 1456 1807 1896

126 1830 161 1862 p.
182 1821 248 1852 557
258 1830 347 1862 sqq,
373 1819 479 1853 etiam
504 1820 565 1862 Cet
590 1831 672 1853 cum
697 1830 784 1853 arcu
809 1819 848 1852 in
872 1830 1018 1862 rasura3
1046 1821 1131 1853 ante
1157 1822 1372 1862 sequentem
1396 1819 1457 1854 lit-

126 1867 247 1898 teram
278 1866 290 1898 l
315 1865 436 1899 fuerat
468 1866 518 1909 0⁷)
549 1865 603 1909 M,
638 1877 720 1899 cum
746 1876 852 1900 cruce
877 1866 986 1909 Boot,
1013 1877 1056 1900 ex
1082 1867 1202 1900 animo
1228 1866 1270 1900 H.
1292 1867 1333 1900 A.
1354 1866 1458 1900 Koch

127 1922 246 1956 progr.
268 1911 408 1946 Putbus
436 1915 525 1946 1855
559 1924 593 1956 p.
616 1916 670 1954 12,
696 1912 839 1956 Baiter,
870 1917 911 1947 ut
941 1924 1074 1947 mecum
1105 1912 1325 1956 Peerlkamp
1359 1913 1457 1957 apud

128 1958 308 2000 Bootium,
334 1959 388 1992 ita
407 1959 543 2002 loquar,
568 1963 608 1993 ut
631 1958 750 2002 Klotz,
778 1959 931 2003 Tyrrell,
957 1961 1010 1994 ita
1029 1960 1223 2003 colloquar,
1242 1964 1282 1993 ut
1300 1959 1455 2002 Ernest,

130 2003 266 2048 ἔτυμα
294 2005 420 2049 loquar
444 2005 501 2039 Fr.
523 2005 690 2039 Schmidt
715 2018 811 2050 prgr.
832 2005 997 2040 Norimb.
1021 2009 1108 2039 1879
1135 2018 1168 2049 p.
1192 2009 1245 2039 17.
1272 2027 1317 2031 ——
1344 2010 1385 2039 21
1403 2018 1454 2050 sq.

131 2051 154 2094 †
169 2050 332 2086 Metellus
351 2072 395 2077 —
415 2054 532 2086 mera!
559 2052 696 2096 Baiter,
715 2052 808 2086 Boot
828 2053 907 2096 (sed
925 2052 986 2086 hic
1006 2063 1044 2086 se
1064 2052 1303 2096 reprehendit
1321 2053 1454 2087 Mnem.

132 2099 219 2129 1892
245 2109 280 2141 p.
302 2100 397 2142 114),
433 2099 496 2133 Me
521 2099 645 2133 tellus!
680 2110 754 2133 ozon
778 2100 878 2133 homo
904 2103 969 2141 est,
1000 2099 1060 2133 sed
1086 2100 1171 2133 litus
1189 2104 1294 2143 atque
1319 2103 1380 2134 aer
1405 2100 1457 2134 Et

129 2143 283 2177 solitudo
307 2156 404 2179 mera
423 2159 488 2187 ——;
506 2147 548 2179 ut
572 2147 705 2189 poetae
730 2156 853 2179 versus
874 2145 1057 2188 Wesenb„
1084 2147 1352 2181 amantissimus
1376 2148 1455 2188 mei,

129 2189 276 2223 Ellum!
311 2201 385 2225 ‘non
409 2191 445 2226 C.
467 2191 508 2226 G.
528 2192 732 2226 Firnhaber
752 2192 883 2226 Philol.
904 2191 954 2224 VI
975 2195 1062 2225 1851
1088 2204 1122 2236 p.
1145 2196 1223 2236 368,
1250 2194 1454 2227 amantissi-

129 2247 207 2270 mus
244 2237 327 2278 mei,
361 2238 456 2272 domi
493 2239 567 2273 eius
603 2249 676 2272 mm
706 2239 807 2273 homo
838 2238 880 2272 H.
903 2238 944 2272 A.
966 2238 1068 2272 Koch
1098 2250 1218 2284 progr.
1245 2239 1342 2274 Port.
1366 2243 1454 2273 1868

129 2294 163 2326 p.
180 2286 234 2326 19,
255 2294 322 2318 am.
335 2284 411 2318 mei.
440 2285 582 2320 Tullius
601 2285 752 2329 Madvig
771 2285 860 2319 Adv.
875 2284 925 2317 ΠΙ
937 2297 971 2329 p.
985 2289 1050 2319 166
1063 2296 1127 2329 sq,
1148 2298 1215 2320 am.
1229 2288 1296 2321 mei
1309 2287 1369 2320 me
1382 2298 1456 2320 mm
