1665 2553
221 65 307 105 448
648 66 696 100 M.
723 65 864 100 TULLI
889 65 1138 100 CICERONIS

220 159 301 201 hoc
327 174 351 200 a
385 175 450 201 me
478 160 537 201 810
562 160 684 215 petis,
714 163 776 216 ut,
807 175 913 214 quae
938 163 1013 201 tua
1036 163 1227 215 potestas
1253 163 1331 216 est,
1360 175 1410 201 ea
1432 173 1560 215 neges

221 220 262 259 te
294 233 360 259 me
391 218 526 260 invito
558 233 752 273 usurum,
788 233 920 273 puero
962 233 1129 273 quoque
1165 219 1246 261 1100
1278 234 1302 260 3
1332 233 1398 260 1110
1430 219 1561 273 dabis,

223 277 258 318 si
291 277 372 318 tibi
403 277 633 332 videbitur,
669 292 757 318 non
795 292 878 331 quo
912 281 984 318 aut
1022 281 1136 318 aetas
1174 280 1322 319 nostra
1360 278 1411 318 ab
1445 277 1560 318 1111118

222 338 358 376 aetate
390 336 616 390 quicquam
642 336 791 376 debeat
822 336 997 390 periculi
1024 336 1240 392 suspicari⁷
1271 339 1344 377 aut
1375 336 1560 391 dignitas

221 409 314 435 mea
358 394 488 434 ullam
533 394 848 435 contentionem
886 395 1150 449 extimescat,
1195 395 1266 435 sed
1308 397 1356 436 ut
1392 397 1560 436 nosmet
1598 411 1613 436 5

222 453 304 506 ipsi
330 453 442 493 inter
466 467 544 493 nos
572 453 882 494 coniunctiores
910 454 1053 507 81111118,
1080 468 1206 508 quam
1232 453 1366 494 adhuc
1390 453 1560 495 fuimus.

221 510 598 564 Interpellantibus
632 512 743 552 enim
774 512 841 552 his
867 512 1100 553 inimicitiis
1133 512 1298 553 animus
1325 515 1424 552 tuus
1456 511 1562 552 mihi

222 570 358 624 magis
391 570 532 624 patuit
565 585 691 624 quam
724 571 884 612 domus.
947 570 1028 612 Sed
1058 571 1159 612 'naec
1188 571 1404 612 hactenus.

311 627 422 669 Illud
455 632 700 670 extremum.
755 629 863 684 Ego,
895 643 1001 683 quae
1026 632 1069 670 te
1094 629 1201 670 velle
1228 643 1417 683 quaeque
1443 628 1495 669 ad
1520 631 1561 669 te

220 687 431 740 pertinere
482 688 741 741 arbitrabor,
799 702 964 741 semper
1016 689 1104 729 sine
1159 688 1246 729 ulla
1295 687 1560 728 dubitatione
1580 703 1614 728 10

222 760 386 787 summo
431 746 571 788 studio
614 747 775 787 faciam.
837 746 931 787 Hoc
974 747 1100 787 velim
1142 747 1223 787 tibi
1266 746 1435 801 penitus
1471 760 1561 800 per-

222 805 408 845 suadeas.

832 910 945 951 XIV.

395 989 470 1025 Ser.
491 991 531 1024 in
557 990 758 1025 Puteolano
783 1003 815 1024 α.
837 992 870 1025 d.
899 990 932 1023 V
954 991 1002 1024 K.
1026 991 1120 1024 silai.
1141 1002 1174 1024 α.
1197 993 1268 1025 710
1295 992 1384 1033 (44).

640 1071 808 1107 CICERO
834 1071 1007 1107 ATTICO
1035 1072 1068 1107 S.
1094 1071 1137 1106 D.

311 1154 589 1196 ‘Iteradum
621 1156 786 1196 eadem
818 1157 919 1197 ista
950 1156 1106 1196 mihi.'
1164 1153 1402 1196 Coronatus
1436 1153 1560 1203 Quin-
1581 1171 1613 1197 15

220 1216 290 1254 tus
324 1218 469 1255 noster
488 1214 717 1255 Parilibus!
763 1214 1022 1269 [Parilibus]
1069 1213 1276 1254 Solusne‘?
1319 1213 1417 1254 Etsi
1443 1213 1559 1254 addis

220 1272 421 1313 Lamiam.
473 1272 593 1320 Quod
626 1273 806 1313 demiror
839 1273 1048 1326 equidem,
1080 1272 1151 1313 sed
1183 1272 1287 1313 scire
1319 1272 1456 1326 cupio,
1488 1272 1561 1325 qui

220 1331 379 1372 fuerint
411 1330 502 1385 alii3
541 1346 795 1385 quamquam
834 1332 936 1372 satis
976 1331 1061 1372 8010
1100 1331 1183 1371 nisi
1220 1330 1462 1384 improbum
1491 1344 1559 1371 ne-

220 1390 387 1430 minem.
437 1389 699 1443 Explanabis
726 1390 859 1444 igitur
884 1389 964 1430 1100
991 1389 1247 1444 diligentius.
1298 1389 1392 1443 Ego
1419 1391 1560 1429 autem

221 1462 331 1501 casu,
364 1462 459 1488 cum
491 1448 697 1489 dedissem
724 1449 775 1488 ad
807 1452 848 1489 te
880 1448 1045 1489 litteras
1077 1460 1125 1488 VI
1150 1447 1242 1488 Kal.
1276 1447 1379 1488 satis
1412 1447 1559 1488 multis
1580 1465 1612 1489 -20

220 1506 379 1560 verbis,
423 1506 561 1547 tribus
599 1507 684 1548 fere
728 1507 845 1548 horis
883 1510 981 1561 post
1025 1507 1165 1560 accepi
1202 1509 1297 1547 tuas
1335 1508 1377 1547 et
1416 1507 1560 1560 magni

221 1565 390 1618 quidem
428 1566 638 1619 ponderis.
700 1564 850 1620 Itaque
893 1565 986 1607 ioca
1029 1568 1102 1606 tua
1145 1565 1270 1618 plena
1313 1564 1560 1605 facetiarum

221 1624 270 1664 de
307 1623 471 1664 haeresi
507 1623 760 1665 Vestoriana
798 1628 839 1664 et
877 1624 925 1665 de
962 1624 1220 1665 Pher-ionum
1256 1637 1372 1664 more
1409 1622 1560 1664 Puteo-

220 1682 318 1723 lano
345 1682 487 1723 risisse
513 1697 579 1723 me
600 1683 702 1723 satis
722 1683 830 1723 nihil
856 1686 920 1724 est
939 1697 1108 1724 necesse
1134 1682 1373 1723 rescribere.
1424 1685 1560 1723 Πολι-

220 1742 429 1795 τικώτερα
460 1741 534 1782 1113
564 1742 790 1782 videamus.
1580 1756 1613 1782 25

308 1799 376 1840 Ita
408 1799 565 1840 Brutos
593 1800 869 1854 Cassiumque
901 1799 1099 1853 defendis,
1131 1798 1251 1853 quasi
1283 1812 1354 1839 eos
1387 1812 1465 1851 ego
1498 1812 1559 1838 re-

220 1857 496 1912 prehendam3
535 1873 641 1912 quos
674 1859 778 1899 satis
815 1858 985 1898 laudare
1022 1872 1107 1898 non
1140 1872 1324 1911 possum.
1399 1855 1559 1897 Rerum

220 1930 298 1971 ego
324 1917 429 1957 vitia
455 1917 618 1971 collegi,
642 1932 729 1957 non
753 1917 985 1957 hominum.
1031 1915 1208 1957 Sublato
1238 1915 1350 1956 enim
1376 1918 1558 1968 tyranno

221 1975 446 2028 tyrannida
478 1990 645 2016 manere
670 1976 802 2016 video.
865 1974 989 2029 Nam,
1021 1989 1127 2028 (11130
1158 1974 1228 2015 ille
1255 1974 1443 2014 facturus
1473 1988 1559 2014 non

219 2033 319 2088 fuit,
357 2048 404 2074 ea
435 2033 560 2088 fiunt,
593 2037 640 2074 ut
673 2034 721 2074 de
754 2032 920 2087 Clodio,
957 2033 1007 2073 de
1039 2047 1122 2086 quo
1155 2032 1261 2073 mihi
1292 2032 1559 2085 exploratum
1578 2049 1611 2073 30

221 2094 286 2131 est
317 2092 440 2132 illum
470 2106 558 2132 non
588 2092 713 2133 modo
744 2106 830 2133 non
861 2092 1090 2146 facturum,
1122 2091 1195 2132 sed
1226 2090 1354 2131 etiam
1383 2104 1436 2131 ne
1467 2105 1559 2144 pas-

220 2163 365 2190 surum
416 2151 584 2203 quidem
631 2151 772 2191 fuisse.
841 2149 1049 2204 Sequetur
1099 2149 1223 2190 Rufio
1268 2149 1560 2204 Vestorianus‚

219 2206 370 2248 Victor
400 2223 632 2262 numquam
663 2209 859 2263 scriptus,
891 2209 1036 2261 ceteri,
1070 2208 1164 2262 quis
1195 2207 1310 2248 non?
1367 2205 1446 2248 Cui
1478 2221 1560 2247 ser—

219 2265 308 2305 vire
340 2266 421 2319 ipsi
457 2281 544 2308 non
581 2268 816 2322 potuimus,
859 2267 947 2308 eius
985 2267 1142 2307 libellis
1180 2279 1386 2320 paremus.
1448 2263 1561 2306 Nam
