<?xml version="1.0" encoding="UTF-8"?>
<!DOCTYPE html PUBLIC "-//W3C//DTD XHTML 1.0 Transitional//EN"
    "http://www.w3.org/TR/xhtml1/DTD/xhtml1-transitional.dtd">
<html xmlns="http://www.w3.org/1999/xhtml" xml:lang="en" lang="en">
 <head>
  <title>
</title>
<meta http-equiv="Content-Type" content="text/html;charset=utf-8" />
  <meta name='ocr-system' content='tesseract 3.04.00' />
  <meta name='ocr-capabilities' content='ocr_page ocr_carea ocr_par ocr_line ocrx_word'/>
</head>
<body>
  <div class='ocr_page' id='page_1' title='image "./p2scriptaquaemanse03ciceuoft_0711.png"; bbox 0 0 1665 2553; ppageno 0'>
   <div class='ocr_carea' id='block_1_1' title="bbox 304 115 1462 158">
    <p class='ocr_par' dir='ltr' id='par_1_1' title="bbox 304 115 1462 158">
     <span class='ocr_line' id='line_1_1' title="bbox 304 115 1462 158; baseline 0 -7"><span class='ocrx_word' id='word_1_1' title='bbox 304 116 644 151; x_wconf 84' lang='lat' dir='ltr'><strong>EPISTULARUM</strong></span> <span class='ocrx_word' id='word_1_2' title='bbox 668 116 732 151; x_wconf 90' lang='lat' dir='ltr'>AD</span> <span class='ocrx_word' id='word_1_3' title='bbox 759 115 974 151; x_wconf 88' lang='lat' dir='ltr'>ATTICUM</span> <span class='ocrx_word' id='word_1_4' title='bbox 999 115 1084 150; x_wconf 87' lang='lat' dir='ltr'>XVI</span> <span class='ocrx_word' id='word_1_5' title='bbox 1110 119 1152 150; x_wconf 90' lang='grc'>16</span> <span class='ocrx_word' id='word_1_6' title='bbox 1163 116 1277 150; x_wconf 80' lang='grc' dir='ltr'><strong>Ο-Ε,</strong></span> <span class='ocrx_word' id='word_1_7' title='bbox 1377 117 1462 158; x_wconf 77' lang='lat'>519</span> 
     </span>
    </p>
   </div>
   <div class='ocr_carea' id='block_1_2' title="bbox 126 210 1465 334">
    <p class='ocr_par' dir='ltr' id='par_1_2' title="bbox 126 210 1465 334">
     <span class='ocr_line' id='line_1_2' title="bbox 126 210 1465 267; baseline -0.001 -13"><span class='ocrx_word' id='word_1_8' title='bbox 126 213 399 267; x_wconf 81' lang='lat' dir='ltr'>vitatemque,</span> <span class='ocrx_word' id='word_1_9' title='bbox 431 227 513 266; x_wconf 90' lang='lat' dir='ltr'>qua</span> <span class='ocrx_word' id='word_1_10' title='bbox 543 226 667 253; x_wconf 89' lang='lat' dir='ltr'>nemo</span> <span class='ocrx_word' id='word_1_11' title='bbox 699 211 781 253; x_wconf 90' lang='lat' dir='ltr'>tibi</span> <span class='ocrx_word' id='word_1_12' title='bbox 811 226 888 265; x_wconf 87' lang='lat' dir='ltr'>par</span> <span class='ocrx_word' id='word_1_13' title='bbox 922 213 997 267; x_wconf 89' lang='lat' dir='ltr'>est,</span> <span class='ocrx_word' id='word_1_14' title='bbox 1029 211 1281 252; x_wconf 80' lang='lat' dir='ltr'>adhibueris.</span> <span class='ocrx_word' id='word_1_15' title='bbox 1344 210 1465 260; x_wconf 83' lang='lat' dir='ltr'>Quod</span> 
     </span>
     <span class='ocr_line' id='line_1_3' title="bbox 127 271 869 334; baseline -0.001 -22"><span class='ocrx_word' id='word_1_16' title='bbox 127 274 175 312; x_wconf 87' lang='lat' dir='ltr'>ut</span> <span class='ocrx_word' id='word_1_17' title='bbox 195 271 347 334; x_wconf 69' lang='lat' dir='ltr'>facias,</span> <span class='ocrx_word' id='word_1_18' title='bbox 380 274 422 312; x_wconf 90' lang='lat' dir='ltr'>te</span> <span class='ocrx_word' id='word_1_19' title='bbox 452 271 721 313; x_wconf 86' lang='lat' dir='ltr'>vehementer</span> <span class='ocrx_word' id='word_1_20' title='bbox 751 284 869 325; x_wconf 89' lang='lat' dir='ltr'>rogo.</span> 
     </span>
    </p>
   </div>
   <div class='ocr_carea' id='block_1_3' title="bbox 459 386 1134 512">
    <p class='ocr_par' dir='ltr' id='par_1_3' title="bbox 459 386 1134 512">
     <span class='ocr_line' id='line_1_4' title="bbox 773 386 824 428; baseline 0 0"><span class='ocrx_word' id='word_1_21' title='bbox 773 386 824 428; x_wconf 92' lang='lat' dir='ltr'>D.</span> 
     </span>
     <span class='ocr_line' id='line_1_5' title="bbox 459 467 1134 512; baseline -0.001 -9"><span class='ocrx_word' id='word_1_22' title='bbox 459 468 533 503; x_wconf 78' lang='lat' dir='ltr'>Ser.</span> <span class='ocrx_word' id='word_1_23' title='bbox 556 468 673 502; x_wconf 82' lang='lat' dir='ltr'>eodem</span> <span class='ocrx_word' id='word_1_24' title='bbox 697 471 849 511; x_wconf 75' lang='lat' dir='ltr'>tempore</span> <span class='ocrx_word' id='word_1_25' title='bbox 874 479 942 512; x_wconf 76' lang='lat' dir='ltr'>quo</span> <span class='ocrx_word' id='word_1_26' title='bbox 967 479 1019 512; x_wconf 77' lang='lat' dir='ltr'>ep.</span> <span class='ocrx_word' id='word_1_27' title='bbox 1040 467 1134 502; x_wconf 84' lang='lat'>160.</span> 
     </span>
    </p>
   </div>
   <div class='ocr_carea' id='block_1_4' title="bbox 91 548 1088 584">
    <p class='ocr_par' dir='ltr' id='par_1_4' title="bbox 91 548 1088 584">
     <span class='ocr_line' id='line_1_6' title="bbox 91 548 1088 584; baseline 0.001 -2"><span class='ocrx_word' id='word_1_28' title='bbox 91 556 107 582; x_wconf 88' lang='lat'><strong>5</strong></span> <span class='ocrx_word' id='word_1_29' title='bbox 510 548 679 584; x_wconf 85' lang='lat' dir='ltr'>CICERO</span> <span class='ocrx_word' id='word_1_30' title='bbox 708 549 744 584; x_wconf 85' lang='lat' dir='ltr'>C.</span> <span class='ocrx_word' id='word_1_31' title='bbox 767 548 1027 584; x_wconf 77' lang='lat' dir='ltr'>CUPIENNIO</span> <span class='ocrx_word' id='word_1_32' title='bbox 1055 548 1088 584; x_wconf 83' lang='lat' dir='ltr'>S.</span> 
     </span>
    </p>
   </div>
   <div class='ocr_carea' id='block_1_5' title="bbox 74 620 1468 1027">
    <p class='ocr_par' dir='ltr' id='par_1_5' title="bbox 126 620 1468 851">
     <span class='ocr_line' id='line_1_7' title="bbox 214 620 1465 675; baseline -0.001 -13"><span class='ocrx_word' id='word_1_33' title='bbox 214 621 385 662; x_wconf 90' lang='lat' dir='ltr'>Patrem</span> <span class='ocrx_word' id='word_1_34' title='bbox 423 625 545 662; x_wconf 89' lang='lat' dir='ltr'>tuum</span> <span class='ocrx_word' id='word_1_35' title='bbox 581 621 756 675; x_wconf 82' lang='lat' dir='ltr'>plurimi</span> <span class='ocrx_word' id='word_1_36' title='bbox 792 621 892 675; x_wconf 86' lang='lat' dir='ltr'>feci,</span> <span class='ocrx_word' id='word_1_37' title='bbox 927 635 1077 674; x_wconf 90' lang='lat' dir='ltr'>meque</span> <span class='ocrx_word' id='word_1_38' title='bbox 1116 621 1187 661; x_wconf 89' lang='lat' dir='ltr'>ille</span> <span class='ocrx_word' id='word_1_39' title='bbox 1218 620 1392 661; x_wconf 91' lang='lat' dir='ltr'>mirifice</span> <span class='ocrx_word' id='word_1_40' title='bbox 1425 623 1465 662; x_wconf 90' lang='lat' dir='ltr'>et</span> 
     </span>
     <span class='ocr_line' id='line_1_8' title="bbox 127 679 1465 735; baseline -0.001 -14"><span class='ocrx_word' id='word_1_41' title='bbox 127 680 258 721; x_wconf 88' lang='lat' dir='ltr'>coluit</span> <span class='ocrx_word' id='word_1_42' title='bbox 289 683 331 721; x_wconf 90' lang='lat' dir='ltr'>et</span> <span class='ocrx_word' id='word_1_43' title='bbox 364 681 537 735; x_wconf 67' lang='lat' dir='ltr'>amavit,</span> <span class='ocrx_word' id='word_1_44' title='bbox 568 695 645 720; x_wconf 86' lang='lat' dir='ltr'>nec</span> <span class='ocrx_word' id='word_1_45' title='bbox 670 680 907 721; x_wconf 76' lang='lat' dir='ltr'>mehercule</span> <span class='ocrx_word' id='word_1_46' title='bbox 932 694 1133 733; x_wconf 87' lang='lat' dir='ltr'>umquam</span> <span class='ocrx_word' id='word_1_47' title='bbox 1158 679 1264 719; x_wconf 87' lang='lat' dir='ltr'>mihi</span> <span class='ocrx_word' id='word_1_48' title='bbox 1290 679 1465 720; x_wconf 88' lang='lat' dir='ltr'>dubium</span> 
     </span>
     <span class='ocr_line' id='line_1_9' title="bbox 126 738 1468 794; baseline -0.001 -15"><span class='ocrx_word' id='word_1_49' title='bbox 126 739 230 793; x_wconf 86' lang='lat' dir='ltr'>fuit,</span> <span class='ocrx_word' id='word_1_50' title='bbox 267 739 372 793; x_wconf 85' lang='lat' dir='ltr'>quin</span> <span class='ocrx_word' id='word_1_51' title='bbox 409 754 432 780; x_wconf 89' lang='lat' dir='ltr'>a</span> <span class='ocrx_word' id='word_1_52' title='bbox 468 742 511 780; x_wconf 91' lang='lat' dir='ltr'>te</span> <span class='ocrx_word' id='word_1_53' title='bbox 549 739 763 794; x_wconf 73' lang='lat' dir='ltr'>diligerer,</span> <span class='ocrx_word' id='word_1_54' title='bbox 808 752 885 793; x_wconf 88' lang='lat' dir='ltr'>ego</span> <span class='ocrx_word' id='word_1_55' title='bbox 927 738 1095 792; x_wconf 89' lang='lat' dir='ltr'>quidem</span> <span class='ocrx_word' id='word_1_56' title='bbox 1134 738 1176 778; x_wconf 90' lang='lat' dir='ltr'>id</span> <span class='ocrx_word' id='word_1_57' title='bbox 1214 738 1350 779; x_wconf 87' lang='lat' dir='ltr'>facere</span> <span class='ocrx_word' id='word_1_58' title='bbox 1379 752 1468 779; x_wconf 87' lang='lat' dir='ltr'>non</span> 
     </span>
     <span class='ocr_line' id='line_1_10' title="bbox 128 796 1466 851; baseline -0.001 -13"><span class='ocrx_word' id='word_1_59' title='bbox 128 797 283 838; x_wconf 82' lang='lat' dir='ltr'>destiti.</span> <span class='ocrx_word' id='word_1_60' title='bbox 340 796 473 846; x_wconf 83' lang='lat' dir='ltr'>Quam</span> <span class='ocrx_word' id='word_1_61' title='bbox 506 797 559 838; x_wconf 93' lang='lat' dir='ltr'>ob</span> <span class='ocrx_word' id='word_1_62' title='bbox 591 812 680 838; x_wconf 87' lang='lat' dir='ltr'>rem</span> <span class='ocrx_word' id='word_1_63' title='bbox 712 799 810 851; x_wconf 91' lang='lat' dir='ltr'>peto</span> <span class='ocrx_word' id='word_1_64' title='bbox 844 812 868 838; x_wconf 89' lang='lat' dir='ltr'>a</span> <span class='ocrx_word' id='word_1_65' title='bbox 900 799 942 837; x_wconf 91' lang='lat' dir='ltr'>te</span> <span class='ocrx_word' id='word_1_66' title='bbox 974 797 1019 837; x_wconf 87' lang='lat' dir='ltr'>in</span> <span class='ocrx_word' id='word_1_67' title='bbox 1049 797 1253 837; x_wconf 88' lang='lat' dir='ltr'>maiorem</span> <span class='ocrx_word' id='word_1_68' title='bbox 1282 796 1466 851; x_wconf 88' lang='lat' dir='ltr'>modum,</span> 
     </span>
    </p>

    <p class='ocr_par' dir='ltr' id='par_1_6' title="bbox 74 855 1468 1026">
     <span class='ocr_line' id='line_1_11' title="bbox 74 855 1467 908; baseline -0.001 -11"><span class='ocrx_word' id='word_1_69' title='bbox 74 873 108 897; x_wconf 86' lang='lat'>10</span> <span class='ocrx_word' id='word_1_70' title='bbox 127 859 175 897; x_wconf 89' lang='lat' dir='ltr'>ut</span> <span class='ocrx_word' id='word_1_71' title='bbox 213 856 428 897; x_wconf 87' lang='lat' dir='ltr'>civitatem</span> <span class='ocrx_word' id='word_1_72' title='bbox 458 855 733 896; x_wconf 86' lang='lat' dir='ltr'>Buthrotiam</span> <span class='ocrx_word' id='word_1_73' title='bbox 766 856 959 896; x_wconf 83' lang='lat' dir='ltr'>subleves</span> <span class='ocrx_word' id='word_1_74' title='bbox 993 855 1288 908; x_wconf 88' lang='lat' dir='ltr'>decretumque</span> <span class='ocrx_word' id='word_1_75' title='bbox 1319 869 1467 896; x_wconf 90' lang='lat' dir='ltr'>consu-</span> 
     </span>
     <span class='ocr_line' id='line_1_12' title="bbox 126 913 1466 968; baseline -0.001 -13"><span class='ocrx_word' id='word_1_76' title='bbox 126 914 232 968; x_wconf 92' lang='lat' dir='ltr'>lum,</span> <span class='ocrx_word' id='word_1_77' title='bbox 270 914 382 968; x_wconf 88' lang='lat' dir='ltr'>quod</span> <span class='ocrx_word' id='word_1_78' title='bbox 419 914 448 955; x_wconf 91' lang='lat' dir='ltr'>ii</span> <span class='ocrx_word' id='word_1_79' title='bbox 488 914 717 955; x_wconf 87' lang='lat' dir='ltr'>secundum</span> <span class='ocrx_word' id='word_1_80' title='bbox 754 913 1007 955; x_wconf 75' lang='lat' dir='ltr'>Buthrotios</span> <span class='ocrx_word' id='word_1_81' title='bbox 1046 914 1253 967; x_wconf 84' lang='lat' dir='ltr'>fecerunt,</span> <span class='ocrx_word' id='word_1_82' title='bbox 1291 928 1386 954; x_wconf 90' lang='lat' dir='ltr'>cum</span> <span class='ocrx_word' id='word_1_83' title='bbox 1425 916 1466 954; x_wconf 89' lang='lat' dir='ltr'>et</span> 
     </span>
     <span class='ocr_line' id='line_1_13' title="bbox 125 972 1468 1027; baseline -0.001 -14"><span class='ocrx_word' id='word_1_84' title='bbox 125 973 218 1027; x_wconf 89' lang='lat' dir='ltr'>lege</span> <span class='ocrx_word' id='word_1_85' title='bbox 263 976 303 1014; x_wconf 88' lang='lat' dir='ltr'>et</span> <span class='ocrx_word' id='word_1_86' title='bbox 345 976 515 1014; x_wconf 87' lang='lat' dir='ltr'>senatus</span> <span class='ocrx_word' id='word_1_87' title='bbox 557 973 750 1014; x_wconf 90' lang='lat' dir='ltr'>consulto</span> <span class='ocrx_word' id='word_1_88' title='bbox 793 972 1004 1014; x_wconf 84' lang='lat' dir='ltr'>statuendi</span> <span class='ocrx_word' id='word_1_89' title='bbox 1050 974 1306 1026; x_wconf 89' lang='lat' dir='ltr'>potestatem</span> <span class='ocrx_word' id='word_1_90' title='bbox 1343 972 1468 1012; x_wconf 84' lang='lat' dir='ltr'>habe·</span> 
     </span>
    </p>
   </div>
   <div class='ocr_carea' id='block_1_6' title="bbox 1493 631 1537 661">
    <p class='ocr_par' dir='ltr' id='par_1_7' title="bbox 1493 631 1537 661">
     <span class='ocr_line' id='line_1_14' title="bbox 1493 631 1537 661; baseline 0 0"><span class='ocrx_word' id='word_1_91' title='bbox 1493 631 1537 661; x_wconf 82' lang='lat'>14</span> 
     </span>
    </p>
   </div>
   <div class='ocr_carea' id='block_1_7' title="bbox 126 1031 1528 1085">
    <p class='ocr_par' dir='ltr' id='par_1_8' title="bbox 126 1031 1528 1085">
     <span class='ocr_line' id='line_1_15' title="bbox 126 1031 1528 1085; baseline -0.001 -13"><span class='ocrx_word' id='word_1_92' title='bbox 126 1034 239 1085; x_wconf 82' lang='lat' dir='ltr'>ient,</span> <span class='ocrx_word' id='word_1_93' title='bbox 282 1031 352 1072; x_wconf 88' lang='lat' dir='ltr'>des</span> <span class='ocrx_word' id='word_1_94' title='bbox 398 1046 568 1085; x_wconf 81' lang='lat' dir='ltr'>operam</span> <span class='ocrx_word' id='word_1_95' title='bbox 612 1034 660 1072; x_wconf 86' lang='lat' dir='ltr'>ut</span> <span class='ocrx_word' id='word_1_96' title='bbox 703 1031 883 1072; x_wconf 83' lang='lat' dir='ltr'>Plancus</span> <span class='ocrx_word' id='word_1_97' title='bbox 927 1033 1072 1072; x_wconf 91' lang='lat' dir='ltr'>noster</span> <span class='ocrx_word' id='word_1_98' title='bbox 1117 1045 1243 1084; x_wconf 87' lang='lat' dir='ltr'>quam</span> <span class='ocrx_word' id='word_1_99' title='bbox 1282 1031 1468 1085; x_wconf 74' lang='lat' dir='ltr'>primum</span> <span class='ocrx_word' id='word_1_100' title='bbox 1521 1031 1528 1034; x_wconf 76' lang='grc'><em>“</em></span> 
     </span>
    </p>
   </div>
   <div class='ocr_carea' id='block_1_8' title="bbox 75 1088 1468 1203">
    <p class='ocr_par' dir='ltr' id='par_1_9' title="bbox 75 1088 1468 1203">
     <span class='ocr_line' id='line_1_16' title="bbox 127 1088 1468 1160; baseline 0 -30"><span class='ocrx_word' id='word_1_101' title='bbox 127 1090 346 1130; x_wconf 87' lang='lat' dir='ltr'>confirmet</span> <span class='ocrx_word' id='word_1_102' title='bbox 378 1092 419 1130; x_wconf 90' lang='lat' dir='ltr'>et</span> <span class='ocrx_word' id='word_1_103' title='bbox 452 1090 708 1143; x_wconf 88' lang='lat' dir='ltr'>comprobet.</span> <span class='ocrx_word' id='word_1_104' title='bbox 770 1089 864 1130; x_wconf 92' lang='lat' dir='ltr'>Hoc</span> <span class='ocrx_word' id='word_1_105' title='bbox 895 1092 937 1130; x_wconf 91' lang='lat' dir='ltr'>te</span> <span class='ocrx_word' id='word_1_106' title='bbox 969 1089 1259 1160; x_wconf 82' lang='lat' dir='ltr'>vehementer,</span> <span class='ocrx_word' id='word_1_107' title='bbox 1297 1090 1356 1130; x_wconf 90' lang='lat' dir='ltr'>mi</span> <span class='ocrx_word' id='word_1_108' title='bbox 1390 1088 1468 1130; x_wconf 87' lang='lat' dir='ltr'>Cu-</span> 
     </span>
     <span class='ocr_line' id='line_1_17' title="bbox 75 1148 912 1203; baseline 0 -14"><span class='ocrx_word' id='word_1_109' title='bbox 75 1148 283 1203; x_wconf 70' lang='lat' dir='ltr'>15plen11i,</span> <span class='ocrx_word' id='word_1_110' title='bbox 315 1148 443 1189; x_wconf 90' lang='lat' dir='ltr'>etiam</span> <span class='ocrx_word' id='word_1_111' title='bbox 474 1151 601 1202; x_wconf 85' lang='lat' dir='ltr'>atque</span> <span class='ocrx_word' id='word_1_112' title='bbox 635 1149 763 1189; x_wconf 89' lang='lat' dir='ltr'>etiam</span> <span class='ocrx_word' id='word_1_113' title='bbox 794 1162 912 1203; x_wconf 86' lang='lat' dir='ltr'>rogo.</span> 
     </span>
    </p>
   </div>
   <div class='ocr_carea' id='block_1_9' title="bbox 611 1264 984 1389">
    <p class='ocr_par' dir='ltr' id='par_1_10' title="bbox 611 1264 984 1389">
     <span class='ocr_line' id='line_1_18' title="bbox 774 1264 824 1306; baseline 0.02 -1"><span class='ocrx_word' id='word_1_114' title='bbox 774 1264 824 1306; x_wconf 88' lang='lat' dir='ltr'>E.</span> 
     </span>
     <span class='ocr_line' id='line_1_19' title="bbox 611 1345 984 1389; baseline 0.003 -9"><span class='ocrx_word' id='word_1_115' title='bbox 611 1345 686 1380; x_wconf 81' lang='lat' dir='ltr'>Ser.</span> <span class='ocrx_word' id='word_1_116' title='bbox 703 1350 785 1389; x_wconf 72' lang='lat' dir='ltr'>post</span> <span class='ocrx_word' id='word_1_117' title='bbox 809 1357 861 1389; x_wconf 74' lang='lat' dir='ltr'>ep.</span> <span class='ocrx_word' id='word_1_118' title='bbox 881 1345 984 1381; x_wconf 84' lang='lat' dir='ltr'>16B.</span> 
     </span>
    </p>
   </div>
   <div class='ocr_carea' id='block_1_10' title="bbox 421 1425 1180 1462">
    <p class='ocr_par' dir='ltr' id='par_1_11' title="bbox 421 1425 1180 1462">
     <span class='ocr_line' id='line_1_20' title="bbox 421 1425 1180 1462; baseline 0.003 -2"><span class='ocrx_word' id='word_1_119' title='bbox 421 1425 590 1461; x_wconf 83' lang='lat' dir='ltr'>CICERO</span> <span class='ocrx_word' id='word_1_120' title='bbox 617 1426 805 1461; x_wconf 85' lang='lat' dir='ltr'>PLANCO</span> <span class='ocrx_word' id='word_1_121' title='bbox 832 1427 1001 1461; x_wconf 86' lang='lat' dir='ltr'>PRAET.</span> <span class='ocrx_word' id='word_1_122' title='bbox 1021 1427 1122 1462; x_wconf 85' lang='lat' dir='ltr'>DEs.</span> <span class='ocrx_word' id='word_1_123' title='bbox 1145 1426 1180 1462; x_wconf 90' lang='lat' dir='ltr'>S.</span> 
     </span>
    </p>
   </div>
   <div class='ocr_carea' id='block_1_11' title="bbox 74 1496 1471 2369">
    <p class='ocr_par' dir='ltr' id='par_1_12' title="bbox 215 1496 1467 1553">
     <span class='ocr_line' id='line_1_21' title="bbox 215 1496 1467 1553; baseline 0 -15"><span class='ocrx_word' id='word_1_124' title='bbox 215 1496 393 1552; x_wconf 81' lang='lat' dir='ltr'>Ignosce</span> <span class='ocrx_word' id='word_1_125' title='bbox 430 1498 563 1551; x_wconf 86' lang='lat' dir='ltr'>mihi,</span> <span class='ocrx_word' id='word_1_126' title='bbox 598 1498 727 1553; x_wconf 88' lang='lat' dir='ltr'>quod,</span> <span class='ocrx_word' id='word_1_127' title='bbox 771 1513 866 1539; x_wconf 90' lang='lat' dir='ltr'>cum</span> <span class='ocrx_word' id='word_1_128' title='bbox 904 1502 1027 1540; x_wconf 86' lang='lat' dir='ltr'>ant-ea</span> <span class='ocrx_word' id='word_1_129' title='bbox 1066 1498 1379 1539; x_wconf 73' lang='lat' dir='ltr'>accuratissime</span> <span class='ocrx_word' id='word_1_130' title='bbox 1418 1498 1467 1538; x_wconf 86' lang='lat' dir='ltr'>de</span> 
     </span>
    </p>

    <p class='ocr_par' dir='ltr' id='par_1_13' title="bbox 74 1556 1471 2369">
     <span class='ocr_line' id='line_1_22' title="bbox 74 1556 1468 1610; baseline -0.001 -12"><span class='ocrx_word' id='word_1_131' title='bbox 74 1573 108 1598; x_wconf 81' lang='lat'>20</span> <span class='ocrx_word' id='word_1_132' title='bbox 127 1556 368 1596; x_wconf 87' lang='lat' dir='ltr'>Buthrotiis</span> <span class='ocrx_word' id='word_1_133' title='bbox 402 1556 453 1596; x_wconf 86' lang='lat' dir='ltr'>ad</span> <span class='ocrx_word' id='word_1_134' title='bbox 483 1559 526 1597; x_wconf 89' lang='lat' dir='ltr'>te</span> <span class='ocrx_word' id='word_1_135' title='bbox 559 1556 810 1610; x_wconf 76' lang='lat' dir='ltr'>scripserim,</span> <span class='ocrx_word' id='word_1_136' title='bbox 844 1557 987 1597; x_wconf 88' lang='lat' dir='ltr'>eadem</span> <span class='ocrx_word' id='word_1_137' title='bbox 1019 1557 1068 1598; x_wconf 91' lang='lat' dir='ltr'>de</span> <span class='ocrx_word' id='word_1_138' title='bbox 1100 1572 1145 1597; x_wconf 84' lang='lat' dir='ltr'>re</span> <span class='ocrx_word' id='word_1_139' title='bbox 1178 1557 1342 1609; x_wconf 87' lang='lat' dir='ltr'>saepius</span> <span class='ocrx_word' id='word_1_140' title='bbox 1371 1556 1468 1596; x_wconf 88' lang='lat' dir='ltr'>scri-</span> 
     </span>
     <span class='ocr_line' id='line_1_23' title="bbox 128 1613 1468 1669; baseline 0.001 -15"><span class='ocrx_word' id='word_1_141' title='bbox 128 1615 236 1655; x_wconf 88' lang='lat' dir='ltr'>bam.</span> <span class='ocrx_word' id='word_1_142' title='bbox 299 1613 399 1655; x_wconf 84' lang='lat' dir='ltr'>Non</span> <span class='ocrx_word' id='word_1_143' title='bbox 429 1615 683 1669; x_wconf 82' lang='lat' dir='ltr'>mehercule,</span> <span class='ocrx_word' id='word_1_144' title='bbox 728 1615 785 1655; x_wconf 81' lang='lat' dir='ltr'>mi</span> <span class='ocrx_word' id='word_1_145' title='bbox 817 1614 987 1669; x_wconf 89' lang='lat' dir='ltr'>Plance,</span> <span class='ocrx_word' id='word_1_146' title='bbox 1030 1615 1159 1669; x_wconf 85' lang='lat' dir='ltr'>facio,</span> <span class='ocrx_word' id='word_1_147' title='bbox 1203 1629 1285 1668; x_wconf 88' lang='lat' dir='ltr'>quo</span> <span class='ocrx_word' id='word_1_148' title='bbox 1318 1629 1468 1667; x_wconf 87' lang='lat' dir='ltr'>parum</span> 
     </span>
     <span class='ocr_line' id='line_1_24' title="bbox 129 1672 1468 1727; baseline -0.001 -13"><span class='ocrx_word' id='word_1_149' title='bbox 129 1672 335 1714; x_wconf 84' lang='lat' dir='ltr'>confidam</span> <span class='ocrx_word' id='word_1_150' title='bbox 379 1676 452 1713; x_wconf 87' lang='lat' dir='ltr'>aut</span> <span class='ocrx_word' id='word_1_151' title='bbox 493 1673 741 1713; x_wconf 80' lang='lat' dir='ltr'>liberalitati</span> <span class='ocrx_word' id='word_1_152' title='bbox 786 1676 884 1713; x_wconf 89' lang='lat' dir='ltr'>tuae</span> <span class='ocrx_word' id='word_1_153' title='bbox 924 1676 996 1713; x_wconf 90' lang='lat' dir='ltr'>aut</span> <span class='ocrx_word' id='word_1_154' title='bbox 1036 1676 1207 1714; x_wconf 86' lang='lat' dir='ltr'>nostrae</span> <span class='ocrx_word' id='word_1_155' title='bbox 1247 1673 1468 1727; x_wconf 85' lang='lat' dir='ltr'>amicitiae,</span> 
     </span>
     <span class='ocr_line' id='line_1_25' title="bbox 129 1730 1467 1785; baseline 0 -13"><span class='ocrx_word' id='word_1_156' title='bbox 129 1731 218 1785; x_wconf 88' lang='lat' dir='ltr'>sed,</span> <span class='ocrx_word' id='word_1_157' title='bbox 261 1745 357 1772; x_wconf 86' lang='lat' dir='ltr'>cum</span> <span class='ocrx_word' id='word_1_158' title='bbox 396 1733 516 1772; x_wconf 87' lang='lat' dir='ltr'>tanta</span> <span class='ocrx_word' id='word_1_159' title='bbox 553 1746 620 1773; x_wconf 89' lang='lat' dir='ltr'>res</span> <span class='ocrx_word' id='word_1_160' title='bbox 659 1734 810 1785; x_wconf 81' lang='lat' dir='ltr'>agatur</span> <span class='ocrx_word' id='word_1_161' title='bbox 847 1730 982 1772; x_wconf 86' lang='lat' dir='ltr'>Attici</span> <span class='ocrx_word' id='word_1_162' title='bbox 1020 1732 1177 1785; x_wconf 84' lang='lat' dir='ltr'>nostri,</span> <span class='ocrx_word' id='word_1_163' title='bbox 1218 1745 1330 1771; x_wconf 86' lang='lat' dir='ltr'>nunc</span> <span class='ocrx_word' id='word_1_164' title='bbox 1368 1745 1467 1772; x_wconf 85' lang='lat' dir='ltr'>vero</span> 
     </span>
     <span class='ocr_line' id='line_1_26' title="bbox 130 1788 1468 1844; baseline 0 -14"><span class='ocrx_word' id='word_1_165' title='bbox 130 1790 257 1830; x_wconf 88' lang='lat' dir='ltr'>etiam</span> <span class='ocrx_word' id='word_1_166' title='bbox 289 1790 568 1844; x_wconf 83' lang='lat' dir='ltr'>existimatio,</span> <span class='ocrx_word' id='word_1_167' title='bbox 608 1792 656 1830; x_wconf 92' lang='lat' dir='ltr'>ut</span> <span class='ocrx_word' id='word_1_168' title='bbox 688 1790 741 1844; x_wconf 90' lang='lat' dir='ltr'>id,</span> <span class='ocrx_word' id='word_1_169' title='bbox 783 1789 896 1843; x_wconf 85' lang='lat' dir='ltr'>quod</span> <span class='ocrx_word' id='word_1_170' title='bbox 927 1790 1125 1843; x_wconf 82' lang='lat' dir='ltr'>probavit</span> <span class='ocrx_word' id='word_1_171' title='bbox 1159 1788 1312 1830; x_wconf 86' lang='lat' dir='ltr'>Caesar</span> <span class='ocrx_word' id='word_1_172' title='bbox 1342 1789 1468 1830; x_wconf 86' lang='lat' dir='ltr'>nobis</span> 
     </span>
     <span class='ocr_line' id='line_1_27' title="bbox 76 1848 1468 1903; baseline -0.001 -14"><span class='ocrx_word' id='word_1_173' title='bbox 76 1864 109 1890; x_wconf 80' lang='lat'>25</span> <span class='ocrx_word' id='word_1_174' title='bbox 129 1848 310 1889; x_wconf 87' lang='lat' dir='ltr'>testibus</span> <span class='ocrx_word' id='word_1_175' title='bbox 342 1851 383 1889; x_wconf 89' lang='lat' dir='ltr'>et</span> <span class='ocrx_word' id='word_1_176' title='bbox 416 1848 776 1903; x_wconf 88' lang='lat' dir='ltr'>obsignatoribus,</span> <span class='ocrx_word' id='word_1_177' title='bbox 808 1848 880 1901; x_wconf 87' lang='lat' dir='ltr'>qui</span> <span class='ocrx_word' id='word_1_178' title='bbox 912 1850 954 1889; x_wconf 92' lang='lat' dir='ltr'>et</span> <span class='ocrx_word' id='word_1_179' title='bbox 980 1848 1157 1889; x_wconf 86' lang='lat' dir='ltr'>decretis</span> <span class='ocrx_word' id='word_1_180' title='bbox 1185 1850 1226 1888; x_wconf 89' lang='lat' dir='ltr'>et</span> <span class='ocrx_word' id='word_1_181' title='bbox 1251 1848 1468 1901; x_wconf 86' lang='lat' dir='ltr'>responsis</span> 
     </span>
     <span class='ocr_line' id='line_1_28' title="bbox 131 1905 1469 1961; baseline 0 -15"><span class='ocrx_word' id='word_1_182' title='bbox 131 1905 318 1947; x_wconf 82' lang='lat' dir='ltr'>Caesaris</span> <span class='ocrx_word' id='word_1_183' title='bbox 373 1907 719 1961; x_wconf 85' lang='lat' dir='ltr'>interfueramus,</span> <span class='ocrx_word' id='word_1_184' title='bbox 778 1906 967 1946; x_wconf 86' lang='lat' dir='ltr'>videatur</span> <span class='ocrx_word' id='word_1_185' title='bbox 1024 1906 1217 1947; x_wconf 88' lang='lat' dir='ltr'>obtinere</span> <span class='ocrx_word' id='word_1_186' title='bbox 1265 1906 1469 1961; x_wconf 90' lang='lat' dir='ltr'>potuisse,</span> 
     </span>
     <span class='ocr_line' id='line_1_29' title="bbox 129 1964 1468 2019; baseline 0.001 -15"><span class='ocrx_word' id='word_1_187' title='bbox 129 1965 377 2018; x_wconf 86' lang='lat' dir='ltr'>praesertim</span> <span class='ocrx_word' id='word_1_188' title='bbox 418 1979 513 2005; x_wconf 91' lang='lat' dir='ltr'>cum</span> <span class='ocrx_word' id='word_1_189' title='bbox 550 1967 643 2005; x_wconf 88' lang='lat' dir='ltr'>tota</span> <span class='ocrx_word' id='word_1_190' title='bbox 674 1967 863 2018; x_wconf 89' lang='lat' dir='ltr'>potestas</span> <span class='ocrx_word' id='word_1_191' title='bbox 897 1965 985 2005; x_wconf 87' lang='lat' dir='ltr'>eius</span> <span class='ocrx_word' id='word_1_192' title='bbox 1019 1965 1081 2006; x_wconf 91' lang='lat' dir='ltr'>rei</span> <span class='ocrx_word' id='word_1_193' title='bbox 1112 1968 1185 2005; x_wconf 90' lang='lat' dir='ltr'>tua</span> <span class='ocrx_word' id='word_1_194' title='bbox 1218 1964 1292 2019; x_wconf 88' lang='lat' dir='ltr'>sit,</span> <span class='ocrx_word' id='word_1_195' title='bbox 1328 1967 1376 2005; x_wconf 90' lang='lat' dir='ltr'>ut</span> <span class='ocrx_word' id='word_1_196' title='bbox 1409 1979 1468 2019; x_wconf 88' lang='lat' dir='ltr'>ea,</span> 
     </span>
     <span class='ocr_line' id='line_1_30' title="bbox 131 2021 1468 2076; baseline 0.001 -14"><span class='ocrx_word' id='word_1_197' title='bbox 131 2036 237 2076; x_wconf 89' lang='lat' dir='ltr'>quae</span> <span class='ocrx_word' id='word_1_198' title='bbox 274 2023 464 2064; x_wconf 88' lang='lat' dir='ltr'>consules</span> <span class='ocrx_word' id='word_1_199' title='bbox 503 2023 775 2064; x_wconf 83' lang='lat' dir='ltr'>decreverunt</span> <span class='ocrx_word' id='word_1_200' title='bbox 817 2023 1045 2064; x_wconf 83' lang='lat' dir='ltr'>secundum</span> <span class='ocrx_word' id='word_1_201' title='bbox 1078 2021 1271 2064; x_wconf 85' lang='lat' dir='ltr'>Caesaris</span> <span class='ocrx_word' id='word_1_202' title='bbox 1303 2022 1468 2064; x_wconf 88' lang='lat' dir='ltr'>decreta</span> 
     </span>
     <span class='ocr_line' id='line_1_31' title="bbox 131 2081 1468 2136; baseline 0.001 -16"><span class='ocrx_word' id='word_1_203' title='bbox 131 2083 172 2120; x_wconf 91' lang='lat' dir='ltr'>et</span> <span class='ocrx_word' id='word_1_204' title='bbox 215 2094 432 2134; x_wconf 87' lang='lat' dir='ltr'>responsa,</span> <span class='ocrx_word' id='word_1_205' title='bbox 476 2096 562 2122; x_wconf 87' lang='grc'>11011</span> <span class='ocrx_word' id='word_1_206' title='bbox 600 2082 735 2122; x_wconf 89' lang='lat' dir='ltr'>dicam</span> <span class='ocrx_word' id='word_1_207' title='bbox 773 2082 1039 2136; x_wconf 88' lang='lat' dir='ltr'>comprobes,</span> <span class='ocrx_word' id='word_1_208' title='bbox 1084 2081 1154 2121; x_wconf 86' lang='lat' dir='ltr'>sed</span> <span class='ocrx_word' id='word_1_209' title='bbox 1196 2081 1383 2122; x_wconf 88' lang='lat' dir='ltr'>studiose</span> <span class='ocrx_word' id='word_1_210' title='bbox 1420 2081 1468 2122; x_wconf 91' lang='lat' dir='ltr'>li-</span> 
     </span>
     <span class='ocr_line' id='line_1_32' title="bbox 76 2138 1467 2194; baseline 0 -14"><span class='ocrx_word' id='word_1_211' title='bbox 76 2156 111 2180; x_wconf 70' lang='grc'>30</span> <span class='ocrx_word' id='word_1_212' title='bbox 129 2139 360 2192; x_wconf 87' lang='lat' dir='ltr'>benterque</span> <span class='ocrx_word' id='word_1_213' title='bbox 404 2140 664 2193; x_wconf 87' lang='lat' dir='ltr'>comprobes.</span> <span class='ocrx_word' id='word_1_214' title='bbox 731 2138 778 2180; x_wconf 83' lang='lat' dir='ltr'>Id</span> <span class='ocrx_word' id='word_1_215' title='bbox 821 2139 929 2180; x_wconf 89' lang='lat' dir='ltr'>mihi</span> <span class='ocrx_word' id='word_1_216' title='bbox 972 2140 1031 2180; x_wconf 86' lang='lat' dir='ltr'>sic</span> <span class='ocrx_word' id='word_1_217' title='bbox 1071 2140 1151 2180; x_wconf 89' lang='lat' dir='ltr'>erit</span> <span class='ocrx_word' id='word_1_218' title='bbox 1190 2142 1377 2194; x_wconf 86' lang='lat' dir='ltr'>gratum,</span> <span class='ocrx_word' id='word_1_219' title='bbox 1419 2142 1467 2180; x_wconf 91' lang='lat' dir='ltr'>ut</span> 
     </span>
     <span class='ocr_line' id='line_1_33' title="bbox 130 2196 1469 2251; baseline 0.001 -14"><span class='ocrx_word' id='word_1_220' title='bbox 130 2196 248 2237; x_wconf 87' lang='lat' dir='ltr'>nulla</span> <span class='ocrx_word' id='word_1_221' title='bbox 279 2211 345 2237; x_wconf 87' lang='lat' dir='ltr'>res</span> <span class='ocrx_word' id='word_1_222' title='bbox 375 2198 537 2251; x_wconf 87' lang='lat' dir='ltr'>gratior</span> <span class='ocrx_word' id='word_1_223' title='bbox 564 2212 652 2238; x_wconf 91' lang='lat' dir='ltr'>esse</span> <span class='ocrx_word' id='word_1_224' title='bbox 677 2198 824 2251; x_wconf 87' lang='lat' dir='ltr'>possit.</span> <span class='ocrx_word' id='word_1_225' title='bbox 875 2197 971 2238; x_wconf 80' lang='lat' dir='ltr'>Etsi</span> <span class='ocrx_word' id='word_1_226' title='bbox 997 2198 1083 2238; x_wconf 88' lang='lat' dir='ltr'>iam</span> <span class='ocrx_word' id='word_1_227' title='bbox 1110 2197 1342 2251; x_wconf 87' lang='lat' dir='ltr'>sperabam,</span> <span class='ocrx_word' id='word_1_228' title='bbox 1374 2212 1469 2239; x_wconf 90' lang='lat' dir='ltr'>cum</span> 
     </span>
     <span class='ocr_line' id='line_1_34' title="bbox 130 2254 1468 2310; baseline 0.001 -15"><span class='ocrx_word' id='word_1_229' title='bbox 130 2255 207 2295; x_wconf 93' lang='lat' dir='ltr'>has</span> <span class='ocrx_word' id='word_1_230' title='bbox 245 2254 410 2295; x_wconf 85' lang='lat' dir='ltr'>litteras</span> <span class='ocrx_word' id='word_1_231' title='bbox 443 2256 691 2310; x_wconf 87' lang='lat' dir='ltr'>accepisses,</span> <span class='ocrx_word' id='word_1_232' title='bbox 730 2256 821 2296; x_wconf 85' lang='lat' dir='ltr'>fore</span> <span class='ocrx_word' id='word_1_233' title='bbox 852 2259 899 2296; x_wconf 89' lang='lat' dir='ltr'>ut</span> <span class='ocrx_word' id='word_1_234' title='bbox 932 2270 999 2309; x_wconf 90' lang='lat' dir='ltr'>ea,</span> <span class='ocrx_word' id='word_1_235' title='bbox 1041 2270 1145 2309; x_wconf 87' lang='lat' dir='ltr'>quae</span> <span class='ocrx_word' id='word_1_236' title='bbox 1179 2256 1468 2310; x_wconf 85' lang='lat' dir='ltr'>superioribus</span> 
     </span>
     <span class='ocr_line' id='line_1_35' title="bbox 129 2313 1471 2369; baseline 0.001 -16"><span class='ocrx_word' id='word_1_237' title='bbox 129 2313 287 2353; x_wconf 84' lang='lat' dir='ltr'>litteris</span> <span class='ocrx_word' id='word_1_238' title='bbox 321 2328 343 2353; x_wconf 92' lang='lat' dir='ltr'>a</span> <span class='ocrx_word' id='word_1_239' title='bbox 374 2316 416 2354; x_wconf 89' lang='lat' dir='ltr'>te</span> <span class='ocrx_word' id='word_1_240' title='bbox 448 2314 719 2367; x_wconf 89' lang='lat' dir='ltr'>petissemus,</span> <span class='ocrx_word' id='word_1_241' title='bbox 757 2313 983 2367; x_wconf 86' lang='lat' dir='ltr'>impetrata</span> <span class='ocrx_word' id='word_1_242' title='bbox 1015 2317 1167 2369; x_wconf 89' lang='lat' dir='ltr'>essent,</span> <span class='ocrx_word' id='word_1_243' title='bbox 1211 2317 1353 2355; x_wconf 86' lang='lat' dir='ltr'>tamen</span> <span class='ocrx_word' id='word_1_244' title='bbox 1381 2329 1471 2356; x_wconf 87' lang='grc'>11011</span> 
     </span>
    </p>
   </div>
   <div class='ocr_carea' id='block_1_12' title="bbox 1495 1508 1558 1543">
    <p class='ocr_par' dir='ltr' id='par_1_14' title="bbox 1495 1508 1558 1543">
     <span class='ocr_line' id='line_1_36' title="bbox 1495 1508 1558 1543; baseline 0.079 -5"><span class='ocrx_word' id='word_1_245' title='bbox 1495 1508 1558 1543; x_wconf 71' lang='grc'>15,</span> 
     </span>
    </p>
   </div>
   <div class='ocr_carea' id='block_1_13' title="bbox 1495 2152 1538 2182">
    <p class='ocr_par' dir='ltr' id='par_1_15' title="bbox 1495 2152 1538 2182">
     <span class='ocr_line' id='line_1_37' title="bbox 1495 2152 1538 2182; baseline 0.023 -1"><span class='ocrx_word' id='word_1_246' title='bbox 1495 2152 1538 2182; x_wconf 83' lang='grc'>16</span> 
     </span>
    </p>
   </div>
  </div>
 </body>
</html>
