1665 2553
353 616 429 669 M.
467 616 719 669 TULLI
760 615 1209 670 CICERONIS

280 722 788 770 EPISTULARUM
831 722 921 769 AD
965 722 1287 769 ATTICUM

410 825 584 866 LIBER
616 824 862 867 TERTIUS
894 824 1164 868 DECIMUS.

767 1012 798 1053 Ι.

78 1100 95 1126 5
344 1093 419 1129 Ser.
439 1094 481 1128 in
509 1093 713 1129 Tusculano
740 1093 781 1127 X
805 1094 852 1127 K.
873 1094 958 1127 Iun.
985 1105 1018 1127 α.
1040 1096 1112 1128 709
1139 1096 1228 1137 (45).

596 1174 762 1209 CICERO
789 1174 973 1210 ATTICO.

205 1247 273 1288 Ad
316 1245 562 1288 Ciceronem
611 1247 672 1288 ita
716 1247 946 1302 scripsisti,
994 1249 1042 1287 ut
1084 1261 1220 1301 neque
1266 1247 1452 1288 severius
1482 1258 1497 1288 1

116 1320 253 1361 neque
301 1306 576 1360 temperatius
621 1306 749 1346 scribi
786 1306 974 1359 potuerit
1011 1319 1087 1346 nec
1129 1306 1286 1360 magis,
1330 1320 1455 1359 quem

118 1365 170 1406 ad
205 1364 378 1406 modum
415 1378 492 1419 ego
530 1364 711 1405 maxime
747 1364 916 1418 vellem3
960 1364 1288 1417 prudentissime
1326 1364 1454 1405 etiam

64 1440 98 1464 10
119 1424 170 1464 ad
202 1423 377 1464 Tullios.
441 1422 576 1471 Quare
615 1426 687 1463 aut
724 1423 806 1463 ista
844 1423 1078 1477 proficient⁷
1109 1425 1182 1463 aut
1214 1422 1328 1463 aliud
1359 1436 1455 1477 aga-

117 1496 224 1523 mus.
290 1481 354 1522 De
398 1481 574 1534 pecunia
615 1496 714 1522 vero
756 1481 874 1522 video
920 1496 943 1521 a
988 1484 1031 1521 te
1073 1495 1240 1522 omnem
1281 1481 1455 1535 diligen·
1482 1493 1501 1522 2

118 1541 224 1581 tiam
262 1539 452 1580 adhiberi
488 1539 556 1580 vel
594 1539 739 1593 potius
780 1539 863 1580 iam
904 1539 1138 1580 adhibitam
1170 1554 1271 1580 esse.
1334 1539 1456 1588 Quod

121 1599 157 1639 si
188 1598 332 1653 efficis,
363 1613 386 1638 a
417 1600 459 1638 te
490 1597 639 1638 hortos
670 1597 848 1638 habebo.
904 1597 992 1638 Nec
1023 1612 1122 1638 vero
1154 1598 1290 1638 ullum
1322 1611 1454 1652 genus

119 1657 401 1711 possessionis
435 1659 512 1711 est,
543 1655 655 1710 quod
685 1656 842 1710 malim,
873 1656 1055 1696 maxime
1087 1656 1245 1696 scilicet
1278 1656 1331 1696 ob
1365 1671 1457 1696 eam

67 1731 100 1757 15
120 1730 308 1770 causam,
345 1729 451 1768 quae
489 1717 683 1768 suscepta
721 1717 802 1767 est3
846 1714 963 1754 cuius
1003 1714 1319 1755 festinationem
1350 1714 1456 1754 mihi

120 1774 251 1828 tollis,
284 1773 483 1827 quonjam
515 1773 565 1814 de
597 1775 755 1813 aestate
786 1772 998 1826 polliceris
1030 1772 1097 1812 vel
1122 1773 1265 1826 potius
1290 1773 1454 1826 recipis.

119 1831 282 1873 Deinde
326 1832 454 1872 etiam
498 1831 549 1872 ad
590 1833 856 1885 καταβίωσιν
889 1831 1231 1884 maestitiamque
1268 1831 1457 1872 minuen-

121 1891 217 1931 dam
245 1890 354 1931 nihil
384 1889 491 1930 mihi
520 1889 695 1943 reperiri
725 1892 867 1943 potest
899 1889 1057 1943 aptius3
1102 1890 1219 1929 cuius
1251 1890 1313 1929 rei
1344 1890 1457 1943 cupi-

123 1948 233 1989 ditas
265 1948 446 2002 impellit
477 1962 544 1988 me
575 1947 798 2002 interdum,
830 1950 878 1988 ut
909 1950 951 1988 te
981 1947 1145 1988 hortari
1176 1948 1313 1988 velim.
1377 1947 1458 1988 Sed

69 2024 103 2048 20
123 2021 190 2048 me
215 2007 306 2060 ipse
330 2021 500 2061 revoco3
531 2020 619 2047 non
643 2006 755 2047 enim
781 2006 942 2061 dubito,
968 2006 1082 2059 quin,
1109 2006 1221 2059 quod
1246 2020 1312 2046 me
1338 2006 1458 2047 valde

121 2064 229 2105 velle
259 2067 395 2119 putes,
424 2065 471 2106 in
502 2079 549 2106 eo
580 2067 628 2105 tu
659 2078 725 2105 me
751 2065 890 2118 ipsum
915 2064 1145 2118 cupiditate
1171 2064 1325 2105 vincas.
1375 2063 1459 2106 Ita-

124 2137 205 2177 que
236 2122 346 2164 istuc
375 2124 460 2164 iam
492 2137 568 2177 pro
600 2123 711 2163 facto
743 2122 889 2163 habeo.

212 2180 442 2236 Exspecto,
485 2181 585 2235 quid
616 2181 710 2221 istis
743 2181 905 2234 placeat
935 2180 984 2221 de
1015 2180 1197 2234 epistula
1229 2180 1280 2221 ad
1312 2179 1459 2222 Caesa-
1485 2194 1504 2223 3

123 2254 223 2280 rem.
289 2238 434 2280 Nicias
474 2242 534 2293 te,
578 2242 626 2279 ut
665 2239 805 2292 debet,
847 2242 960 2279 amat
998 2239 1348 2293 vehementerque
1385 2243 1460 2281 tua

70 2314 103 2340 25
125 2298 191 2338 sui
216 2298 420 2339 memoria
445 2297 687 2338 delectatur.
732 2297 825 2352 Ego
853 2311 950 2338 vero
977 2296 1239 2339 Peducaeum
1263 2301 1461 2339 nostrum
