1665 2553
664 86 701 120 P.
724 89 919 120 170—181.
1396 83 1459 118 LV

116 180 279 224 seaptius
305 179 353 221 M,
379 179 505 214 noluit.
528 184 592 214 aut
617 180 776 224 scaptius
794 179 980 222 Wurceb.,
1000 179 1119 213 Alteri
1143 190 1160 213 e
1179 178 1336 222 Scaptiis
1355 177 1459 210 Mad-

118 227 180 271 vig
205 227 296 261 Adv.
323 226 373 260 III
397 238 433 270 p.
462 229 527 260 177
561 226 664 270 prob.
692 247 737 251 —
769 230 811 260 36
843 227 1013 271 Apamea
1045 225 1137 260 coni.
1171 224 1357 268 Wesenb,
1391 236 1457 258 scr.

118 274 229 317 Boot,
257 273 400 318 Tyrrell
424 273 592 317 probah,
619 284 691 307 non
719 275 804 308 cert.
849 275 860 317 Η
903 274 948 308 P.
970 273 1060 307 176.
1083 276 1103 306 6
1135 273 1276 316 aliquid
1302 272 1461 314 beneficii

121 321 205 354 WN
231 320 436 364 (Lehmann
462 320 538 354 Att.
566 332 600 364 p.
631 324 696 354 173
725 331 790 363 ex.,
820 322 910 365 183),
938 320 1099 362 beneficii
1123 319 1264 363 aliquid
1289 318 1386 362 vulg.
1413 339 1459 342 —

119 371 140 402 8
167 372 209 403 ut
229 368 312 401 add.
336 367 509 409 Schuetz,
544 366 735 410 Wesenb.,
767 367 871 410 Boot,
898 366 1052 411 Tyrrell,
1087 366 1283 401 Culleolum
1308 367 1370 399 vix
1395 376 1458 399 au-

119 416 235 449 derem
260 415 299 448 in
325 414 494 458 parenth.
522 416 626 455 vett,
653 414 788 448 Baiter.
828 413 865 448 P.
889 418 941 448 16.
966 418 1019 448 14.
1046 435 1091 438 —
1125 417 1166 447 19
1194 410 1461 456 ἀκοινονόητον

120 474 151 496 v.
183 462 230 495 ad
260 474 295 506 p.
325 465 402 495 162.
430 464 484 495 28.
525 482 569 486 -
602 465 644 494 29
677 462 768 495 {clem
799 461 892 494 illud
924 460 1104 494 WNHOP
1142 460 1345 504 (Lehmann
1382 459 1459 492 Att.

120 521 155 553 p.
173 511 264 553 183),
285 509 378 542 illud
397 508 487 542 idem
511 507 578 550 Μ5,
601 508 681 541 edd.
720 510 730 551 Ι]
772 507 817 542 P.
834 508 922 542 177.
939 512 981 541 23
1005 508 1044 552 Q.
1064 508 1211 550 fratrem
1231 506 1298 549 ΜΞ,
1318 505 1462 550 Tyrrell

122 567 178 600 ep.
200 559 267 590 268
293 554 396 589 tacit.
424 576 469 580 —
496 558 538 588 26
564 556 627 589 hoc
654 565 697 588 ex
723 555 778 588 ed.
804 554 896 588 Iens.
925 554 1096 588 Wesenb.
1123 553 1165 588 V.
1189 554 1235 587 ad
1254 565 1289 598 p.
1307 557 1359 587 12.
1376 557 1406 587 6.
1450 552 1462 599 Η

169 602 215 637 Ρ.
245 602 332 637 178.
363 605 382 635 5
420 601 545 646 νοήσῃ.
586 602 636 641 εἰς
674 601 793 645 δήπου
837 601 1026 636 Lehmann
1067 600 1358 634 ‘Jahresbericht
1397 599 1460 633 des

121 649 250 694 philol.
277 648 445 683 Vereins'
472 652 561 682 1888
587 661 621 692 p.
644 652 720 682 258.
748 670 793 673 -
821 652 862 682 12
894 649 934 682 iu
965 649 1092 683 eastris
1122 659 1152 681 V.
1181 647 1348 681 Schmidt
1376 646 1463 680 ‘Der

123 695 399 730 Briefwechsel’
421 708 455 740 p.
479 699 533 738 89,
564 696 672 729 Tarsi
696 695 832 737 Baiter,
851 695 1025 729 Wesenb.
1047 716 1092 720 —-
1113 698 1154 728 19
1182 695 1329 728 obviam
1360 692 1460 727 ‘CocL

122 744 172 777 Io.
194 743 317 787 Mang.
338 744 435 777 teste
454 742 597 776 Beiero'
616 741 740 785 Orelli,
758 742 850 776 Boot
869 742 972 776 tacit.
993 763 1038 767 —
1059 746 1101 775 23
1117 741 1156 776 ἐν
1177 741 1260 774 add.
1276 740 1462 783 XVesenb„

125 791 229 832 Boot,
257 789 401 834 Tyrrell
427 800 481 833 ep.
510 793 587 823 269.
614 810 659 814 -
685 793 729 822 24
755 788 966 834 ὑπάρχουσι
998 791 1035 822 et
1060 793 1102 823 27
1129 788 1325 832 παρέδωκε
1358 788 1462 830 Boot,

124 836 278 880 Ἔπη-1611.
305 857 350 861 —
377 840 420 870 26
440 837 463 881 †
485 840 541 870 ast
560 835 746 879 WVesenb„
766 836 869 869 Boot.
908 836 967 869 Ad
984 848 1019 880 p.
1041 839 1095 869 25.
1113 839 1166 869 12.
1187 856 1232 860 -
1250 834 1302 868 Ib.
1325 834 1464 874 ἄστεος

127 883 300 917 Wesenb.
322 903 367 908 —
388 887 430 916 29
451 885 739 927 κληρονομῆσαι
761 882 927 925 Muecke,
947 883 1050 925 Boot,
1072 881 1345 926 κληρονομήσας
1363 881 1461 925 vulg.

132 952 171 956 —
185 934 230 964 30
246 931 516 973 διευθετῆσθαι
529 929 696 972 Muecke,
711 929 814 971 Boot,
831 931 853 974 †
869 931 1143 973 ὃιευλυθῆσθαι
1158 928 1294 971 Baiter,
1322 930 1463 962 διευλυ-

124 981 263 1021 τῆσθαι
297 988 369 1021 mg.
400 976 448 1018 M,
477 977 500 1021 †
529 977 799 1020 ὃιευαυτῆσθαι
830 976 1004 1010 Wesenb.
1037 987 1080 1010 ex
1113 975 1161 1018 M,
1195 977 1463 1009 διευλυτῶσθαι

124 1024 278 1068 Tyrrell.
316 1025 327 1068 ΙΙ
364 1024 409 1058 Ρ.
432 1023 520 1057 179.
543 1027 584 1056 12
606 1023 764 1057 alterum
783 1024 858 1058 eius
883 1023 1012 1057 seclus.
1040 1023 1176 1065 Baiter,
1198 1022 1268 1056 del.
1290 1021 1462 1056 ersenb.

125 1071 188 1115 (ad
212 1083 247 1115 p.
269 1074 323 1104 27.
352 1072 426 1114 11),
460 1080 507 1103 an
538 1070 714 1105 mandatu
745 1071 843 1104 eius?
869 1091 914 1095 —-
940 1074 983 1103 20
1016 1070 1258 1104 discessionis
1288 1068 1462 1103 Wesenb.
1490 1076 1497 1079 ’

126 1129 262 1160 errore,
294 1119 337 1151 ut
361 1117 515 1150 videtur.
548 1137 595 1142 —
626 1120 669 1150 26
692 1115 926 1162 Ἀττικωτάτῃ
958 1117 1110 1160 Madvig
1141 1116 1231 1150 Adv.
1258 1116 1309 1149 111
1328 1128 1362 1160 p.
1386 1119 1463 1157 177,

124 1165 240 1209 prob„
266 1175 340 1198 non
360 1174 481 1208 accep.
503 1163 608 1207 Boot,
635 1164 822 1198 astz'eulate
842 1163 908 1207 Ml,
935 1164 1116 1199 atticolate
1135 1163 1254 1205 Torn.,
1275 1163 1465 1197 articulate

127 1212 193 1254 ΜΞ,
219 1212 401 1246 Atticulae
427 1210 596 1255 Malasp.,
623 1210 705 1244 edd.
733 1232 777 1235 —
804 1214 846 1244 29
873 1223 903 1244 v.
932 1210 970 1244 O.
992 1210 1031 1244 E.
1055 1210 1222 1244 Schmidt
1243 1209 1330 1243 ‘Der
1349 1209 1463 1243 Brief-

124 1258 298 1293 wechsel’
329 1262 346 1292 1
373 1270 407 1302 p.
424 1262 479 1300 91,
506 1258 615 1292 Sidae
639 1259 783 1292 ineunte
808 1268 923 1292 meuse
948 1257 1041 1292 Sext.
1062 1257 1199 1300 Baiter,
1225 1256 1399 1290 Wesenb.
1421 1277 1463 1281 —

127 1310 170 1340 35
194 1310 377 1349 putaram,
404 1316 464 1350 ⁶²90
489 1306 578 1348 quin
597 1304 785 1348 Madvigio
807 1306 955 1338 auctore
980 1304 1166 1347 Wesenb„
1187 1308 1362 1347 putaram
1387 1314 1462 1348 eye:

127 1354 216 1396 quin
235 1351 378 1396 Tyrrell
404 1362 458 1396 ep.
481 1355 560 1394 276,
581 1355 756 1395 putaram
781 1362 862 1396 eyo;
887 1353 975 1396 quin
1000 1351 1153 1395 Madvig
1178 1351 1268 1384 Adv.
1288 1350 1321 1383 ΙΙ
1341 1362 1375 1394 p.
1398 1354 1463 1383 236

127 1399 354 1442 Ciceronem,
383 1398 430 1431 ‘si
457 1397 522 1432 sic’
551 1399 630 1442 (per
661 1399 735 1442 qur>
764 1398 983 1432 ‘sententias
1015 1398 1209 1439 vinxisset,
1243 1397 1464 1441 scripturum

125 1446 241 1480 fuisse
262 1445 341 1479 sine
362 1444 474 1478 dubio
496 1446 557 1488 qui
577 1446 707 1489 (etiam)
722 1466 766 1469 —
779 1445 948 1479 miserim’
971 1446 1085 1487 ratus,
1107 1455 1242 1485 errans,
1263 1446 1305 1477 ut
1324 1444 1464 1488 opinor,

127 1493 173 1527 de
205 1504 274 1526 usu
305 1491 532 1536 pronominis
564 1491 722 1525 relativi.
779 1490 829 1525 Cf.
858 1491 1028 1535 Seyfferti
1060 1491 1159 1525 Lael.
1192 1503 1227 1535 p.
1255 1494 1334 1533 349,
1366 1490 1463 1524 infra

125 1552 161 1584 p.
185 1543 262 1573 190.
284 1543 326 1572 32
343 1550 407 1581 sq.,
428 1542 505 1572 223.
524 1542 565 1572 19
589 1549 654 1581 sq.,
670 1542 747 1572 224.
766 1542 819 1581 18,
835 1542 912 1572 278.
935 1543 990 1581 34,
1006 1542 1084 1572 280.
1101 1542 1143 1572 28
1165 1540 1233 1572 etc.
1271 1539 1282 1582 ΙΙ
1314 1538 1359 1572 Ρ.
1375 1537 1464 1571 180.

129 1590 170 1620 19
197 1586 391 1621 traderem
422 1585 461 1618 in
492 1584 745 1618 Tornaesiano
778 1596 857 1619 6556
882 1585 1075 1628 mentitur,
1103 1585 1227 1626 credo,
1254 1584 1401 1627 Bosius,
1427 1584 1465 1617 in

129 1633 276 1667 ‘Scidis’
306 1633 445 1666 tradere
470 1643 537 1671 me,
563 1631 659 1664 illud
685 1643 750 1665 scr.
778 1631 963 1675 Wesenb.,
990 1632 1099 1674 Boot,
1126 1631 1278 1675 Madvig
1304 1631 1393 1665 Adv.
1415 1631 1465 1663 ΠΙ

126 1692 162 1724 p.
186 1683 263 1722 177,
289 1679 359 1713 hoc
378 1680 465 1712 vett.
494 1678 575 1712 edd.
609 1678 650 1712 V.
672 1678 750 1712 Ter.
768 1678 858 1712 Eun.
881 1683 960 1722 209,
988 1679 1131 1712 Ρ1101·1;[1.
1154 1682 1232 1721 233,
1255 1678 1326 1712 Cic.
1353 1678 1412 1711 fin.
1433 1678 1466 1710 H

128 1730 182 1761 20.
204 1730 260 1769 29,
291 1725 410 1759 1V27.
428 1729 482 1767 76,
520 1724 668 1759 Verr.V
689 1729 790 1768 6.14,
822 1726 883 1759 hio
908 1738 942 1769 p.
963 1729 1042 1760 460.
1065 1729 1118 1768 29,
1147 1729 1225 1759 474.
1254 1728 1307 1767 11,
1336 1723 1411 1758 01.
1434 1723 1466 1757 X

130 1778 230 1815 7570,
263 1772 387 1816 Optat.
408 1784 441 1816 p.
471 1776 524 1805 74.
553 1776 606 1813 19,
634 1775 710 1805 209.
738 1776 781 1805 34
808 1772 862 1806 6(1.
891 1772 1018 1806 Ziwsa.
1046 1794 1091 1797 —
1116 1772 1167 1806 Ib.
1194 1772 1306 1814 fratri
1337 1775 1466 1813 autem,

126 1821 221 1855 illuct
245 1819 432 1861 Wesenb.,
458 1819 558 1861 quod
583 1829 654 1852 non
686 1818 874 1862 intellego.
902 1840 947 1843 —
972 1819 1023 1853 Ib.
1052 1820 1145 1852 illud
1175 1829 1249 1852 uon
1279 1818 1379 1861 reip„
1403 1818 1467 1851 hoe

126 1878 201 1901 ‘non
231 1867 318 1901 utile
348 1867 451 1900 uobis
481 1865 633 1909 Madvig
664 1865 752 1899 Adv.
787 1866 836 1898 III
866 1877 901 1909 p.
930 1869 995 1899 177
1027 1865 1180 1910 probab.
1214 1885 1259 1889 -
1284 1868 1327 1897 35
1354 1864 1467 1908 quod

128 1914 236 1959 eyerz't
265 1913 313 1956 M,
338 1913 528 1946 Lehmann
561 1912 605 1945 de
638 1911 709 1946 Cic.
744 1912 791 1945 ad
817 1913 893 1946 Att.
933 1923 987 1956 ep.
1021 1924 1055 1956 p.
1084 1915 1149 1945 197
1177 1922 1266 1954 sqq„
1306 1910 1354 1943 ad
1378 1910 1464 1944 fam.

127 1973 162 2004 p.
184 1964 262 1994 486.
283 1963 339 2002 31,
365 1959 462 1993 infra
487 1962 565 1993 477.
588 1963 642 2001 30,
669 1959 756 2003 quid
775 1960 883 2004 eyerz't
901 1959 1013 2002 vulg,
1039 1969 1113 1992 uon
1133 1959 1219 2002 quid
1245 1958 1353 2002 eyerit
1377 1957 1465 2001 Tyr-

128 2007 208 2049 rell,
234 2007 339 2049 nihil,
364 2007 452 2050 quid
471 2007 579 2051 eyerit
603 2005 756 2049 Madvig
775 2006 865 2039 Adv.
886 2006 936 2039 HI
961 2018 995 2049 p.
1019 2009 1095 2039 177.
1140 2006 1151 2048 ΙΙ
1193 2004 1240 2038 Ρ.
1261 2003 1350 2038 181.
1371 2008 1393 2038 4
1412 2004 1468 2038 Ac

128 2053 314 2095 WVesenb„
346 2053 448 2087 Boot.
482 2073 527 2077 —
555 2056 596 2086 12
630 2057 710 2087 ante
740 2053 814 2086 III
841 2053 889 2086 K.
923 2052 1016 2086 Sext.
1051 2051 1089 2085 Ο.
1116 2051 1155 2084 Ε.
1184 2050 1351 2085 Schmidt
1379 2051 1467 2084 ‘Der

129 2099 402 2134 Briefwechsel’
424 2112 459 2144 p.
482 2103 537 2141 90,
557 2100 670 2134 medio
690 2111 734 2133 m.
758 2099 878 2143 Quint.
899 2099 1035 2141 Baiter,
1056 2097 1228 2131 Wesenb.
1250 2119 1295 2122 —
1316 2101 1358 2131 16
1384 2102 1467 2132 tuae

129 2147 282 2190 M¹(tue),
308 2146 444 2189 Baiter,
470 2148 599 2180 etiam
625 2150 707 2180 tuae
734 2146 837 2179 codd.
858 2145 1049 2188 Mala-esp„
1071 2144 1181 2186 Wes„
1207 2144 1311 2186 Boot,
1337 2156 1389 2179 me
1408 2148 1467 2178 tue

129 2194 196 2235 M'2,
223 2198 260 2228 et
290 2204 342 2226 *me
366 2197 448 2227 tuae
479 2192 621 2236 Tyn-el]
653 2203 707 2236 ep.
735 2196 813 2226 270.
846 2213 891 2216 -
919 2195 961 2225 18
987 2203 1064 2225 <mea
1094 2203 1132 2226 re
1162 2190 1334 2225 Wesenb.
1362 2191 1465 2225 tacit.

129 2261 175 2265 —
201 2243 242 2273 21
270 2238 399 2272 malim
423 2240 503 2281 ita,
528 2244 569 2273 ut
593 2240 690 2273 mihi.
717 2260 761 2263 —
788 2242 830 2271 22
856 2238 1057 2282 receperit
1081 2237 1119 2271 111
1140 2238 1177 2271 M
1203 2248 1282 2272 esse
1308 2239 1469 2272 testatur

129 2286 270 2329 Baiter,
301 2286 430 2330 recepit
453 2285 544 2319 miro
572 2296 750 2319 consensu
777 2285 858 2318 edd.
885 2284 927 2318 V.
954 2284 1144 2318 Lehmann
1177 2284 1469 2319 ‘Jahresbericht
