1689 2572
177 93 264 127 VIII
594 91 871 127 ADNOTATIO
899 91 1084 126 CRITICA

178 196 254 220 ‘non
284 190 345 220 est
375 185 431 219 Fr.
459 185 625 220 Schmidt
654 196 775 230 progr.
800 185 967 219 Norimb.
994 189 1083 219 1879
1109 197 1143 228 p.
1165 188 1225 229 15,
1260 185 1357 228 quod
1382 184 1504 229 ipsum

181 243 260 266 esse
284 232 323 266 in
347 231 385 266 M
405 231 519 266 Orelli
542 234 717 275 testatum
742 232 839 275 inde,
865 234 908 265 ut
930 231 1084 274 videtur,
1110 231 1251 275 Tyr-rell
1276 243 1350 266 non
1374 236 1443 266 est.
1464 259 1473 266 .
1494 260 1502 269 .

182 279 273 313 coni.
316 290 390 313 non
426 279 561 314 bonus
592 283 641 314 est
670 279 764 313 Boot
794 280 831 312 et
863 278 1041 322 corruptis
1073 278 1352 322 insequentibus
1382 278 1502 312 verbis

180 325 251 359 ita:
290 326 422 369 quivis,
452 327 514 370 qai
538 326 670 360 Mnem.
693 328 781 359 1892
807 337 842 369 p.
864 329 929 359 113
956 336 1029 368 sq.,
1066 335 1140 359 non
1164 329 1213 360 est
1235 326 1320 359 usui
1343 325 1502 369 Tyrrell3

180 371 308 405 malim
326 383 399 406 non
416 373 518 407 utilis
536 377 593 407 est.
608 393 653 398 —
673 376 692 406 5
713 372 1004 416 oppuynamlam
1023 371 1200 415 Lambin„
1226 372 1329 415 Boot,
1349 371 1501 416 Tyrrell.

184 418 370 453 ‘Graecos'
403 429 487 452 non
514 419 740 453 ‘constanter
763 418 841 462 τὴν
860 420 1031 452 Σικυῶνα
1056 418 1218 452 vocasse’
1246 419 1376 453 docere
1400 420 1502 462 pote-

180 467 240 499 rat
262 465 366 499 Neue
388 465 672 500 ‘Formenlehre'
699 466 715 498 I
733 478 768 509 p.
784 469 860 499 657.
882 485 926 489 ——
948 468 990 498 10
1010 464 1103 499 Sunt
1126 469 1243 500 autem
1262 469 1382 500 actae
1400 465 1504 499 Koch

180 523 300 556 progr.
326 512 490 546 Portens.
518 516 607 546 1868
632 525 666 557 p.
688 516 742 546 18.
768 532 813 536 —
839 516 881 545 22
894 523 946 554 sq.
968 522 1094 555 pravo,
1118 515 1289 547 tantum
1314 512 1381 556 (sic
1405 511 1501 556 vulg.

181 560 283 600 vett.)
313 559 500 593 cavillator
529 559 545 576 '¹‘
559 570 680 604 yenere
705 558 876 592 Wesenb.
902 560 988 601 (cav.
1015 559 1057 592 cle
1081 569 1203 603 qenere
1227 558 1398 603 Ernesti),
1425 558 1503 592 sine

182 606 289 639 aster.
321 605 462 648 Baiter,
494 605 645 649 Tyri-ell.
700 605 754 638 De
791 616 865 639 voc.
897 609 1037 639 tamen
1067 616 1097 639 v,
1130 604 1318 639 Lehmann
1353 605 1398 639 de
1430 603 1502 639 Cic.

183 661 237 696 ep.
258 651 306 685 ad
331 651 406 686 Att.
427 664 459 696 p.
484 656 549 685 193
563 664 627 696 sq„
654 652 701 685 ad
726 651 811 687 fam.
839 664 872 695 p.
895 655 948 685 12.
970 655 1024 693 28,
1050 650 1151 686 Verr.
1172 664 1206 695 p.
1227 654 1305 686 386.
1326 656 1381 695 24,
1406 651 1504 685 infra

183 698 230 732 ad
254 710 288 742 p.
312 702 366 732 20.
388 702 447 742 15,
485 703 538 732 43.
562 703 620 742 17,
660 702 714 732 66.
736 702 796 741 23,
836 702 890 731 92.
912 701 972 741 27,
1010 701 1064 731 98.
1087 702 1118 741 5,
1158 701 1234 733 145.
1255 702 1310 741 35,
1349 701 1426 732 279.
1447 702 1503 742 20,

182 748 260 779 300.
275 748 329 787 34,
356 748 434 778 353.
450 748 481 786 8,
508 749 656 789 360.19,
684 748 831 787 36618,
858 747 1007 787 39418,
1028 748 1170 787 39911,
1193 748 1338 786 43117,
1359 748 1503 788 45227,

181 795 260 825 454.
281 795 335 833 28,
361 795 440 825 497.
462 796 493 825 9.
530 792 583 825 De
608 803 761 835 genere
786 791 834 824 ad
853 790 953 824 Verr.
974 803 1009 835 p.
1030 794 1108 825 439.
1123 795 1179 834 32,
1205 791 1290 826 fam.
1305 791 1389 825 VIII
1408 797 1427 826 3
1449 802 1502 825 eX.

181 859 226 863 —
252 841 294 871 25
321 838 366 871 in
384 849 421 872 re
435 849 471 881 p.
487 838 552 881 ΜΞ,
580 838 655 881 alii,
681 838 783 872 Koch
801 848 921 882 progr.
943 837 1039 872 Port.
1056 841 1144 871 1868
1170 850 1204 882 p.
1221 841 1274 880 18,
1294 837 1410 872 multo
1429 848 1504 872 me—

182 884 253 917 lius
278 886 315 918 et
339 884 461 917 nescio
487 895 533 917 an
559 895 641 918 vere
660 896 738 918 cum
754 885 887 928 populo
906 884 1036 918 Muret.
1057 905 1102 909 —-
1122 888 1164 918 27
1190 885 1349 930 [speres]
1367 884 1504 929 Baiter,

183 943 265 965 cum
285 941 389 964 cruce
402 930 587 974 Wesenb.,
609 931 678 965 del.
693 931 796 965 Boot.
822 931 880 964 Ad
899 931 984 964 fam.
1000 943 1033 975 p.
1050 934 1126 965 196.
1143 935 1173 972 2,
1193 931 1290 964 infra
1309 943 1343 975 p.
1358 935 1434 966 174.
1450 935 1503 974 16,

183 981 259 1011 239.
276 980 330 1011 31.
344 998 389 1002 —
409 981 452 1011 29
462 989 513 1020 sq.
537 980 640 1021 (non)
662 978 780 1012 leviter
801 998 841 1002 —
862 1004 872 1019 ,
885 981 922 1011 et
946 988 1064 1011 vereor
1077 977 1333 1021 Peerlkampio
1354 979 1504 1011 auctore

181 1024 283 1057 Boot.
304 1045 349 1049 —
368 1028 411 1057 36
438 1035 592 1069 augures
616 1024 672 1058 Fr.
694 1023 860 1057 Schmidt
884 1034 1004 1067 progr.
1025 1023 1255 1068 Norimberg.
1278 1027 1366 1057 1879
1391 1036 1426 1068 p.
1449 1028 1502 1067 15,

181 1071 337 1115 virgines
362 1070 464 1104 codd.
484 1072 633 1114 propter
657 1082 687 1104 v.
709 1074 751 1103 33
779 1070 839 1114 (ad
863 1082 897 1114 p.
919 1074 971 1104 24.
993 1071 1046 1114 8),
1081 1081 1162 1103 cum
1188 1081 1292 1104 cruce
1318 1070 1504 1114 Wesenb,

181 1118 252 1162 [acl
282 1118 436 1161 virgines
467 1117 592 1161 atque]
617 1117 758 1159 Baiter,
790 1116 949 1160 Tyrrell,
981 1127 1049 1151 om.
1082 1117 1183 1150 Boot.
1221 1117 1232 1162 11
1266 1117 1311 1150 P.
1333 1116 1395 1151 15.
1415 1121 1436 1150 4
1467 1122 1505 1152 et

183 1174 251 1197 om.
272 1163 443 1196 Wesenb.
471 1173 513 1196 ex
541 1163 702 1207 ‘plerisq.
730 1163 810 1197 cdd.
837 1163 935 1206 Mal,
968 1161 1020 1206 C’,
1046 1163 1139 1196 Boot
1164 1163 1266 1197 tacit.
1293 1184 1337 1188 -—
1363 1167 1383 1197 8
1409 1164 1502 1198 miti-

181 1221 310 1254 9amur
328 1209 469 1253 Tyrrell
488 1210 590 1243 tacit.
605 1210 687 1243 fort.
702 1211 810 1243 recte.
826 1231 870 1234 —
884 1214 903 1243 9
923 1210 1057 1252 infecta
1076 1209 1198 1253 potius
1219 1221 1329 1253 quam
1348 1211 1504 1255 meylecta

182 1256 370 1290 Lehmann
403 1256 621 1290 ‘Jahresber
650 1257 712 1289 des
744 1256 870 1300 philol.
896 1255 1063 1289 Vereins'
1099 1260 1187 1290 1888
1212 1269 1246 1300 p.
1269 1260 1347 1300 257,
1373 1258 1505 1291 iniecta

182 1303 229 1337 M.
257 1324 301 1327 —
328 1306 370 1336 16
395 1305 592 1342 πολιτικοῖς
615 1304 813 1344 honestum,
846 1303 939 1336 m'hil
963 1303 1101 1339 illustre
1126 1303 1221 1346 vulg.
1242 1304 1340 1346 vett,
1366 1303 1502 1347 Baiter,

183 1349 336 1393 Tyrrell,
361 1351 438 1383 πολ.
464 1350 556 1383 nihil
574 1350 722 1391 illustre,
746 1350 839 1383 nihil
856 1350 1037 1383 honestum
1056 1350 1149 1383 Boot
1167 1349 1334 1383 Vahleno
1355 1352 1503 1384 auctore

182 1395 283 1429 haud
303 1395 376 1429 scio
397 1407 443 1429 an
462 1406 555 1429 vere.
576 1417 620 1420 —
641 1400 683 1429 22
699 1407 750 1438 sq.
775 1394 1021 1438 Τοποθεσίαν,
1046 1407 1150 1439 quam
1166 1397 1341 1439 postulas,
1366 1397 1504 1431 Miseni

182 1442 279 1486 vulg.
300 1444 403 1485 vett,
435 1442 575 1486 Baiter,
608 1443 711 1485 Boot,
738 1442 816 1475 sine
841 1442 918 1475 ulla
943 1442 1238 1486 interpunctione
1263 1442 1374 1486 Wes,
1399 1443 1501 1487 Tyrr.

182 1488 224 1523 V.
247 1488 415 1532 Seyfferti
441 1489 538 1523 Lael.
560 1501 594 1533 p.
615 1493 674 1532 20,
700 1488 796 1522 infra
821 1501 855 1532 p.
876 1493 930 1523 43.
953 1492 1007 1532 20,
1036 1493 1087 1522 72.
1110 1493 1163 1532 21,
1191 1492 1245 1523 94.
1266 1493 1321 1533 32,
1349 1494 1425 1524 121.
1448 1494 1502 1533 14,

183 1539 260 1569 221.
279 1540 308 1579 7,
336 1539 411 1570 243.
434 1539 488 1579 24,
516 1539 592 1569 334.
609 1539 663 1579 33,
691 1539 767 1569 354.
783 1539 837 1578 26,
864 1539 941 1569 364.
958 1539 988 1579 7,
1015 1539 1092 1569 367.
1109 1539 1162 1578 20,
1185 1539 1261 1569 385.
1278 1540 1332 1579 32,
1353 1540 1430 1570 387.
1448 1541 1502 1580 19,

182 1582 241 1616 fin.
262 1582 278 1615 I
303 1585 333 1616 3.
355 1585 392 1626 8,
430 1582 479 1615 III
500 1586 552 1616 12.
572 1585 615 1615 41
630 1594 694 1624 m.,
731 1581 836 1615 Tusc.
857 1582 907 1615 III
927 1585 979 1616 22.
1002 1585 1062 1625 54,
1101 1582 1210 1616 divin.
1231 1583 1264 1615 II
1284 1586 1314 1617 1.
1336 1586 1356 1615 3
1383 1593 1414 1617 a.
1436 1593 1502 1627 ex,

183 1628 267 1663 Tac.
290 1628 374 1662 dial.
397 1632 451 1662 20.
471 1632 509 1668 4,
544 1628 667 1672 Pomp.
688 1628 735 1662 M.
755 1628 788 1661 II
809 1632 849 1661 51
877 1629 920 1671 (3.
938 1630 987 1672 9),
1020 1628 1053 1661 II
1073 1631 1115 1662 96
1137 1631 1181 1673 (6.
1204 1630 1237 1673 9)
1252 1639 1317 1672 ex,
1344 1631 1501 1673 corrupt.

184 1686 250 1710 scr.
270 1675 355 1709 hist.
376 1675 469 1719 Aug.
489 1674 605 1708 XXIV
625 1679 679 1709 33.
700 1679 722 1708 4
747 1674 806 1719 (cf.
826 1674 942 1708 XXVI
962 1679 1015 1708 31.
1039 1676 1082 1718 7).
1103 1696 1147 1700 —
1174 1679 1216 1709 27
1236 1676 1286 1709 mi
1304 1687 1334 1710 V.
1348 1688 1383 1720 p.
1400 1679 1430 1710 9.
1449 1680 1501 1710 19.

184 1743 229 1746 —
255 1725 298 1755 30
324 1721 546 1765 φιλορήτορα
572 1722 680 1765 Boot,
711 1721 864 1765 Tyrrell,
886 1722 1127 1765 plzilorlzetora
1151 1721 1199 1765 M,
1226 1721 1361 1756 Baiter.
1388 1743 1432 1747 —
1459 1727 1501 1756 32

184 1768 262 1802 sine
288 1778 392 1802 cruce
416 1768 552 1811 Baiter,
577 1768 679 1803 Boot.
718 1769 727 1810 1,
764 1768 810 1802 Ρ.
826 1768 888 1802 16.
905 1772 922 1801 7
949 1769 1001 1802 ita
1022 1770 1058 1801 Σ
1072 1768 1274 1812 (Lehmann
1292 1769 1368 1802 Att.
1382 1781 1417 1813 p.
1432 1770 1501 1812 43),
1520 1779 1523 1781 ’

182 1814 367 1858 KVesenb„
393 1825 462 1848 om.
477 1814 525 1857 M,
550 1814 686 1858 Baiter,
708 1815 790 1858 (ita)
812 1819 928 1849 tamen
948 1814 1083 1848 Orellio
1105 1816 1198 1849 auct.
1236 1815 1339 1858 Boot,
1360 1815 1503 1859 Tyri-ell

183 1872 238 1905 ep.
260 1866 313 1895 20.
340 1882 384 1886 —-
409 1861 460 1896 Ib.
481 1862 543 1895 vim
566 1862 649 1896 huic
675 1863 711 1894 Σ
732 1861 934 1906 (Lehmann
953 1861 1028 1895 Att.
1049 1873 1082 1905 p.
1103 1863 1172 1905 46).
1199 1883 1243 1886 —
1271 1866 1311 1895 12
1337 1862 1503 1907 friyebass

183 1919 289 1951 quum
314 1907 484 1942 Wesenb.
512 1918 584 1941 non
608 1908 712 1941 bene.
739 1929 783 1932 —
810 1911 852 1941 13
873 1909 1062 1951 produxit
1087 1907 1218 1951 Orelli,
1250 1908 1374 1951 Klotz,
1410 1909 1504 1943 Boot

182 1954 283 1987 tacit.
311 1975 355 1979 —
388 1958 429 1988 14
445 1966 496 1997 sq.
522 1966 578 1989 res
609 1956 779 1999 aqebatur
797 1975 842 1979 ——-
866 1954 1070 1998 πανήγυρις
1094 1954 1132 1987 111
1158 1955 1369 1998 parenthesi
1393 1955 1502 2000 vulg,

183 2011 293 2043 quam
317 2001 508 2044 permultis
533 2001 623 2035 locis
648 2002 690 2034 ut
716 2011 1023 2045 supervacaneam
1049 2001 1176 2044 delevi,
1202 2012 1292 2044 quos
1318 2001 1417 2035 locos
1443 2002 1503 2036 hic

182 2057 394 2080 enumerare
431 2048 626 2081 molestum
656 2047 789 2091 visum,
827 2047 991 2091 singulos
1025 2047 1122 2080 infra
1152 2047 1262 2092 paulo
1294 2049 1502 2082 accuratius

181 2093 316 2127 notavi.
368 2092 418 2127 Cf.
441 2094 488 2127 ad
513 2094 598 2129 fam.
618 2106 652 2139 p.
674 2098 704 2128 2.
727 2098 778 2128 13.
812 2115 856 2118 —
883 2098 925 2127 16
951 2095 984 2128 ei
1014 2105 1081 2128 om.
1102 2094 1208 2138 Raw,
1239 2094 1341 2138 Boot,
1367 2095 1405 2128 M
1430 2107 1502 2129 non

181 2139 331 2182 omittit,
358 2140 422 2173 sed
446 2140 560 2174 habet
580 2142 735 2185 placeret
759 2151 841 2174 nec.
861 2161 906 2165 —
933 2144 976 2174 17
1001 2141 1187 2186 [praetor]
1211 2141 1305 2174 Boot
1328 2141 1430 2176 tacit.
1457 2163 1502 2167 ——

181 2190 224 2220 20
251 2187 456 2221 maximam
481 2187 586 2227 Rau,
619 2187 694 2228 a11.,
724 2186 913 2230 Wesenb.,
948 2187 1056 2231 Boot,
1088 2188 1240 2222 maaez'me
1265 2187 1318 2231 M,
1353 2189 1503 2223 maximi

181 2233 236 2267 ed.
257 2233 360 2276 Iens.,
386 2233 522 2276 Baiter,
548 2233 699 2277 Tyr-rell.
720 2255 765 2258 —
784 2237 827 2267 27
848 2234 1044 2269 caecidisse
1065 2234 1175 2268 laude
1195 2245 1260 2268 scr.
1275 2246 1365 2269 mus.
1385 2235 1499 2268 Rhen.

180 2282 270 2313 1898
296 2292 329 2324 p.
353 2283 416 2313 121
434 2291 498 2324 sq.,
524 2281 696 2324 eoecepisse
721 2281 862 2315 laudem
887 2282 931 2323 (V.
953 2280 1000 2314 ad
1025 2293 1058 2324 p.
1081 2282 1206 2325 5415)
1233 2281 1336 2316 codd.
1352 2282 1389 2315 et
1407 2281 1501 2324 edd,
