1665 2553
689 116 728 152 P.
748 120 944 151 345—350.
1441 116 1485 151 CI

147 214 192 244 24
223 210 317 255 quod
347 220 422 245 ‘non
448 210 630 253 putabant
660 209 698 243 in
729 209 899 254 parenth.
920 208 1093 244 Wesenb.
1146 209 1204 242 Ad
1228 222 1263 254 p.
1287 213 1411 244 16.14.
1439 231 1484 235 —

147 261 191 290 26
230 257 361 301 oppido
394 267 467 291 uno
500 256 540 291 O.
562 256 602 291 E.
631 257 799 290 Schmidt
840 256 926 290 ‘Der
963 256 1239 290 Briefwechsel’
1279 268 1314 300 p.
1336 260 1402 289 373
1419 268 1484 299 sq„

147 315 219 338 uno
245 304 376 348 oppido
402 303 620 347 Peerlkamp
648 304 748 347 apud
771 303 960 345 Bootium,
993 303 1178 346 oppidum
1203 303 1320 345 codd,
1345 303 1483 345 Baiter,

148 362 231 384 eum
257 361 363 385 cruce
388 349 634 395 Wesenberg,
666 350 775 392 Boot,
807 350 968 394 Tyrrell,
994 350 1137 393 oppidis
1162 349 1347 391 Lambin,
1380 350 1483 394 prob.

147 397 250 432 Boot.
289 418 334 422 —
373 401 415 431 29
448 398 523 441 qui
555 399 641 431 mihi
667 397 720 439 M,
753 397 841 441 qzlicl
872 397 975 438 mihi,
1009 396 1074 430 sed
1102 396 1188 431 ‘litt
1209 397 1234 430 cl
1259 397 1396 430 deleta’
1424 396 1484 439 W,

150 444 358 485 ‘Imm-tum,
391 455 480 488 quae
506 443 660 486 (Lamb.)
688 454 734 477 an
760 444 853 487 quod
879 442 1055 487 (Con-ad.)
1083 454 1130 477 an
1155 445 1241 487 quia
1268 443 1401 487 (Klotz)
1428 442 1484 476 Ci-

149 491 289 525 ceronis
316 491 378 525 sit’
406 490 510 532 Boot,
538 491 624 534 quia
650 490 802 534 Tyrrell.
835 511 879 514 —-
912 494 954 523 29
982 491 1190 535 lcmyuorem
1214 490 1367 534 Madvig
1392 490 1482 525 Adv.

148 538 197 570 ΠΙ
216 550 250 582 p.
269 542 346 580 188,
375 537 543 571 ‘Ursinus
570 547 588 571 e
608 539 678 572 vet.
694 537 799 579 libro,
825 539 867 570 ut
888 537 951 579 ait,
979 536 1086 570 affert
1107 538 1323 582 lcmyuorem.
1362 537 1483 581 Magis

149 584 362 618 Tullianum
392 586 483 628 puto
516 585 670 618 dolorem,
701 586 742 618 in
772 584 903 618 clolore'
931 584 1035 618 Boot.
1079 586 1090 627 ΙΙ
1133 584 1178 618 P.
1199 583 1290 618 348.
1311 588 1399 627 Ssq.
1421 586 1485 618 etsi

148 652 192 656 ——
219 643 288 666 esse
307 633 411 665 extra
430 630 599 675 parenth.
614 630 751 673 Baiter,
770 630 873 673 Boot,
900 630 1042 674 Tyrrell
1057 634 1201 674 ep.437.
1235 631 1293 664 Ad
1311 643 1346 675 p.
1364 635 1482 665 1614.

148 699 193 703 ——
221 682 262 712 15
290 689 327 712 eo
353 689 422 712 om.
447 677 633 718 Wesenb..
666 677 770 719 Boot,
802 677 945 721 Tyrrell
970 678 1032 720 (ad
1056 690 1091 721 p.
1114 679 1233 721 248),
1265 689 1339 712 meo
1363 678 1483 712 celeri-

146 725 233 769 pedi
258 725 349 760 coni.
372 724 486 758 Orelli
513 724 558 759 cf.
578 736 613 768 p.
636 728 713 758 263.
730 728 783 758 31.
805 745 849 748 —
871 728 914 757 23
940 728 1098 768 tempora
1121 725 1245 768 potius
1273 726 1338 758 aut
1363 725 1485 759 omina

149 782 261 814 quam
299 773 420 806 omnia
453 770 548 805 Ο.Ε,
576 771 743 804 Schmidt
780 770 956 805 Fleckeis.
992 771 1114 805 annal.
1138 775 1226 804 1897
1264 783 1299 815 p.
1321 775 1400 806 599.
1439 792 1483 796 —

152 822 196 851 24
211 830 263 861 sq.
289 819 312 861 ᾧ
331 822 371 852 ut
409 818 492 851 uiui
530 817 595 861 (sie
628 818 725 851 enim
758 818 876 860 codd.)
909 817 1081 852 Wesenb.
1103 818 1195 852 coni.
1219 818 1287 852 ‘vel
1318 820 1396 852 vini
1426 817 1483 851 vel

152 865 255 898 aliud
286 864 503 898 Dolabellae
536 867 732 908 peccatum
764 864 909 898 latere'.
954 885 998 889 ——
1042 868 1085 897 26
1117 865 1207 907 †vel
1238 866 1285 898 in
1316 865 1485 899 Bletellae

149 911 286 951 Baiter.
314 911 486 945 XVesenb.
515 921 533 944 e
559 911 606 943 W
633 913 669 944 et
694 911 718 944 Z
752 911 814 954 (ad
838 923 872 955 p.
891 915 942 945 17.
959 913 1033 954 27),
1065 912 1119 945 vel
1148 912 1291 945 nomine
1317 912 1484 946 DIetellcze

151 958 246 993 Ο.Ε,
280 958 448 992 Schmidt
484 957 614 991 Philol.
651 961 739 991 1896
777 970 811 1001 p.
834 961 898 990 717
939 959 975 991 et
1013 957 1190 992 Fleckeis.
1233 958 1355 993 annal.
1393 962 1482 992 1897

148 1003 694 1085 {45³3ss55’3323-{15332253356
703 1004 1338 1085 ‘hdiffisseffissniffissi&33122213331{¹32ss
1359 1016 1429 1085 1¹5³?
1432 1015 1484 1085 ἒῗῑ

150 1110 184 1142 p.
202 1102 256 1132 68.
272 1102 326 1132 35.
342 1119 386 1122 —
400 1097 450 1131 Π).
466 1098 509 1131 (le
529 1102 650 1132 statua
665 1097 768 1132 Clodi
782 1097 917 1131 Ziehen
936 1109 1027 1131 mus.
1043 1098 1158 1131 Rhen.
1176 1102 1263 1131 1896
1285 1110 1319 1142 p.
1335 1102 1401 1132 592
1417 1110 1482 1141 sq„

151 1145 247 1179 Ο.Ε,
269 1144 435 1179 Schmidt
466 1143 643 1178 Fleckeis.
672 1144 794 1177 annal.
818 1148 905 1178 1897
941 1156 975 1188 p.
998 1148 1081 1186 600,
1119 1145 1197 1188 †cle
1228 1146 1361 1179 staturi
1392 1146 1484 1179 elodz'

151 1192 250 1234 edd,
283 1192 326 1226 cle
356 1196 453 1226 statu
477 1193 529 1226 rel
549 1202 586 1234 p.
607 1192 691 1225 dira
716 1191 824 1225 malit
847 1191 958 1233 Boot,
993 1191 1049 1225 ‘de
1073 1195 1204 1226 stalore
1228 1192 1388 1234 Rhodio,
1426 1191 1483 1225 vel

149 1238 273 1282 potius
300 1239 341 1272 cle
366 1242 486 1272 statua
514 1238 630 1271 Clodi’
659 1237 802 1281 Tyrrell
828 1238 910 1271 adn.
933 1238 1011 1272 crit.
1045 1259 1089 1262 —
1123 1241 1164 1271 31
1191 1239 1247 1272 uti
1271 1239 1334 1272 hoc
1361 1239 1411 1273 vel
1436 1239 1484 1272 acl

150 1286 293 1319 tabulas
312 1296 423 1319 novas
437 1284 572 1318 Ziehen
588 1284 656 1326 l.l.,
678 1285 742 1319 vel
760 1286 824 1319 hoc
842 1285 895 1319 vel
913 1285 1056 1319 tabulas
1077 1295 1186 1318 novus
1198 1289 1213 1318 ἱ)
1249 1286 1261 1329 Η
1298 1285 1342 1320 P.
1358 1284 1447 1320 349.
1465 1290 1481 1318 1

152 1333 215 1366 hoc
239 1331 412 1365 Wesenb.
457 1331 516 1364 Ad
539 1343 574 1375 p.
598 1335 650 1364 12.
667 1334 698 1365 6.
736 1352 780 1356 -
819 1334 838 1364 6
873 1332 920 1365 acl
951 1342 1062 1373 meos,
1098 1332 1137 1365 icl
1168 1336 1219 1365 est
1249 1332 1297 1365 acl
1324 1332 1485 1366 Tulliam

152 1390 218 1412 scr.
238 1390 329 1412 mus.
345 1378 460 1411 Rhen.
479 1381 567 1411 1898
593 1389 627 1421 p.
645 1381 723 1419 132,
749 1378 798 1412 acl
825 1389 874 1411 me
899 1379 996 1412 uisat
1021 1379 1087 1421 (bis
1107 1378 1155 1411 ad
1176 1378 1349 1421 ‘Decurt.,
1375 1379 1482 1413 Torn.

152 1427 189 1458 et
214 1424 379 1458 Crusell.’
408 1424 507 1468 Bosi')
539 1425 696 1459 Tulliam
721 1424 770 1466 Μ,
796 1429 878 1458 ante
904 1425 957 1460 bis
981 1425 1030 1458 acl
1058 1425 1218 1458 Tulliam
1242 1425 1329 1458 Bosi
1353 1424 1485 1459 fraude

153 1472 298 1515 decepti
322 1471 479 1513 Victor.,
511 1471 626 1514 vulg,
658 1471 799 1513 Baiter,
834 1482 900 1505 om.
923 1475 1004 1506 anie
1029 1471 1213 1513 YVesenb„
1246 1473 1328 1515 †acl
1353 1484 1405 1506 me
1432 1473 1485 1507 bis

152 1518 200 1551 acl
230 1519 388 1552 Tulliam
412 1517 506 1551 Boot
538 1517 591 1550 ‘in
621 1517 698 1551 illis
730 1517 848 1551 verbis
882 1519 930 1551 acl
954 1530 1006 1552 me
1031 1519 1086 1552 vis
1109 1518 1285 1562 temporis
1312 1519 1484 1563 designa—

152 1564 290 1598 tionem
313 1564 441 1605 latere,
467 1563 567 1598 velut
592 1575 625 1597 α.
645 1565 738 1598 diem
763 1564 853 1598 VIP
883 1565 1086 1608 suspicans,
1113 1577 1203 1608 quae
1227 1566 1335 1599 etiam
1360 1567 1408 1599 cccl
1435 1578 1484 1600 me

152 1612 205 1645 vis
230 1611 269 1644 in
293 1610 462 1655 parenth.
482 1610 671 1644 Lehmann
698 1609 867 1652 Quaestt.
888 1623 922 1655 p.
941 1615 1005 1645 100
1015 1623 1079 1654 sq„
1106 1611 1249 1655 Tyrrell
1274 1622 1329 1656 ep.
1345 1616 1424 1645 441.
1440 1633 1484 1637 ——

154 1662 195 1691 15
229 1658 358 1699 recleo,
395 1662 499 1691 erunt
524 1657 713 1699 Wesenb..
745 1658 1003 1702 †reclclz'(lerint
1028 1658 1169 1700 Baiter,
1201 1659 1344 1700 reclib05
1381 1664 1486 1693 erunt

152 1704 255 1744 Boot,
281 1705 391 1738 redii:
415 1708 521 1738 erunt
544 1704 690 1737 Klotzio
717 1706 866 1738 auctore
892 1704 1043 1748 Tyrrell,
1069 1705 1183 1747 redeo,
1207 1709 1291 1739 sunt
1318 1705 1482 1740 Lambin.

153 1772 196 1775 —
219 1754 260 1784 17
280 1752 423 1785 haerere
440 1761 505 1794 pro
526 1762 665 1794 querere
684 1750 782 1793 Pius,
802 1751 938 1793 Baiter,
959 1751 1102 1794 Tyrrell
1123 1753 1159 1785 et
1179 1751 1307 1784 addito
1327 1756 1376 1785 est
1400 1754 1486 1795 post

152 1798 288 1839 factum
312 1797 496 1839 WVeseub„
522 1797 625 1839 Boot,
652 1808 741 1840 quae
766 1809 840 1831 rere
864 1797 956 1831 Ellis
982 1797 1114 1831 Philol.
1134 1797 1213 1830 LIV
1241 1802 1329 1831 1895
1355 1810 1389 1841 p.
1407 1802 1483 1833 748.

153 1844 376 1878 Succurrunt
395 1844 480 1886 alia,
507 1854 601 1886 quae
622 1845 719 1877 certe
738 1854 811 1877 non
830 1844 950 1877 minus
969 1844 1180 1888 probabilia
1199 1844 1405 1887 videantur,
1426 1845 1486 1878 vix

152 1892 276 1924 tamen
303 1891 427 1935 digna,
454 1901 549 1932 quae
576 1893 911 1933 commemorentur,
938 1891 1038 1924 velut
1064 1892 1164 1934 queri
1183 1891 1224 1924 (le
1244 1902 1295 1924 me
1315 1896 1483 1935 coeperat.

153 1958 196 1961 —
223 1941 265 1970 22
291 1938 387 1971 velit
410 1937 594 1977 Wesenb..
620 1937 715 1970 Boot
738 1937 819 1970 fals.
864 1937 906 1971 V.
929 1938 975 1970 ad
1001 1938 1093 1971 offic.
1114 1949 1149 1980 p.
1167 1940 1242 1970 159.
1259 1941 1278 1970 5
1306 1938 1360 1971 ed.
1384 1942 1485 1981 1882,

153 1994 270 2026 neque
295 1984 350 2017 ita
376 1983 555 2017 dissimile
574 1996 608 2027 p.
625 1987 701 2017 332.
717 1988 748 2017 4.
771 2004 814 2008 —-
834 1987 879 2017 24
898 1985 990 2018 nihil
1004 1983 1175 2017 Wesenb.
1209 1984 1267 2016 Ad
1286 1996 1318 2027 p.
1336 1988 1412 2018 173.
1429 1989 1484 2020 26.

154 2050 198 2054 ——
224 2033 266 2063 26
292 2031 394 2064 ‘nobis
421 2041 488 2064 om.
504 2030 664 2071 Aseens„
691 2030 875 2073 Wesenb.,
901 2031 1004 2064 Boot.
1043 2030 1085 2064 V.
1108 2030 1296 2063 Lehmann
1317 2029 1484 2072 Quaestt.

152 2088 187 2119 p.
204 2080 280 2110 101.
295 2097 339 2101 —
360 2080 402 2110 33
427 2076 574 2119 feeerit?
599 2076 708 2121 vulg,
734 2077 871 2119 Baiter,
892 2077 1044 2120 Tyrrell.
1084 2077 1249 2119 Perspice
1269 2078 1316 2121 (p.
1334 2081 1409 2112 128.
1428 2081 1485 2122 11)

154 2124 191 2156 et
217 2125 390 2166 perspicis
414 2122 469 2157 ita
495 2123 670 2157 differunt
695 2125 737 2157 ut
764 2124 841 2158 vide
867 2126 904 2157 et
928 2124 1034 2157 vides.
1078 2124 1089 2165 {1
1132 2123 1178 2157 P.
1199 2122 1289 2158 350.
1311 2128 1330 2158 ἵ)
1347 2136 1399 2167 sq.
1421 2130 1486 2159 aut

154 2169 251 2203 adeo
277 2181 327 2203 me
352 2171 398 2203 in
422 2170 528 2204 malis
552 2170 703 2214 Madvig
728 2170 817 2204 Adv.
839 2171 888 2202 ΙΙΙ
906 2182 940 2213 p.
958 2174 1040 2211 189,
1074 2169 1228 2213 Tyrrell,
1255 2171 1356 2214 prob.
1379 2172 1484 2215 Boot,

152 2220 192 2250 ut
223 2226 260 2249 eo
291 2227 341 2249 me
373 2217 486 2260 mayis
510 2216 564 2259 M,
597 2228 679 2250 eum
713 2228 818 2250 eruce
844 2217 948 2258 Boot,
980 2221 1044 2250 aut
1069 2227 1107 2250 eo
1133 2228 1185 2250 me
1209 2219 1325 2261 maqz's
1349 2218 1484 2261 Ursin.,

152 2262 293 2303 Baiter,
331 2266 368 2296 et
397 2272 435 2296 eo
468 2273 518 2296 me
548 2265 662 2308 magis
692 2274 762 2298 esse
793 2264 1006 2305 despectam,
1039 2267 1114 2297 aut
1150 2283 1195 2288 —-
1234 2269 1349 2298 curat
1374 2265 1483 2308 vulg,

155 2308 324 2342 Wesenb.
339 2329 383 2333 -—
405 2312 445 2342 11
467 2313 570 2343 certo
592 2309 735 2353 ε31)-1-1,
751 2309 790 2351 O,
807 2310 836 2343 ε’
860 2309 1063 2352 (Lehmann
1082 2309 1158 2344 Att.
1173 2322 1207 2353 p.
1226 2313 1317 2354 101),
1343 2311 1483 2354 Baiter,
