1665 2553
204 88 319 122 XLIV
630 88 908 123 ADNOTATIO
936 87 1120 123 CRITICA

205 193 287 215 cum
314 193 419 217 cruce
444 182 587 225 Baiter,
619 182 811 225 Wesenb.,
844 183 948 217 Boot.
975 203 1021 208 —
1046 187 1089 216 27
1116 183 1230 217 XIII
1249 183 1403 226 Manui„
1429 184 1534 227 Boot,

205 229 359 263 Schiche
385 240 506 274 progr.
527 229 645 264 Berol.
669 233 758 263 1895
783 242 818 273 p.
840 232 871 271 8,
898 229 1035 263 XIIII
1054 229 1103 272 M,
1129 230 1195 264 XI
1212 229 1371 273 Corrad.,
1397 231 1535 274 Baiter,

205 276 295 309 XII
313 276 481 321 Malasp.,
507 276 692 319 Wesenb.,
719 275 758 310 O.
779 276 819 310 E.
842 276 1009 310 Schmidt
1030 276 1117 310 ‘Der
1135 277 1408 311 Briefwechsel'
1429 290 1462 322 p.
1481 281 1535 320 74,

204 322 356 366 Tyrrell.
386 344 429 348 —-
456 327 498 357 32
524 323 587 357 IV
609 328 673 358 aut
697 323 771 356 III
791 322 945 356 Schiche
970 322 993 357 l.
1014 322 1038 357 l.
1058 335 1092 367 p.
1116 327 1170 365 11,
1196 325 1269 358 ΙΙΙ
1282 324 1420 365 Baiter,
1444 325 1538 358 IIII

204 369 376 403 Wesenb.
420 372 431 414 ΙΙ
474 370 520 404 Ρ.
542 370 631 404 136.
653 374 672 403 5
700 370 822 404 Roma
847 369 1006 412 Manut,
1038 369 1228 413 Wesenb,
1261 371 1365 414 Boot,
1391 371 1536 415 Tyrrell

205 427 259 460 ep.
284 420 361 459 193,
388 416 542 450 Schiche
561 428 682 461 progr.
702 416 819 450 Berol.
843 419 931 449 1895
951 428 985 460 p.
1003 419 1057 456 12,
1083 417 1193 451 Rome
1212 417 1260 460 M,
1286 418 1421 452 Romae
1440 429 1535 453 aece-

199 474 326 507 peram
344 464 526 509 [litteras]
544 463 680 498 Baiter.
711 484 754 488 —
783 467 824 497 12
850 474 992 498 secura
1017 463 1132 507 codd,
1159 464 1295 508 Baiter,
1320 475 1436 499 secum
1460 464 1536 499 iam

204 511 291 543 vett.
314 510 395 543 edd.
436 531 480 535 —
519 514 561 544 22
594 511 643 544 ad
675 510 835 544 Caelium
867 510 949 543 add.
978 509 1132 544 Schiche
1162 521 1282 555 progr.
1303 511 1420 545 Berol.
1444 515 1534 545 1892

204 568 237 600 p.
262 560 313 590 12.
355 577 399 582 ——
437 561 481 591 27
508 557 636 591 XVII
662 556 701 590 O.
723 557 761 590 E.
785 556 952 590 Schmidt
991 556 1078 590 ‘Der
1109 557 1382 592 Briefwechsel’
1421 570 1455 602 p.
1479 562 1534 601 74,

204 604 318 637 medio
355 614 470 638 mense
508 603 629 648 Quint.
656 603 800 644 Baiter,
839 605 932 637 iuter
970 603 1096 637 XVII
1127 609 1159 639 et
1194 604 1253 638 VI
1278 605 1364 639 Kal.
1394 604 1533 649 Quinet.

204 649 376 683 YVesenb.
392 671 437 675 —-
458 654 499 683 31
515 651 644 684 Areus
663 652 749 684 vett.
767 650 860 692 edd,
881 650 1023 694 Tyrrell
1044 661 1098 694 ep.
1116 654 1181 684 195
1201 652 1271 685 tac.
1286 672 1333 677 —-
1346 656 1390 685 34
1408 656 1455 687 ut
1474 653 1536 696 qui

206 696 334 740 Sisbye
367 696 498 740 Opusc.
526 697 617 741 phil.
649 697 696 730 ad
727 697 886 741 Madvig.
915 709 948 741 p.
972 701 1038 730 240
1064 700 1142 730 tam
1168 708 1401 741 supervacan.
1424 709 1535 742 quam

203 742 304 777 Verr.
327 755 361 787 p.
384 748 461 777 220.
484 747 521 786 8,
554 755 627 777 non
654 744 767 777 etiam
792 756 821 777 V.
839 755 866 777 c.
888 756 922 788 p.
944 747 998 777 48.
1021 748 1076 787 26,
1109 748 1163 778 50.
1186 748 1217 787 2,
1245 748 1298 778 59.
1322 749 1375 788 12,
1404 749 1479 779 135.
1503 749 1533 779 2.

205 788 275 823 Cur
294 801 367 823 non
386 790 510 834 potius
531 796 634 824 etim?
660 793 702 824 ut
722 790 821 824 idem
840 790 957 824 voluit
975 803 1009 834 p.
1026 794 1102 825 502.
1121 795 1174 825 16.
1215 789 1265 825 Cf.
1288 791 1335 824 ad
1359 804 1394 836 p.
1409 795 1463 826 41.
1480 796 1535 834 25,

206 840 358 870 160.16.
397 858 443 862 —-
479 837 529 870 Ib.
552 837 753 872 Leucatem
778 837 922 881 Tyrrell
954 837 1127 881 barbare,
1161 837 1337 879 debebat,
1371 838 1401 872 si
1426 838 1535 872 nimis

205 883 349 917 animus
378 883 602 917 abhorrebat
627 895 648 917 a
673 884 846 926 Leucata,
880 886 944 917 aut
968 884 1151 919 Leucaten
1176 896 1258 918 cum
1282 884 1448 919 Victorio
1474 886 1536 928 (ad

204 930 289 963 fam.
310 942 344 974 p.
362 934 438 964 216.
456 932 489 974 9)
511 932 575 964 aut
588 931 788 965 Leucadem
807 931 908 975 (wia).
941 932 951 974 ΙΙ
988 931 1033 965 Ρ.
1047 931 1136 965 137.
1150 935 1167 964 1
1188 932 1265 965 sine
1277 932 1332 966 his
1345 932 1534 977 impvulg.

205 977 299 1019 edd,
321 978 398 1011 sine
416 978 462 1011 iis
482 977 582 1020 22M2,
601 977 738 1020 Baiter,
758 978 816 1012 sin
834 978 884 1011 eis
902 977 1001 1020 2'.M1,
1022 978 1097 1012 sine
1110 978 1236 1021 imped.
1248 980 1319 1011 Σ50
1333 978 1536 1021 (Lehmann

204 1025 278 1056 Att.
299 1035 333 1067 p.
356 1027 411 1066 43,
435 1026 500 1067 70).
540 1045 585 1049 —
617 1027 636 1057 6
667 1034 744 1058 nos
773 1028 897 1058 nostra
923 1022 1138 1057 Casaubono
1172 1026 1320 1058 auctore
1344 1025 1446 1059 Boot.
1491 1025 1533 1060 V.

206 1070 251 1103 ad
278 1070 362 1103 fam.
383 1082 416 1114 p.
440 1074 517 1104 230.
540 1074 595 1112 29,
620 1070 719 1103 infra
743 1082 776 1114 p.
800 1074 876 1104 193.
898 1074 953 1112 23,
980 1074 1056 1104 391.
1080 1074 1109 1104 7.
1131 1091 1175 1095 -——
1197 1075 1238 1104 12
1264 1072 1425 1115 recepisti
1443 1071 1534 1106 Leh-

203 1127 314 1149 mann
343 1117 563 1150 τ1011105001.
586 1117 648 1150 des
675 1117 802 1160 philol.
824 1116 991 1150 Vereins’
1016 1120 1104 1151 1888
1130 1129 1163 1161 p.
1181 1121 1259 1161 257,
1284 1119 1467 1162 reseripsti
1485 1119 1534 1160 M,

203 1163 340 1205 Baiter,
374 1163 527 1206 Tyrrell,
552 1164 766 1207 rescripsisti
790 1163 899 1207 vulg,
920 1163 1104 1206 Wesenb,
1131 1164 1232 1197 Boot.
1283 1164 1341 1198 Ad
1365 1164 1436 1209 leg.
1459 1176 1533 1209 agr.

202 1221 237 1253 p.
260 1213 336 1243 226.
360 1213 420 1251 15,
456 1210 554 1243 infra
580 1210 628 1243 ad
652 1222 687 1254 p.
710 1214 786 1244 386.
810 1214 862 1243 14.
896 1231 942 1235 —
973 1214 1016 1244 25
1038 1211 1135 1254 prid.
1157 1211 1205 1245 K.
1227 1215 1291 1245 aut
1310 1211 1358 1245 K.
1380 1210 1535 1246 Schiche

202 1267 323 1299 progr.
344 1256 462 1290 Berol.
486 1260 575 1290 1895
600 1269 634 1300 p.
658 1260 701 1290 14
717 1267 782 1299 ex„
807 1257 881 1290 III
902 1257 987 1291 Kal.
1008 1257 1144 1299 Baiter,
1171 1257 1342 1291 Wesenb.
1364 1279 1409 1283 ——
1435 1262 1478 1292 27
1505 1259 1538 1292 V

205 1302 358 1336 Schiche
384 1303 491 1345 ibid,
524 1303 605 1336 XV
627 1303 748 1344 codd,
787 1303 868 1337 VII
886 1303 1045 1346 Manut„
1076 1304 1218 1346 Baiter,
1250 1304 1361 1347 Boot,
1392 1304 1536 1349 Tyrrell

205 1359 258 1393 ep.
282 1352 365 1393 198,
405 1350 462 1384 VI
482 1349 521 1383 O.
543 1350 582 1383 Ε.
605 1349 771 1383 Schmidt
798 1350 885 1384 ‘Der
916 1349 1191 1384 Briefwechsel’
1219 1363 1254 1394 p.
1278 1355 1319 1384 75
1335 1363 1386 1394 sq.
1414 1373 1459 1376 —
1491 1356 1534 1386 33

204 1397 245 1429 cle
276 1407 329 1430 me
358 1397 436 1439 ipso
468 1397 608 1440 aliquid
643 1396 679 1439 ‘l,
703 1399 750 1438 Σ,
782 1396 854 1430 11151
886 1397 984 1439 quod
1010 1396 1110 1430 ONH
1141 1409 1192 1431 me
1224 1397 1414 1431 omittunt⁹
1442 1398 1534 1432 Leh-

203 1453 315 1475 mann
355 1442 431 1476 Att.
453 1455 487 1486 p.
513 1446 573 1486 89,
607 1443 747 1487 aliquid
784 1444 825 1478 cle
862 1454 915 1477 me
944 1444 1021 1487 ipso
1041 1443 1166 1487 vulg,
1198 1455 1251 1478 me
1283 1445 1419 1479 0111Μ.
1476 1445 1535 1479 Ad

203 1501 236 1533 p.
258 1493 384 1523 11.11.
412 1510 456 1514 —
484 1493 526 1523 36
552 1490 653 1533 prius
679 1490 772 1524 nihil
797 1501 864 1524 om.
886 1490 985 1532 Rav,
1012 1490 1114 1524 Boot.
1158 1492 1169 1534 Η
1217 1491 1263 1525 Ρ.
1285 1491 1408 1526 138.2
1435 1492 1536 1526 Belle

204 1537 321 1570 adhuc
357 1548 387 1569 v.
416 1536 464 1569 ad
501 1535 566 1570 Off.
594 1549 627 1580 p.
655 1540 731 1570 173.
760 1540 803 1569 28
842 1537 896 1570 ed.
926 1540 1013 1570 1882
1065 1538 1102 1570 et
1145 1537 1187 1570 cf.
1214 1537 1275 1571 1110
1310 1550 1344 1582 p.
1373 1542 1450 1571 213.
1479 1542 1532 1573 26.

204 1603 247 1607 --
282 1586 324 1616 10
356 1583 400 1616 Ν
403 1594 444 1617 ee
475 1584 591 1617 nescio
623 1595 688 1617 scr.
715 1583 773 1626 (cf.
795 1583 879 1616 fam.
901 1582 934 1616 X
967 1587 996 1616 1.
1018 1587 1039 1616 4
1069 1594 1133 1617 ‘nee
1169 1584 1280 1618 miror
1310 1589 1342 1618 et
1371 1585 1532 1629 gaudeo).

204 1629 371 1673 †Nesei0
402 1629 595 1672 WVesenb„
628 1630 722 1663 Boot
756 1630 858 1674 prob.
886 1629 1025 1663 Kahnti
1059 1630 1307 1664 coniecturam
1338 1631 1376 1664 111
1411 1642 1531 1675 progr.

204 1675 377 1709 Zitziensi
398 1679 488 1710 1844
507 1688 541 1720 p.
559 1679 577 1709 7
592 1676 686 1711 Sane
705 1677 787 1718 scio,
808 1676 861 1710 sic
875 1688 940 1710 scr.
956 1676 1109 1720 Tyrrell,
1129 1678 1201 1711 scio
1215 1676 1381 1719 Schuetz,
1396 1677 1533 1719 Baiter,

203 1723 291 1757 Non
315 1723 431 1757 nescio
456 1722 573 1756 Klotz.
601 1744 643 1748 —
672 1727 712 1756 11
739 1727 780 1758 ut
800 1727 890 1767 puto
916 1723 985 1757 del.
1007 1723 1196 1766 Wesenb,
1228 1723 1332 1765 Boot,
1362 1724 1530 1758 ‘sinnlos'

203 1769 348 1803 videtur
374 1769 495 1803 etiam-
513 1769 682 1803 Schichio
706 1780 826 1814 progr.
842 1769 958 1804 Berol.
975 1773 1064 1803 1895
1090 1782 1123 1814 p.
1142 1773 1194 1804 15.
1237 1770 1355 1804 ‘Denn
1380 1770 1460 1804 hier
1484 1770 1536 1804 ist

204 1816 416 1860 notwendig
451 1820 492 1851 ut
517 1821 606 1860 puto
639 1816 705 1849 auf
731 1817 848 1859 fronte
874 1828 918 1850 zu
942 1816 1130 1858 beziehen,
1170 1816 1224 1850 als
1249 1816 1381 1851 Wfisste
1409 1815 1533 1851 Cicero

203 1862 307 1896 nicht
337 1874 474 1907 genau,
508 1863 553 1896 ob
587 1862 645 1896 die
676 1864 779 1905 frons
805 1864 869 1897 der
894 1863 969 1897 Sitz
996 1863 1060 1897 der
1085 1863 1207 1897 Miene
1232 1863 1292 1906 ist,
1320 1863 1379 1897 die
1407 1874 1446 1897 er
1471 1875 1535 1897 zur

204 1908 324 1942 Schau
350 1910 478 1954 tragt’,
506 1910 596 1943 coni.
617 1911 747 1952 fronte
771 1914 921 1953 utputo
946 1914 978 1944 et
1002 1910 1090 1951 volo,
1117 1910 1246 1944 bellus.
1285 1892 1393 1953 7Quid,
1421 1910 1452 1944 si
1479 1910 1532 1943 di-

204 1966 284 1988 cere
309 1955 426 1989 voluit
450 1956 571 1990 fronte
597 1958 633 1990 et
657 1956 772 1998 vultu,
798 1967 870 1990 non
898 1956 1019 1989 animo
1044 1956 1248 1990 bellissime
1268 1956 1361 1990 ferre
1384 1967 1421 1990 se
1441 1957 1534 1991 haec

202 2003 357 2044 putare?
393 2003 564 2046 potuitne
596 1984 844 2037 commodius?
880 2002 1051 2036 Voluisse
1083 2004 1207 2036 autem
1238 2003 1307 2036 hoo
1331 2003 1453 2047 ipsum
1480 2004 1532 2037 di-

203 2058 295 2089 0010,
315 2048 409 2082 ferre
430 2060 467 2083 se
486 2050 578 2084 11000
597 2049 799 2083 bellissime
820 2049 891 2082 sibi
910 2049 1027 2082 videri
1047 2058 1146 2088 (110111
1164 2049 1323 2083 frontem
1338 2052 1374 2083 et
1387 2050 1532 2084 vultum

202 2093 282 2137 ipse
314 2094 436 2128 videre
462 2107 535 2129 non
559 2098 736 2140 poterat),
769 2096 834 2129 sed
860 2095 947 2139 angi
972 2089 1113 2129 intimis
1141 2096 1326 2138 sensibus,
1354 2107 1534 2141 0111101010

202 2140 294 2173 1111111
319 2141 473 2175 videtur
495 2163 538 2167 -—
564 2143 614 2176 Ib.
637 2143 849 2177 bellissime
875 2142 1035 2184 Ascens„
1061 2142 1197 2184 Baiter,
1224 2142 1408 2186 Wesenb„
1436 2144 1534 2178 bellis

203 2187 324 2228 codd.
356 2187 464 2230 Boot,
497 2188 570 2232 Tyr
572 2189 639 2223 rell
665 2191 742 2223 tam
767 2188 861 2221 falso
888 2199 999 2231 quam
1025 2189 1233 2230 bellissimis,
1261 2190 1359 2232 quod
1385 2190 1533 2234 scripsit

201 2233 325 2267 Boot
315 2215 353 2267 in
374 2235 460 2268 edit
470 2235 495 2277 I,
516 2236 627 2279 paulo
647 2235 778 2269 melius
792 2235 899 2268 Klotz
915 2235 1110 2269 bellissiffmo
1128 2255 1172 2260 —-
1195 2239 1236 2269 13
1252 2237 1362 2271 stulte
1375 2236 1509 2270 Klotz
1514 2246 1533 2270 0

203 2280 280 2313 cod.
294 2278 347 2323 C',
369 2291 388 2314 0
407 2280 493 2314 Rav.
507 2281 611 2325 Boot,
632 2282 733 2326 Tyrr.
753 2302 795 2306 —
816 2281 866 2315 lb
881 2282 1052 2316 insulsae
1065 2281 1250 2326 Wesenb
1270 2283 1402 2317 insulsi
1420 2282 1466 2316 Μ.
1488 2303 1532 2308 —-
