1665 2553
232 77 318 118 488
672 78 721 112 M.
747 78 887 113 TULLI
913 78 1159 114 CICERONIS

838 207 970 249 XXV.

432 287 506 322 Ser.
526 289 567 322 in
596 287 800 323 Tusculano
826 288 899 321 III
920 288 969 322 K.
992 288 1114 333 Quint.
1135 300 1168 323 α.
1190 291 1261 324 710
1288 291 1375 331 (44).

635 369 828 404 CICERO
854 369 1044 404 ATTICO
1070 369 1176 404 SAL,

320 440 383 481 De
420 456 513 482 meo
551 441 701 482 itinere
738 442 878 482 variae
921 442 1170 494 sententiae3
1214 441 1341 482 multi
1373 440 1484 482 enim
1515 440 1568 481 ad

232 514 309 540 me.
371 498 452 540 Sed
482 502 531 540 tu
560 500 767 554 incumbe,
799 514 968 555 quaeso,
999 500 1045 540 in
1075 515 1166 540 eam
1198 514 1350 540 curam.
1412 499 1567 554 Magna
1604 517 1619 543 5

232 572 299 598 res
332 560 405 598 est.
454 557 524 598 An
554 558 725 613 probas,
757 558 793 598 si
825 558 876 599 ad
903 558 994 599 Kal.
1021 557 1108 599 Ian.
1130 557 1396 612 cogitamus?
1444 557 1566 598 Meus

233 616 397 656 animus
436 619 500 657 est
532 629 707 671 aequus,
745 617 805 657 sic
835 620 996 671 tamen,
1032 620 1080 657 ut
1114 617 1149 657 si
1180 617 1289 657 m'hil
1322 616 1566 657 offensionis

233 674 299 715 sit.
355 674 455 728 †Et
487 677 534 715 tu
567 675 693 715 etiam
726 675 843 730 scire,
876 690 958 729 quo
992 675 1057 715 die
1090 675 1192 715 olim
1222 675 1448 729 piaculum,
1479 689 1566 728 my-

233 733 362 773 steria
394 733 561 774 scilicet.
623 734 652 788 †
672 733 731 774 Ut
763 736 811 774 tu
843 734 982 787 scires,
1019 748 1139 774 casus
1172 733 1396 774 consilium
1427 733 1566 773 nostri

232 791 396 832 itineris
440 791 654 832 iudicabit.
722 791 976 832 Dubitemus
1020 792 1163 846 igitur.
1225 791 1307 832 Est
1351 791 1463 832 enim
1504 791 1566 831 hi·
1586 809 1619 833 ιο

232 849 363 890 berna
397 850 614 904 navigatio
654 850 816 904 odiosa,
856 865 988 904 eoque
1029 865 1079 891 ex
1111 853 1154 891 te
1187 850 1448 904 quaesieram
1479 864 1566 902 my-

232 908 457 949 steriorum
489 909 610 949 diem.
671 908 872 963 Brutum,
908 912 956 949 ut
989 909 1150 963 scribis,
1190 909 1329 949 visum
1361 908 1415 949 iri
1446 923 1469 949 a
1499 922 1566 949 me

230 970 346 1020 puto.
408 967 502 1022 Ego
533 967 632 1008 hinc
662 968 759 1008 volo
792 982 852 1021 pr.
884 966 978 1008 Kal.

823 1105 977 1147 XXVI.

419 1186 492 1221 Ser.
513 1187 554 1220 in
578 1187 756 1230 Arpinati
788 1187 846 1221 VI
866 1187 962 1220 Non.
989 1187 1110 1230 Quint.
1137 1197 1169 1219 a.
1194 1189 1263 1221 710
1291 1188 1378 1229 (44).
1584 1194 1617 1219 15
1664 1167 1665 1171 ¹

632 1267 821 1302 CICERO
845 1266 1036 1301 ATTICO
1062 1267 1169 1301 SAL.

317 1339 380 1380 De
418 1338 565 1387 Quinti
607 1339 780 1392 negotio
824 1338 944 1379 video
982 1353 1009 1379 a
1045 1341 1087 1378 te
1125 1338 1266 1378 omnia
1304 1338 1425 1379 facta.
1486 1337 1562 1379 Ille

229 1400 372 1438 tamen
403 1397 517 1438 dolet
549 1397 763 1452 dubitans,
802 1399 946 1437 utrum
977 1410 1138 1437 morem
1170 1399 1289 1451 gerat
1320 1396 1478 1450 Leptae
1510 1411 1563 1437 an

228 1456 354 1497 fidem
393 1456 577 1496 infirmet
615 1455 715 1496 filio.
776 1454 969 1496 Inaudivi
1006 1454 1050 1495 L.
1082 1454 1279 1495 Pisonem
1309 1455 1416 1496 velle
1449 1455 1561 1495 exire

227 1514 415 1569 legatum
452 1514 771 1569 ψευδεγγράφῳ
805 1517 974 1554 senatus
1008 1513 1211 1554 consulto.
1272 1512 1413 1554 Velim
1445 1513 1562 1568 scire,
1579 1532 1614 1557 20

230 1573 331 1627 quid
368 1573 435 1613 sit.
496 1572 759 1613 Tabellarius
797 1572 885 1626 1116,
931 1586 1055 1626 quem
1092 1572 1173 1612 tibi
1210 1571 1397 1612 dixeram
1436 1586 1463 1612 a
1493 1585 1560 1611 me

228 1632 280 1672 ad
311 1631 492 1672 Brutum
534 1645 623 1671 esse
654 1631 849 1685 missum,
887 1630 931 1670 in
961 1629 1234 1685 Anagninum
1265 1629 1316 1670 ad
1346 1643 1413 1670 me
1444 1629 1559 1670 venit

228 1704 276 1731 ea
305 1692 447 1744 nocte,
487 1704 593 1754 quae
625 1689 818 1742 ploxima
849 1691 945 1730 ante
976 1664 1083 1729 Kal.U
1102 1689 1195 1743 fuit,
1226 1688 1476 1741 litterasque
1508 1687 1559 1728 ad

227 1763 294 1789 me
326 1748 489 1801 attulit3
521 1748 565 1788 in
598 1747 751 1801 quibus
783 1761 914 1787 unum
947 1747 1129 1787 alienum
1162 1761 1324 1787 summa
1356 1760 1432 1786 sua
1463 1760 1557 1799 pru-

228 1807 386 1860 dentia,
425 1806 536 1846 idem
567 1805 691 1860 illud,
727 1808 775 1846 ut
806 1808 989 1859 spectem
1019 1805 1141 1846 ludos
1174 1819 1283 1845 suos.
1345 1803 1610 1857 Rescripsi25

228 1865 386 1906 scilicet
423 1864 607 1917 primum
644 1878 710 1904 me
746 1864 831 1904 iam
861 1863 1116 1919 profectum,
1152 1866 1199 1903 ut
1230 1877 1312 1903 non
1342 1862 1556 1916 integrum

228 1924 300 1978 sit3
343 1922 490 1963 deinde
522 1922 802 1963 ἀτοπώτατον
833 1936 923 1962 esse
954 1936 1032 1976 me,
1071 1922 1143 1976 qui
1173 1920 1351 1962 Romam
1385 1920 1555 1961 omnino

225 1984 324 2036 post
354 1981 456 2021 haec
487 1996 601 2021 arma
632 1995 719 2021 non
749 1980 993 2021 accesserim
1023 1994 1158 2034 neque
1190 1979 1233 2020 id
1263 1982 1351 2020 tam
1381 1978 1555 2032 periculi

225 2040 308 2081 mei
345 2054 469 2080 causa
508 2039 678 2080 fecerim
715 2053 841 2092 quam
881 2038 1120 2092 dignitatis,
1164 2037 1306 2078 subito
1345 2037 1397 2077 ad
1432 2036 1554 2077 ludos

224 2098 377 2139 venire.
433 2097 526 2138 Tali
559 2097 669 2138 enim
700 2099 892 2150 tempore
921 2096 1043 2136 ludos
1075 2096 1209 2137 facere
1240 2095 1303 2136 illi
1328 2095 1554 2135 honestum
1573 2112 1607 2137 30

225 2159 302 2211 est,
332 2155 398 2197 cui
428 2170 596 2196 necesse
627 2157 702 2209 est,
735 2157 923 2208 spectare
953 2154 1070 2208 mihi,
1102 2157 1150 2195 ut
1174 2168 1260 2195 non
1285 2156 1349 2194 est
1373 2167 1554 2206 necesse,

226 2215 285 2255 sic
314 2229 368 2254 116
397 2214 624 2255 honestum
656 2213 825 2267 quidem
856 2214 930 2254 est.
985 2212 1195 2266 Equidem
1225 2212 1322 2252 illos
1353 2211 1554 2251 celebrari

224 2275 266 2313 et
304 2286 393 2313 esse
431 2287 556 2326 quam
590 2269 862 2326 'gratissimos
902 2270 1153 2311 mirabiliter
1183 2270 1305 2324 cupio
1338 2269 1462 2322 idque
1494 2269 1554 2309 ita
