1665 2553
315 108 653 143 EPISTULARUM
677 108 743 143 AD
769 108 984 143 ATTICUM
1010 108 1093 142 XIII
1118 112 1266 143 22—24.
1368 108 1452 148 411

122 207 202 245 tur.
258 203 322 245 De
355 205 508 258 quibus
540 205 662 245 libris
697 204 777 245 scis
812 218 878 244 me
909 203 1136 257 dubitasse,
1165 203 1237 244 sed
1268 205 1316 243 tu
1346 203 1456 244 vide-

122 263 191 304 ris.
254 262 379 317 Item,
417 278 523 317 quos
564 263 699 304 Bruto
731 263 961 316 mittimus,
998 262 1043 303 in
1073 261 1267 303 manibus
1298 261 1456 302 habent

122 322 296 363 librarii.

212 380 309 421 Mea
340 380 549 435 mandata,
580 383 628 421 ut
661 380 822 434 scribis,
853 379 1024 433 explica.
1081 378 1342 433 Quamquam
1374 378 1458 419 ista
1482 389 1503 419 3

88 455 103 481 5
122 439 358 480 retentione
391 453 534 480 omnes
568 439 627 479 ait
659 438 723 479 uti
756 438 996 493 Trebatius3
1035 438 1136 491 quid
1167 440 1215 478 tu
1245 438 1352 478 istos
1384 451 1457 490 pu-

122 498 217 538 tas?
266 496 395 539 Nosti
425 498 606 538 domum.
669 496 803 545 Quare
835 497 991 538 confice
1023 496 1262 550 εὐαγώγως.
1323 495 1458 536 Incre-

123 556 251 597 dibile
282 559 364 609 est,
406 571 532 610 quam
564 570 641 610 ego
674 556 757 596 ista
788 570 874 596 non
906 570 1058 596 curem.
1121 554 1247 596 Omni
1278 554 1358 595 tibi
1391 554 1458 594 ad-

124 615 383 656 severatione
426 615 621 669 adfirmo,
671 614 783 668 quod
824 614 930 654 mihi
974 613 1116 655 credas
1158 613 1303 668 velim,
1351 612 1457 653 mihi

122 673 272 714 maiori
308 674 531 714 offensioni
563 688 652 714 esse
685 687 810 727 quam
843 672 1112 713 delectationi
1143 672 1457 726 possessiuncu-

70 749 103 773 10
122 732 185 773 las
222 746 348 773 meas.
410 732 548 787 Magis
592 732 704 773 enim
748 731 868 772 doleo
912 746 978 772 me
1016 745 1104 771 non
1140 730 1314 785 habere,
1358 730 1458 784 quoi

122 791 304 844 tradam,
343 806 467 844 quam
502 792 657 844 yaudeo
694 790 867 844 habere‘,
908 790 980 844 qui
1011 792 1117 830 utar.
1179 788 1322 843 Atque
1353 789 1458 829 illud

124 849 348 890 Trebatius
381 864 424 891 se
450 849 532 890 tibi
559 849 713 890 dixisse
738 849 956 903 narrabat3
989 851 1036 889 tu
1063 851 1204 889 autem
1229 848 1389 889 veritus
1414 861 1458 888 es

123 909 317 963 fortasse,
347 923 400 949 ne
432 922 508 963 ego
542 908 702 949 invitus
736 907 933 948 audirem.
984 906 1084 947 Fuit
1116 907 1158 947 id
1190 906 1360 960 quidem
1384 905 1459 946 hu—

123 943 354 1021 manitatis,
396 967 479 1022 sed,
510 966 617 1007 mihi
649 966 779 1019 crede,
810 966 894 1006 iam
925 965 1007 1006 ista
1037 980 1124 1006 non
1156 979 1266 1006 curo
1323 964 1459 1013 Quale

72 1043 104 1067 15
124 1026 176 1066 da
215 1028 257 1066 te
295 1025 340 1065 in
381 1039 616 1066 sermonem
653 1028 694 1065 et
734 1039 931 1079 perseca
940 1027 981 1064 et
1013 1024 1168 1065 confice
1201 1026 1242 1065 et
1273 1024 1334 1064 ita
1365 1037 1460 1063 cum
1508 1035 1516 1039 ·

123 1084 244 1125 Polla
274 1084 465 1139 loquere,
505 1086 553 1124 ut
586 1087 627 1125 te
659 1098 753 1124 cum
786 1083 860 1124 illo
893 1083 1047 1124 Scaeva
1078 1082 1197 1136 loqui
1228 1085 1352 1136 putes
1384 1095 1460 1122 nec

124 1143 338 1183 existimes
371 1157 453 1195 eos,
486 1143 558 1196 qui
590 1157 676 1183 non
706 1142 848 1182 debita
881 1141 1113 1182 consectari
1140 1141 1315 1194 soleant,
1347 1139 1461 1194 quod

125 1201 338 1254 debeatur,
382 1201 643 1242 remissuros.
712 1200 776 1241 De
821 1200 886 1240 die
932 1202 1100 1241 tantum
1142 1199 1283 1240 videto
1328 1201 1369 1239 et
1418 1198 1460 1239 id

124 1261 265 1314 ipsum
296 1260 408 1300 bono
440 1259 577 1300 modo.

72 1394 106 1419 20
716 1375 870 1417 XXIV.

336 1456 410 1491 Ser.
433 1457 473 1490 in
502 1457 707 1491 Tusculano
738 1457 772 1489 V
792 1457 848 1490 Id.
874 1456 994 1501 Quint.
1017 1468 1050 1490 α.
1074 1458 1144 1490 709
1171 1457 1259 1498 (45).

528 1538 718 1597 CICERO
742 1537 932 1572 ATTICO
958 1538 1065 1572 SAL.

216 1608 326 1658 Quid
363 1612 445 1665 est,
484 1609 597 1662 quod
627 1608 914 1663 Hermogenes
955 1609 1059 1649 mihi
1094 1607 1266 1649 Clodius
1298 1607 1461 1648 Andro·
1488 1617 1505 1648 1

127 1683 290 1709 menem
337 1667 418 1708 sibi
463 1668 617 1708 dixisse
662 1682 704 1707 se
748 1666 989 1707 Ciceronem
1029 1667 1185 1707 vidisse
1226 1665 1460 1719 Corcyrae?

76 1745 109 1769 25
128 1727 223 1782 Ego
271 1726 382 1766 enim
431 1726 573 1766 audita
619 1725 699 1766 tibi
745 1728 951 1779 putaram.
1027 1724 1101 1765 Nil
1148 1725 1280 1779 igitur
1325 1739 1378 1765 ne
1425 1724 1461 1764 ei

129 1785 299 1839 quidem
336 1784 604 1825 litterarum?
653 1783 723 1824 An
757 1798 844 1824 non
885 1784 1019 1824 vidit?
1069 1782 1214 1824 Facies
1253 1796 1372 1837 ergo,
1414 1785 1461 1823 ut

129 1845 268 1885 sciam.

218 1901 327 1950 Quid
367 1901 447 1941 tibi
488 1914 566 1955 ego
608 1901 656 1941 de
700 1900 891 1941 Varrone
934 1900 1191 1941 rescribam?
1253 1898 1462 1948 Quattuor

133 1959 344 2015 διφθέραι
376 1962 474 2000 sunt
506 1960 549 1999 in
581 1962 654 1999 tua
685 1961 907 2012 potestate.
965 1957 1086 2006 Quod
1118 1958 1264 2012 egeris,
1296 1958 1339 1998 id
1369 1972 1463 2011 pro-

78 2036 112 2061 :30
131 2019 253 2059 babo.
303 2017 393 2059 Nec
418 2020 561 2058 tamen
586 2017 799 2071 ςαἰδέομαι
831 2017 1005 2071 Τρῶας’.
1056 2016 1165 2064 Quid
1191 2017 1330 2057 enim?
1372 2015 1463 2070 Sed,

132 2077 214 2130 ipsi
255 2091 380 2130 quam
419 2091 485 2117 res
529 2076 603 2116 illa
640 2076 909 2130 probaretur,
949 2075 1085 2129 magis
1123 2075 1307 2115 verebar.
1372 2074 1462 2127 Sed,

133 2135 332 2189 quoniam
362 2137 410 2175 tu
442 2134 632 2188 suscipis,
664 2134 709 2174 in
739 2134 911 2174 alteram
946 2148 1099 2174 aurem.

220 2192 283 2233 De
308 2193 542 2233 retentione
567 2193 764 2246 rescripsi
786 2193 836 2232 ad
859 2195 954 2232 tuas
978 2194 1169 2232 accurate
1196 2191 1374 2244 scriptas
1396 2191 1464 2231 lit-
1490 2201 1508 2230 2
1530 2200 1626 2231 (XXV
1646 2203 1665 2232 11

133 2255 256 2293 teras.
308 2250 512 2291 Conficies
544 2251 676 2305 igitur
709 2253 750 2291 et
777 2250 944 2304 quidem
972 2250 1059 2290 sine
1085 2250 1173 2290 ulla
1199 2250 1463 2290 dubitatione

81 2328 113 2352 35
133 2313 206 2351 aut
237 2309 544 2350 retrectatione.
599 2308 692 2349 Hoc
723 2309 813 2349 fieri
846 2312 886 2349 et
919 2310 1087 2362 oportet
1119 2311 1160 2349 et
1192 2323 1297 2362 opus
1330 2311 1404 2350 est.
