1665 2553
211 79 294 121 106
632 77 681 112 Μ.
708 76 849 111 TULLI
874 74 1123 111 CICERONIS

208 189 317 229 (11136
362 189 429 215 1116
477 173 725 226 sollicitant,
773 172 1071 226 μυστικώτερα
1115 171 1224 211 sunt.
1286 168 1493 210 Amamur
1525 183 1549 209 a

207 234 339 275 fratre
371 235 412 273 et
444 247 468 273 a
498 232 596 273 filia.
659 232 716 272 Te
748 232 1049 284 exspectamus.

843 345 919 387 ΠΙ.

465 429 539 463 Ser.
568 428 703 463 Romae
735 427 840 461 VIII
861 426 908 461 K.
935 426 1021 461 Dec.
1049 437 1081 460 a.
1111 428 1183 460 697
1209 427 1300 468 (57).

635 508 803 544 CICERO
830 507 1002 542 ATTICO
1031 507 1128 543 SAL.

300 582 436 624 Avere
476 584 519 622 te
559 584 673 629 certo
716 582 802 621 scio
844 595 939 621 cum
980 579 1103 633 scire,
1145 578 1246 633 quid
1288 578 1358 619 hic
1389 579 1550 632 agatur,

210 645 303 683 tum
336 641 420 696 [ea]
455 656 478 681 a
508 655 575 680 me
607 640 729 694 scire,
769 653 856 680 non
888 653 970 693 quo
1005 638 1184 679 certiora
1221 637 1307 677 sint
1339 651 1403 690 ea,
1445 650 1552 690 quae

209 701 257 742 in
288 700 421 741 oculis
455 699 644 740 omnium
676 701 894 752 geruntur,
926 697 961 738 si
990 712 1014 737 a
1044 711 1110 737 me
1143 695 1392 749 scribantur,
1425 709 1552 749 quam

212 774 307 801 cum
340 759 391 799 ab
425 758 519 798 aliis
553 760 626 798 aut
665 757 906 797 scribantur
943 755 1026 796 tibi
1063 757 1136 795 aut
1172 753 1441 806 nuntientur,
1480 753 1552 794 sed

211 821 260 859 ut
299 816 530 871 perspicias
572 831 622 856 ex
662 815 767 856 meis
809 814 983 868 litteris,
1026 827 1108 867 quo
1150 812 1290 854 animo
1329 826 1376 853 63
1407 811 1551 867 feram,

213 891 320 931 quae
341 878 559 929 geruntur,
591 876 633 915 et
654 874 726 928 qui
753 874 809 914 sit
834 873 915 914 hoc
940 876 1129 926 tempore
1156 873 1229 912 aut
1255 871 1409 911 mentis
1435 884 1551 911 meae

214 949 363 977 sensus
397 936 470 974 aut
503 933 674 975 omnino
706 932 819 973 vitae
852 934 1001 972 status.

302 992 492 1034 Armatis
523 991 768 1032 hominibus
807 993 903 1031 ante
936 990 1045 1030 diem
1082 989 1258 1030 tertium
1286 987 1435 1030 Nonas
1467 986 1553 1029 No-

213 1052 406 1093 vembres
439 1050 604 1104 expulsi
637 1052 736 1090 sunt
767 1049 877 1089 fabri
909 1048 958 1089 de
990 1063 1085 1089 area
1116 1050 1281 1101 nostra,
1314 1045 1553 1087 disturbata

213 1110 403 1164 porticus
446 1108 606 1162 Catuli,
648 1122 753 1161 quae
795 1122 844 1148 ex
885 1110 1056 1148 senatus
1097 1106 1290 1147 consulto
1332 1104 1553 1145 consulum

212 1169 423 1210 locatione
453 1167 721 1207 reficiebatur
762 1168 802 1206 et
840 1165 891 1205 ad
927 1168 1088 1205 tectum
1126 1179 1256 1217 paene
1293 1165 1552 1216 pervenerat,

215 1226 363 1275 Quinti
393 1225 538 1266 fratris
569 1225 718 1265 domus
751 1224 887 1277 primo
913 1222 1046 1264 fracta
1072 1223 1263 1263 coniectu
1287 1221 1477 1274 lapidum
1502 1234 1552 1261 ex

215 1299 312 1326 area
341 1287 501 1336 nostra,
533 1283 679 1324 deinde
711 1282 974 1322 inflammata
999 1282 1117 1322 iussu
1145 1279 1266 1321 Clodi
1290 1280 1552 1332 inspectante

214 1343 319 1384 urbe
357 1342 557 1383 coniectis
598 1341 769 1395 ignibus
808 1354 961 1395 magna
993 1339 1162 1394 querela
1199 1341 1240 1379 et
1272 1338 1433 1392 gemitu
1466 1351 1553 1378 non

216 1401 351 1442 dicam
382 1401 608 1453 bonorum,
651 1400 722 1453 qui
762 1399 903 1440 nescio
945 1413 999 1439 an
1036 1397 1145 1438 nulli
1182 1396 1285 1451 sint,
1327 1395 1397 1436 sed
1428 1396 1586 1449 plane-2

214 1459 436 1501 hominum
470 1458 667 1500 omnium.
711 1456 788 1498 Ille
820 1458 989 1498 demens
1021 1471 1154 1511 ruere,
1184 1457 1282 1509 post
1313 1454 1426 1495 hunc
1453 1468 1551 1495 vero

214 1519 402 1560 furorem
433 1517 542 1558 nihil
570 1516 654 1557 nisi
693 1516 859 1557 caedem
895 1515 1173 1556 inimicorum
1206 1513 1409 1568 cogitare,
1446 1512 1552 1553 vica-

215 1577 296 1617 tim
337 1576 514 1629 ambire,
557 1575 688 1616 servis
731 1577 872 1628 aperte
914 1588 1031 1628 spem
1070 1572 1282 1613 libertatis
1324 1571 1551 1612 ostendere.

215 1635 390 1677 Etenim
422 1637 555 1688 antea,
588 1648 683 1674 cum
707 1633 909 1673 iudicium
934 1632 1124 1686 tollebat,
1155 1630 1339 1671 habebat
1366 1629 1438 1669 ille
1464 1629 1551 1683 qui-

218 1694 312 1734 dem
343 1693 558 1734 difficilem
589 1691 942 1744 manifestamque
973 1705 1153 1743 causam,
1186 1689 1258 1729 sed
1287 1690 1431 1728 tamen
1460 1701 1552 1727 cau-

218 1767 326 1807 sam,
357 1754 524 1806 poterat
555 1750 741 1803 infitiari,
772 1752 940 1803 poterat
969 1749 1014 1789 in
1033 1748 1138 1789 alios
1159 1747 1355 1799 derivare,
1387 1747 1553 1798 poterat

217 1811 346 1851 etiam
378 1809 539 1863 aliquid
569 1809 659 1849 iure
690 1809 850 1849 factum
887 1807 1123 1860 defendere3
1161 1808 1258 1859 post
1288 1804 1364 1844 1133
1397 1803 1554 1858 ruinas,

217 1869 425 1922 incendia,
466 1868 635 1922 rapinas
675 1867 864 1907 desertus
908 1881 931 1907 a
971 1865 1058 1906 suis
1099 1865 1173 1905 vix.
1210 1863 1293 1903 iam
1332 1861 1554 1903 Decimum

217 1927 549 1981 designatorem,
588 1926 660 1966 vix
693 1924 876 1966 Gellium
907 1924 1078 1977 retinet,
1119 1935 1336 1963 servorum
1366 1920 1552 1961 consiliis

218 1986 372 2040 utitur,
413 1984 543 2038 videt,
585 1983 621 2025 31
663 1998 823 2035 01111163,
866 1997 971 2036 quos
1012 1982 1121 2034 vult,
1161 1979 1302 2034 palam
1343 1978 1551 2032 occiderit,

217 2043 352 2084 nihilo
386 2058 505 2084 suam
537 2056 706 2083 causam
737 2041 1035 2093 difficiliorem,
1076 2053 1201 2093 quam
1233 2037 1367 2078 adhuc
1399 2037 1472 2092 sit,
1509 2036 1554 2077 in

170 2114 180 2122 ⁴
218 2101 372 2142 iudicio
404 2102 604 2142 futuram.
665 2099 815 2153 Itaque
852 2102 948 2140 ante
985 2098 1095 2138 diem
1126 2095 1300 2137 tertium
1337 2094 1436 2136 Idus
1467 2094 1554 2136 No-

219 2160 423 2212 vembres,
456 2174 550 2200 cum
575 2159 701 2200 Sacra
726 2158 794 2199 via
820 2156 1121 2208 descenderem,
1152 2155 1366 2195 insecutus
1400 2155 1463 2194 est
1487 2167 1553 2193 me

219 2231 315 2258 cum
348 2217 446 2258 suis.
505 2216 685 2272 Clamor,
716 2216 887 2270 lapides,
918 2215 1064 2269 fustes,
1095 2213 1236 2267 gladii,
1266 2212 1369 2253 haec
1399 2211 1553 2264 impro-

219 2274 310 2315 visa
343 2276 493 2316 omnia.
555 2274 837 2316 Discessimus
875 2274 921 2314 in
950 2272 1209 2314 vestibulum
1241 2269 1356 2311 Tetti
1386 2268 1554 2310 Damio-

1572 829 1604 854 10

1574 1119 1606 1146 15

1572 1704 1605 1730 25

1572 1996 1605 2020 30

1573 2284 1607 2311 35
