1665 2553
178 82 263 124 104
598 81 646 116 M.
674 80 815 115 TULLI
840 80 1088 115 CICERONIS

181 178 328 220 statim
348 180 412 219 est
431 177 681 232 gratulati03
706 190 828 217 nemo
851 176 963 217 enim
981 175 1217 241 dubitabat,
1242 175 1346 229 quin
1364 175 1514 216 domus

178 237 304 278 nobis
338 239 448 277 esset
480 236 731 277 adiudicata:
770 250 864 275 cum
902 234 1043 275 subito
1081 234 1152 274 ille
1189 234 1236 274 in
1274 234 1514 275 contionem

180 296 378 350 escendit,
409 309 535 349 quam
555 294 719 348 Appius
741 294 779 334 ei
804 293 928 333 dedit.
966 293 996 346 †
1014 291 1262 333 Nuntiant
1251 307 1335 333 13111
1354 292 1512 358 populo

178 354 400 408 pontifices
434 353 661 394 secundum
693 367 737 393 se
769 351 1014 406 decrevisse,
1043 365 1110 392 me
1138 354 1278 392 autem
1303 351 1346 392 vi
1371 351 1514 391 conari

177 414 224 454 in
262 413 573 467 possessionem
613 411 772 465 venire3
811 410 1026 464 hortatur,
1071 412 1120 450 ut
1167 424 1210 450 se
1251 412 1292 450 et
1326 408 1513 463 Appium
1551 425 1566 451 5

180 474 411 525 sequantur
444 474 484 511 et
516 485 634 511 suam
665 469 926 510 Libertatem
956 469 998 509 vi
1031 468 1263 509 defendant.
1313 468 1394 508 Hic
1419 482 1514 509 cum

180 530 309 571 etiam
338 530 402 570 illi
439 529 598 570 infirmi
635 528 792 582 partim
824 527 1148 581 admirarentur,
1186 527 1339 580 partim
1372 526 1515 567 irride-

179 592 273 629 rent
303 588 488 629 hominis
521 587 747 632 amentiam
779 585 876 642 (ego
903 589 1134 627 statueram
1164 585 1265 626 illuc
1294 599 1381 626 11011
1407 599 1515 626 3006-

183 647 296 701 dere,
326 647 410 688 nisi
442 660 536 687 cum
568 645 760 686 0011311163
793 660 843 685 ex
875 647 1045 685 senatus
1078 644 1271 684 consulto
1303 644 1514 697 porticum

183 705 324 747 Catuli
366 704 672 746 restituendam
711 702 960 759 locassent),
999 702 1092 743 Kal.
1125 701 1294 743 Octobr.
1334 701 1514 743 habetur
1534 718 1568 742 10

132 764 155 794 4
182 767 352 805 senatus
393 764 601 817 frequens.
663 761 933 803 Adhibentur
974 775 1116 802 omnes
1157 760 1397 815 pontifices,
1442 761 1515 814 qui

182 826 300 864 erant
332 825 558 863 senatores.
608 821 647 862 A
680 821 833 875 quibus
865 820 1147 873 Marcellinus,
1179 819 1252 873 qui
1284 821 1373 859 erat
1403 819 1516 872 cupi-

181 881 379 922 dissimus
428 881 529 934 mei,
576 880 828 921 sententiam
874 879 1035 933 primus
1079 880 1254 932 rogatus
1296 877 1518 932 quaesivit,

183 940 284 993 quid
325 942 465 980 essent
502 915 547 979 111
585 938 840 979 decernendo
880 937 1022 978 secuti.
1084 936 1191 977 Tum
1227 936 1282 977 M.
1315 935 1516 977 Lucullus

182 999 231 1039 de
264 999 451 1039 onmium
493 997 749 1052 collegarum
791 996 1000 1037 sententia
1039 995 1257 1049 respondit
1297 995 1515 1049 religionis
1536 1010 1569 1036 15

181 1056 337 1097 iudices
384 1056 604 1110 pontifices
653 1056 802 1110 fuisse,
852 1055 960 1109 legis
1002 1068 1092 1094 esse
1134 1056 1344 1108 senatum3
1388 1068 1431 1094 se
1476 1055 1518 1094 et

182 1115 364 1169 collegas
398 1129 495 1155 31103
530 1115 579 1154 de
610 1114 815 1167 religione
847 1112 1059 1166 statuisse,
1089 1113 1134 1153 in
1166 1115 1313 1152 senatu
1345 1111 1393 1153 de
1424 1111 1518 1166 lege

183 1176 421 1214 statuturos
462 1187 554 1213 cum
598 1175 756 1213 senatu.
826 1170 975 1224 Itaque
1023 1185 1098 1211 suo
1147 1171 1325 1224 quisque
1363 1170 1517 1211 horum

181 1232 274 1272 loco
332 1231 584 1272 sententiam
638 1233 813 1283 rogatus
876 1228 1030 1269 multa*
1065 1229 1292 1269 secundum
1347 1242 1515 1269 causam

181 1292 373 1331 nostram
418 1289 661 1343 disputavit.
736 1287 842 1330 Cum
887 1287 937 1328 ad
984 1286 1178 1328 Clodium
1221 1289 1394 1327 ventum
1442 1289 1517 1340 est,
1536 1303 1570 1328 20

183 1348 316 1402 cupiit
347 1348 457 1388 diem
489 1361 750 1401 consumere,
786 1360 921 1400 neque
954 1346 991 1386 61
1028 1345 1124 1386 finis
1158 1347 1222 1385 est
1254 1345 1409 1399 factus,
1447 1345 1518 1386 sed

183 1410 343 1461 tamen,
381 1421 475 1447 cum
506 1406 633 1447 horas
666 1409 752 1446 ties
784 1406 870 1446 fere
902 1404 1095 1458 dixisset,
1133 1403 1229 1444 odio
1262 1406 1303 1444 et
1336 1403 1518 1457 strepitu

185 1468 355 1506 senatus
397 1467 564 1505 coactus
606 1466 670 1505 est
711 1462 935 1517 aliquando
976 1438 1180 1516 perorare.
1252 1460 1360 1502 Cum
1399 1462 1519 1502 fieret

186 1527 357 1565 senatus
398 1523 639 1564 consultum
678 1523 724 1563 in
766 1521 1018 1562 sententiam
1048 1520 1283 1561 Marcellini
1321 1520 1517 1561 omnibus

184 1585 350 1636 praeter
381 1597 513 1623 unum
544 1581 890 1635 adsentientibus,
928 1579 1130 1621 Serranus
1161 1579 1392 1620 i-ntercesgit.
1453 1578 1520 1620 De
1538 1595 1571 1620 25

185 1640 485 1682 intercessione
524 1640 671 1681 statim
708 1639 831 1680 ambo
870 1638 1062 1679 consules
1093 1638 1247 1679 referre
1279 1640 1516 1690 coeperunt.

187 1698 294 1740 Cum
327 1699 560 1740 sententiae
586 1698 860 1753 gravissimae
886 1697 1134 1750 dicerentur,
1166 1696 1330 1737 senatui
1354 1695 1518 1748 placere

186 1758 292 1798 mihi
325 1758 496 1798 domum
528 1757 715 1811 restitui,
746 1756 957 1810 porticum
989 1754 1130 1796 Catuli
1160 1754 1309 1808 locari,
1340 1754 1518 1794 auctori-

187 1819 319 1857 tatem
362 1816 520 1857 ordinis
562 1815 614 1857 ab
657 1815 852 1856 omnibus
893 1813 1215 1868 magistratibus
1255 1811 1438 1866 defendi,
1481 1812 1518 1852 si

187 1889 292 1928 quae
317 1874 380 1915 vis
408 1877 518 1915 esset
542 1874 667 1928 facta,
699 1876 890 1914 senatum
916 1872 1255 1913 existimaturum
1274 1870 1362 1911 eius
1390 1884 1516 1923 opera
1535 1888 1571 1912 30

184 1933 343 1974 factum
376 1946 477 1987 esse,
509 1933 582 1986 qui
615 1907 784 1972 3611313113
810 1931 1003 1972 consulto
1029 1929 1348 1982 intercessisset,
1379 1928 1517 1970 Serra

184 2005 263 2032 nus
296 1991 530 2045 pertimuit,
561 1993 602 2032 et
624 1989 872 2032 Cornicinus
900 1989 951 2030 ad
979 2003 1097 2029 suam
1122 1990 1305 2028 veterem
1329 1986 1519 2027 fabulam

185 2049 327 2104 rediit3
367 2049 530 2090 abiecta
569 2052 671 2103 toga
712 2063 755 2089 se
787 2048 837 2088 ad
878 2047 1019 2102 generi
1059 2046 1184 2099 pedes
1216 2045 1379 2086 abiecit.
1440 2043 1517 2085 Ille

185 2110 351 2148 noctem
393 2108 474 2148 sibi
511 2107 754 2161 postulavit.
816 2105 916 2147 Non
947 2104 1244 2157 concedebant,
1284 2103 1518 2144 reminisce—

185 2165 342 2206 bantur
375 2166 486 2206 em'm
516 2166 608 2207 Kal.
640 2164 803 2206 Ianuar.
865 2163 949 2204 Vix
986 2162 1154 2203 tandem
1188 2138 1306 2216 [sibi]
1339 2161 1389 2202 de
1424 2175 1518 2202 mea
1536 2177 1571 2202 35

141 2233 160 2262 5
186 2222 406 2264 voluntate
438 2238 681 2265 concessum
713 2226 786 2264 est.
834 2221 1044 2263 Postridie
1077 2223 1245 2261 senatus
1278 2219 1517 2261 consultum

186 2280 345 2322 factum
377 2284 441 2322 est
472 2282 527 2337 id,
559 2282 672 2336 quod
703 2281 754 2322 ad
780 2284 821 2322 te
851 2280 957 2321 misi.
1019 2278 1180 2320 Deinde
1206 2278 1399 2320 consules
1424 2292 1518 2332 por-
