1665 2553
167 1953 187 1982 9

147 2242 190 2273 10

207 91 294 132 194
631 90 680 125 M.
708 90 848 125 TULLI
873 90 1120 125 CICERONIS

206 187 287 228 bus
325 186 434 228 nihil
472 189 544 227 aut
583 200 671 227 non
706 186 891 227 multum
928 186 980 227 ad
1017 186 1268 240 dignitatem
1303 188 1448 240 posset
1479 200 1544 228 ac-

208 246 362 286 cedere.

295 303 420 345 Nunc
460 304 583 344 venio
626 304 678 344 ad
717 303 899 358 privata3
943 303 1029 344 fere
1074 303 1184 344 enim
1221 303 1419 357 respondi
1454 303 1542 344 tuis

208 363 366 403 litteris
398 363 447 403 de
479 377 523 403 re
556 362 724 415 publica
750 364 792 402 et
816 362 882 416 iis,
915 376 1017 415 quas
1048 362 1094 402 in
1118 362 1374 417 suburbano,
1404 364 1446 403 et
1476 362 1543 417 iis,

210 436 314 475 quas
341 424 489 475 postea
515 421 734 474 scripsisti.
779 419 846 460 Ad
870 420 1036 473 privata
1060 421 1195 461 venio.
1245 419 1389 461 Unum
1413 420 1542 461 etiam

209 480 259 520 de
300 478 453 521 Caelio.
516 479 702 519 Tantum
742 479 878 533 abest,
921 481 969 519 ut
1008 493 1144 519 meam
1180 479 1251 519 ille
1290 479 1543 519 sententiam

207 541 387 592 moveat,
419 541 466 579 ut
497 538 617 578 valde
649 551 726 592 ego
759 537 859 591 ipsi,
897 537 1010 591 quod
1041 537 1090 578 de
1129 552 1204 578 sua
1236 537 1445 578 sententia
1476 537 1543 578 de-

209 597 400 650 cesserit,
438 596 738 650 paenitendum
776 599 932 650 putem.
995 595 1076 637 Sed
1108 596 1208 649 quid
1239 599 1320 651 est,
1362 595 1474 650 quod
1505 596 1543 636 ei

208 656 290 696 vici
315 654 465 695 Luccei
497 655 581 695 sint
607 655 789 696 addicti?
839 653 932 695 Hoc
962 657 1004 695 te
1036 655 1369 708 praetermisisse
1399 654 1542 696 miror.

209 713 273 754 De
312 713 543 754 Philotimo
584 713 737 754 faciam
777 713 988 767 equidem,
1034 716 1083 754 ut
1123 727 1279 754 mones
1342 711 1422 754 Sed
1463 726 1541 768 ego

209 772 316 812 mihi
354 773 405 812 ab
442 773 517 812 fflo
554 771 635 813 hoc
672 775 860 826 tempore
899 786 987 812 non
1016 772 1202 813 rationes
1235 771 1543 826 exspectabam,

211 845 315 884 quas
357 831 439 871 tibi
482 831 628 884 edidit,
671 845 818 871 verum
861 830 903 870 id
939 830 1167 884 reliquum,
1212 830 1324 884 quod
1367 830 1458 884 ipse
1498 830 1545 870 in

211 889 448 930 Tusculano
495 903 561 930 me
604 889 759 930 referre
802 890 848 930 in
891 889 1238 930 commentarium
1280 903 1373 929 mea
1415 903 1544 929 manu

209 948 358 1003 voluit,
389 948 584 1002 quodque
615 948 726 988 idem
754 948 801 988 in
824 947 929 989 Asia
954 947 1060 988 mihi
1087 962 1162 988 sua
1187 962 1314 988 manu
1340 947 1544 1001 scriptum

213 1006 337 1047 dedit.
402 1006 450 1046 Id
494 1007 529 1047 si
572 1009 826 1061 praestaret,
869 1009 1073 1060 quantum
1116 1006 1221 1047 mihi
1265 1005 1372 1047 aeris
1419 1005 1545 1046 alieni

213 1079 302 1105 esse
334 1065 415 1105 tibi
448 1064 588 1119 edidit,
619 1068 787 1105 tantum
819 1067 860 1105 et
891 1065 987 1118 plus
1014 1065 1141 1105 etiam
1172 1064 1278 1105 mihi
1303 1065 1394 1118 ipse
1425 1064 1545 1105 debe-

211 1126 286 1164 ret.
349 1123 430 1164 Sed
460 1123 505 1163 in
540 1123 621 1163 hoc
659 1137 828 1178 genere,
870 1123 905 1163 si
944 1123 1068 1164 modo
1109 1137 1182 1177 per
1213 1137 1302 1163 rem
1332 1123 1545 1176 publicam

211 1181 368 1236 licebit,
397 1195 482 1222 non
516 1182 805 1222 accusabimur
836 1181 1025 1236 posthac,
1055 1195 1192 1235 neque
1221 1181 1391 1222 hercule
1423 1184 1545 1222 antea

210 1240 482 1294 neglegentes
519 1239 695 1293 fuimus,
739 1240 813 1280 sed
849 1240 1078 1280 amicorum
1119 1239 1392 1280 multitudine
1429 1254 1545 1280 occu-

211 1299 311 1352 pati.
367 1298 484 1352 Ergo
516 1300 698 1352 utemur,
728 1301 776 1338 ut
807 1297 1032 1352 polliceris,
1065 1300 1106 1338 et
1139 1312 1264 1351 opera
1295 1300 1336 1338 et
1367 1297 1544 1339 consilio

212 1360 286 1397 tuo
317 1370 394 1397 nec
424 1356 507 1397 tibi
538 1356 706 1411 erimus,
738 1359 785 1397 ut
817 1370 952 1411 spero,
982 1356 1028 1397 in
1059 1370 1107 1397 eo
1138 1356 1319 1397 molesti.
1367 1355 1432 1397 De
1463 1371 1546 1397 ser-

212 1415 413 1469 perastris
455 1414 642 1456 cohortis
682 1429 799 1455 meae
840 1414 950 1455 nihil
989 1417 1053 1456 est
1096 1415 1209 1468 quod
1244 1414 1397 1456 doleas.
1457 1413 1546 1468 Ipsi

213 1474 323 1514 enim
374 1487 417 1514 se
466 1473 727 1528 collegerunt
777 1473 1053 1514 admiratione
1102 1473 1362 1527 integritatis
1418 1487 1544 1514 meae.

213 1532 294 1574 Sed
324 1546 390 1573 me
421 1535 611 1573 moverat
641 1546 764 1573 nemo
790 1532 926 1586 magis
954 1546 1081 1585 quam
1106 1532 1155 1586 is,
1188 1546 1313 1586 quem
1343 1534 1391 1572 tu
1416 1532 1546 1573 nemi-

210 1605 308 1632 nem
333 1593 470 1645 putas.
519 1589 635 1631 Idem
662 1593 702 1631 et
728 1591 852 1631 initio
879 1591 1016 1631 fuerat
1043 1593 1084 1631 et
1109 1604 1221 1631 nunc
1246 1593 1310 1631 est
1338 1590 1543 1645 egregius.

213 1649 293 1690 Sed
324 1649 369 1690 in
399 1649 493 1702 ipsa
524 1649 763 1690 decessione
795 1649 1050 1704 significavit
1082 1663 1272 1702 sperasse
1311 1663 1354 1690 se
1386 1648 1547 1702 aliquid

213 1711 254 1749 et
284 1708 346 1763 id,
383 1708 495 1761 quod
527 1708 714 1748 animum
744 1708 986 1761 induxerat,
1024 1707 1240 1761 paulisper
1275 1721 1362 1748 non
1397 1707 1546 1760 tenuit,

214 1767 286 1808 sed
317 1766 402 1807 cito
435 1767 486 1807 ad
518 1781 561 1807 se
592 1767 718 1807 rediit
750 1766 939 1820 meisque
969 1765 1421 1806 honorificentissumis
1449 1779 1548 1820 erga

214 1840 258 1866 se
303 1825 453 1866 officiis
497 1825 633 1865 victus
677 1825 811 1879 pluris
850 1840 897 1865 ea
935 1824 1056 1865 duxit
1099 1839 1226 1878 quam
1269 1837 1434 1864 omnem
1479 1838 1547 1877 pe-

213 1884 391 1925 cuniam.

301 1942 396 1996 Ego
435 1957 458 1982 a
496 1940 624 1982 Curio
662 1941 830 1982 tabulas
869 1942 1025 1995 accepi,
1066 1955 1169 1994 quas
1209 1954 1371 1980 mecum
1409 1943 1546 1994 porto.

214 2000 419 2041 Hortensi
449 2000 590 2054 legata
622 2000 810 2054 cognovi.
860 1999 984 2041 Nunc
1010 2013 1109 2039 aveo
1137 1998 1254 2051 scire,
1287 1998 1387 2051 quid
1414 1998 1548 2039 homi-

213 2059 281 2098 nis
315 2059 369 2099 sit
402 2061 443 2099 et
476 2073 654 2112 quarum
684 2073 825 2099 rerum
856 2058 1093 2099 auctionem
1124 2057 1331 2097 instituat.
1392 2055 1546 2098 Nescio

217 2117 340 2171 enim,
371 2131 462 2170 cur,
494 2131 589 2157 cum
618 2120 786 2170 portam
817 2115 1139 2157 Flumentanam
1172 2113 1338 2156 Caelius
1377 2129 1548 2169 occupa-

216 2174 285 2229 rit,
317 2188 393 2228 ego
425 2174 626 2216 Puteolos
657 2189 744 2215 non
774 2189 890 2215 meos
923 2173 1085 2215 faciam.

303 2232 439 2273 Venio
473 2234 524 2274 ad
556 2233 780 2287 ‘Pii-aeea',
818 2233 864 2274 in
895 2247 977 2286 quo
1009 2231 1145 2285 magis
1182 2230 1547 2285 reprehendendus

219 2304 323 2345 sum,
356 2291 468 2344 quod
497 2292 625 2332 homo
657 2291 875 2332 Romanus
902 2290 1148 2331 ‘Piraeea’
1181 2290 1433 2346 scripserim,
1461 2303 1548 2331 non

1562 729 1597 754 10

1563 1021 1598 1048 15

1564 1314 1599 1339 20

1565 1605 1599 1632 25

1566 1898 1602 1923 30

1567 2188 1600 2215 35
