1665 2553
140 2243 159 2272 2

179 93 235 134 84
605 92 651 127 M.
679 92 820 127 TULLI
845 91 1092 127 CICERONIS

178 187 355 243 vulneri,
379 190 428 228 ut
449 187 610 241 scribis,
641 187 819 242 medere,
852 186 887 227 si
908 186 1009 240 quid
1034 188 1166 241 potes.
1218 186 1378 241 Scripsi
1403 187 1516 241 equi-

179 247 274 288 dem
306 246 408 287 oh'm
440 246 478 287 ei
508 246 655 300 iratus,
691 245 804 299 quod
834 245 905 286 ille
936 245 1053 299 prior
1085 245 1322 301 scripserat,
1354 245 1426 286 sed
1456 246 1517 286 ita

180 319 528 359 compresseram,
582 307 630 345 ut
684 318 916 357 numquam
973 306 1262 345 emanaturam
1310 306 1514 358 putarem.

181 363 272 412 Quo
303 363 428 404 modo
467 362 683 417 exciderit,
714 362 867 403 nescio.
931 360 1028 416 Sed,
1064 362 1162 416 quia
1191 377 1424 417 numquam
1454 377 1516 404 ac-

181 422 295 477 cidit,
320 424 368 463 ut
394 436 489 463 cum
515 436 562 462 eo
589 421 718 462 verbo
744 435 829 461 uno
856 423 1151 476 concertarem,
1177 424 1219 462 et
1239 421 1338 475 quia
1359 421 1517 475 scripta
1554 438 1570 464 5

179 480 287 522 mihi
324 480 490 521 videtur
526 479 821 534 neglegentius
860 494 986 533 quam
1027 482 1204 534 ceterae,
1246 482 1351 534 puto
1392 495 1516 534 posse

180 538 352 594 probari
384 554 469 580 non
501 552 589 579 esse
620 552 768 578 meam.
817 536 877 591 Id,
911 538 947 578 si
971 540 1096 592 putas
1122 552 1189 579 me
1214 552 1339 592 posse
1364 538 1516 594 sanari,

183 612 301 639 cures
332 598 477 651 velim,
510 597 585 637 sin.
605 597 728 651 plane
759 596 879 651 perii,
909 596 1049 637 minus
1079 596 1238 638 laboro.

270 656 365 711 Ego
393 656 523 697 etiam
545 669 657 696 nunc
683 655 829 696 eodem
855 655 900 696 in
930 655 1023 696 loco
1056 654 1170 696 iaceo
1203 655 1293 696 sine
1325 669 1516 697 sermone

182 715 289 770 ullo,
334 715 422 756 sine
462 714 720 768 cogitatione
757 713 854 754 ulla.
924 713 1094 755 Scilicet
1132 713 1229 768 tibi,
1266 716 1314 754 ut
1355 713 1516 768 scribis,
1536 731 1570 756 ιο

182 773 482 830 significaram,
519 775 566 812 ut
605 772 655 813 ad
692 786 759 812 me
795 771 977 827 venires,
1022 772 1093 814 sed
1135 787 1262 826 opera
1301 774 1374 812 tua
1410 772 1516 813 mihi

181 832 381 887 intellego
414 834 456 872 te
488 831 586 872 istic
616 830 825 885 prodesse,
855 830 924 872 1116
951 845 1004 871 116
1028 830 1158 872 verbo
1186 830 1355 885 quidem
1379 830 1516 872 levare

180 906 246 932 me
290 905 424 945 posse.
492 889 591 930 Non
629 903 736 944 queo
774 889 895 944 plura
933 889 1130 943 scribere,
1173 904 1249 930 nec
1287 892 1368 944 est,
1406 889 1519 944 quod

181 950 380 1003 scribam,
412 951 552 989 vestra
583 948 719 1003 magis
752 950 960 1002 exspecto.
1011 947 1122 989 Data
1153 960 1233 988 XVI
1263 947 1355 989 Kal.
1384 947 1518 990 Sexti-

179 1008 241 1050 les
273 1007 606 1050 Thessalonicae.
1538 1024 1570 1050 15

790 1122 905 1164 XIII.

402 1203 476 1238 Ser.
506 1203 774 1237 Thessalonicae
799 1203 895 1237 Non.
923 1203 1076 1238 Senot-cz.
1105 1205 1177 1236 696
1204 1205 1295 1246 (58).

606 1283 773 1319 CICERO
801 1283 972 1319 ATTICO
1001 1283 1096 1317 SAL.

272 1356 392 1404 Quod
418 1356 469 1397 ad
494 1359 536 1398 te
557 1356 805 1411 scripseram
824 1370 891 1396 me
910 1356 955 1396 in
974 1355 1106 1410 Epiro
1126 1356 1329 1411 futurum,
1354 1359 1518 1410 postea-

185 1430 311 1469 quam
341 1414 560 1456 extenuari
593 1429 709 1469 spem
739 1417 930 1455 nostram
961 1417 1003 1455 et
1028 1429 1270 1456 evanescere
1302 1415 1400 1469 vidi,
1430 1430 1519 1456 mu·
1539 1433 1571 1458 20

183 1474 271 1515 tavi
302 1473 527 1514 consilium
551 1488 627 1514 nec
652 1488 719 1514 me
745 1473 1044 1514 Thessalonica
1070 1473 1290 1527 commovi,
1323 1473 1397 1514 ubi
1429 1488 1518 1515 esse

184 1535 428 1585 statueram,
462 1532 599 1585 quoad
629 1531 787 1585 aliquid
819 1532 870 1572 ad
900 1547 966 1573 me
999 1532 1047 1573 de
1080 1546 1127 1572 eo
1160 1531 1375 1587 scriberes,
1406 1532 1519 1586 quod

183 1591 388 1645 proximis
414 1590 572 1631 litteris
602 1591 840 1645 scripseras,
872 1590 961 1631 fore
993 1590 1057 1631 uti
1089 1590 1316 1631 secundum
1347 1590 1519 1631 comitia

185 1649 344 1702 aliquid
375 1649 424 1690 de
454 1649 579 1690 nobis
611 1649 655 1689 in
682 1651 830 1689 senatu
856 1651 1067 1703 ageretur,
1099 1649 1141 1689 id
1165 1649 1247 1689 tibi
1271 1647 1518 1702 Pompeium

185 1708 350 1749 dixisse.
414 1706 503 1756 Qua
535 1708 583 1748 de
615 1722 671 1761 re,
703 1707 903 1761 quoniam
936 1707 1106 1748 comitia
1136 1707 1283 1747 habita
1315 1709 1425 1761 sunt,
1454 1709 1518 1748 tu·
1538 1723 1570 1750 25

186 1781 266 1820 que
284 1766 394 1806 nihil
414 1766 464 1807 ad
484 1781 550 1807 me
571 1766 732 1820 scribis,
756 1765 933 1820 proinde
952 1766 1129 1816 habebo,
1157 1779 1204 1806 ac
1223 1765 1259 1806 si
1279 1765 1517 1819 scripsisses

184 1825 293 1865 1111111
325 1839 427 1879 esse,
458 1839 607 1878 meque
638 1823 841 1878 temporis
873 1838 959 1865 non
990 1823 1213 1878 longinqui
1244 1837 1316 1877 spe
1347 1823 1519 1864 ductum

186 1898 275 1924 esse
311 1897 393 1924 ozon
429 1883 606 1924 moleste
644 1883 785 1923 feram.
848 1881 980 1931 Quem
1019 1885 1165 1923 autem·
1194 1884 1357 1922 motum
1387 1885 1430 1923 te
1461 1882 1519 1923 vi-

186 1942 281 1983 dere
320 1941 563 1996 scripseras,
603 1941 674 1995 qui
710 1941 834 1982 nobis
873 1941 991 1982 utilis
1029 1941 1118 1982 fore
1157 1940 1387 1995 videretur,
1425 1955 1519 1982 eum

184 2000 402 2053 nuntiant,
441 2000 513 2054 qui
549 1999 742 2053 veniunt,
777 1999 942 2040 nullum
979 1999 1079 2040 fore.
1146 1997 1195 2039 In
1239 1998 1422 2039 tribunis
1461 1999 1518 2054 pl.
1538 2016 1571 2042 30

187 2058 416 2113 designatis
448 2058 611 2112 reliqua
644 2072 736 2112 spes
768 2060 844 2099 est·
905 2056 1038 2106 Quam
1069 2057 1104 2098 si
1137 2060 1397 2112 exspectaro,
1432 2072 1519 2099 non

188 2116 285 2170 erit,
323 2117 434 2170 quod
471 2120 594 2171 putes
631 2130 697 2157 me
735 2130 881 2157 causae
919 2130 1052 2171 meae,
1089 2115 1300 2156 voluntati
1330 2130 1519 2157 meorum

187 2174 377 2215 defuisse.

276 2231 395 2280 Quod
437 2247 504 2273 me
547 2247 670 2286 saepe
714 2247 900 2285 accusas,
944 2246 1016 2272 cur
1052 2231 1164 2273 hunc
1200 2246 1339 2273 meum
1376 2247 1518 2273 casum

188 2292 276 2330 tam
308 2290 492 2344 graviter
523 2292 672 2346 feram,
710 2291 834 2331 debes
866 2290 1100 2346 ignoscere,
1137 2305 1232 2331 cum
1263 2291 1323 2332 ita
1354 2305 1420 2332 me
1452 2291 1518 2331 ad-
1538 2307 1570 2333 35
