1665 2553
315 73 656 108 EPISTULARUM
682 74 746 108 AD
772 74 988 110 ATTICUM
1012 75 1028 109 Ι
1055 79 1109 119 13,
1138 79 1191 109 14.
1368 75 1420 116 17

83 169 133 210 de
151 169 264 210 ferro
287 167 421 225 (nosti
440 168 535 210 illas
556 167 811 225 ληκύθους),
842 170 961 211 valde
988 171 1172 225 graviter
1197 171 1420 225 pertexuit.

82 227 308 268 Proximus
369 227 618 281 Pompeium
681 228 885 270 sedebam.
956 229 1152 270 Intellexi
1206 229 1422 270 hominem

83 286 256 340 moveri,
288 288 433 327 utrum
466 286 664 328 Crassum
695 287 803 328 inire
829 302 920 329 eam
946 289 1141 343 gratiam,
1174 303 1300 342 quam
1332 288 1421 341 ipse

82 345 450 399 praetermisisset,
482 360 535 386 an
567 360 657 387 esse
688 349 829 387 tantas
861 361 928 388 res
959 349 1147 401 nostras,
1193 361 1300 400 quae
1332 349 1422 387 tam

47 420 63 445 5
84 404 235 444 libenti
267 406 415 444 senatu
446 403 730 458 laudarentur,
763 405 814 446 ab
847 420 895 446 eo
921 406 1184 460 praesertim,
1217 405 1290 459 qui
1315 405 1422 446 mihi

83 462 250 503 laudem
281 463 400 503 illam
430 476 478 503 eo
516 463 657 504 minus
699 464 886 518 deberet,
924 464 1037 518 quod
1077 464 1181 505 meis
1225 464 1420 505 omnibus

81 520 237 562 litteris
269 521 315 561 in
339 520 595 575 Pompeiana
626 522 747 563 laude
778 523 1029 577 perstrictus
1056 525 1176 564 esset.
1226 522 1309 564 Hic
1335 522 1420 563 dies

82 594 149 620 me
179 579 299 620 valde
331 578 483 621 Crasso
523 581 733 635 adiunxit,
774 584 816 621 et
855 584 1013 636 tamen,
1055 582 1106 622 ab
1149 581 1224 622 illo
1266 583 1422 635 aperte,

83 640 191 678 tecte
224 638 423 692 quiequid
455 641 519 679 est
551 639 707 693 datum,
738 639 919 680 libenter
951 641 1100 694 accepi.
1157 640 1252 695 Ego
1280 642 1422 681 autem

29 714 63 738 10
82 697 184 751 ipse,
217 697 259 737 di
290 697 409 737 boni!
443 711 525 751 quo
557 698 682 738 modo
716 698 1146 753 ἐνεπερπερευσεὲμην
1170 713 1280 739 novo
1308 699 1421 739 audi-

81 755 166 796 tori
197 755 416 809 Pompeio!
481 755 524 797 Si
556 771 756 810 umquam
787 757 893 797 mihi
923 758 1141 811 περίοδοι,
1175 757 1211 797 si
1242 759 1420 811 καμπαί,

82 814 119 854 si
163 813 466 868 ἐνθυμήματα,
517 815 552 855 si
591 814 850 856 κατασκευαὶ
900 815 1296 869 suppeditaverunt,
1346 815 1419 856 illo

81 874 282 926 tempore.
345 871 453 921 Quid
492 873 656 914 multa?
698 874 912 915 clamores.
974 874 1148 915 Etenim
1187 874 1290 915 haec
1331 876 1420 914 erat

81 931 312 984 ὑπόθεσις,
345 931 394 972 de
427 932 636 986 gravitate
668 932 844 986 ordinis,
882 933 931 973 de
969 933 1154 987 equestri
1186 932 1422 987 concordia,

29 1006 61 1031 15
82 989 131 1030 de
151 990 426 1030 consensione
445 989 604 1045 Italiae,
633 991 682 1031 de
702 991 996 1032 intermortuis
1016 991 1207 1045 reliquiis
1234 991 1422 1032 coniura-

82 1048 224 1103 tionis,
257 1048 305 1089 de
336 1048 513 1102 vilitate,
545 1049 594 1089 de
628 1049 726 1090 oti0.
782 1048 911 1090 Nosti
942 1050 1027 1090 iam
1058 1050 1104 1090 in
1133 1050 1212 1090 hac
1243 1049 1422 1090 materia

83 1107 246 1147 sonitus
277 1109 459 1148 nostros.
510 1107 636 1148 Tanti
661 1108 844 1162 fuerunt,
874 1110 923 1149 ut
955 1122 1033 1163 ego
1059 1122 1107 1150 eo
1135 1108 1303 1149 brevior
1329 1108 1422 1161 sim,

83 1165 195 1219 quod
227 1179 297 1206 eos
329 1180 461 1219 usque
492 1166 621 1207 istinc
653 1166 872 1207 exauditos
904 1169 1061 1220 putem.

169 1223 385 1264 Romanae
411 1226 551 1264 autem
578 1239 621 1265 se
646 1239 712 1266 res
740 1225 800 1266 sic
823 1225 993 1266 habent.
1038 1224 1218 1266 Senatus
1237 1224 1421 1279 ''Apaog

29 1299 63 1324 20
81 1283 235 1336 πάγος;
274 1282 384 1323 nihil
415 1283 695 1338 constantius,
730 1283 841 1324 nihil
872 1284 1074 1338 severius,
1114 1283 1223 1324 nihil
1254 1283 1420 1324 fortius.

81 1339 206 1396 Nam,
237 1355 331 1381 cum
363 1341 449 1381 dies
481 1342 665 1382 venisset
696 1342 911 1397 rogationi
943 1356 994 1382 ex
1022 1345 1193 1383 senatus
1226 1342 1420 1383 consulto

82 1398 295 1453 ferendae,
342 1400 647 1441 concursabant
694 1400 909 1441 barbatuli
948 1401 1138 1454 iuvenes,
1184 1403 1302 1442 totus
1349 1400 1420 1441 ille

84 1470 185 1511 grex
218 1456 442 1512 Catilinae,
483 1459 585 1499 duce
625 1459 757 1500 filiola
790 1458 987 1500 Curionis
1029 1462 1070 1500 et
1110 1459 1332 1514 populum,
1372 1462 1420 1500 ut

85 1516 337 1570 antiquaret,
368 1516 588 1570 rogabant.
648 1516 746 1558 Piso
780 1520 920 1558 autem
959 1518 1107 1559 consul
1151 1518 1263 1559 lator
1299 1532 1420 1573 roga-

30 1590 63 1616 25
82 1574 212 1615 tionis
249 1574 359 1615 idem
404 1578 493 1615 erat
532 1576 754 1617 dissuasor.
818 1575 977 1630 Operae
1011 1576 1237 1618 Clodianae
1268 1579 1419 1630 pontes

84 1636 350 1687 occuparant,
382 1633 562 1675 tabellae
593 1634 950 1675 ministrabantur
981 1635 1052 1688 ita,
1085 1637 1133 1675 ut
1163 1635 1281 1675 nulla
1307 1635 1418 1675 dare-

82 1694 153 1732 tur
193 1692 288 1732 ‘VTI
327 1693 502 1733 ROGAS’.
575 1692 657 1733 Hic
696 1693 777 1733 tibi
816 1694 863 1734 in
908 1696 1046 1733 rostra
1088 1691 1193 1734 Cato
1240 1693 1420 1746 advolat,

83 1750 319 1791 convicium
343 1749 489 1791 Pisoni
515 1751 677 1792 consuli
702 1751 927 1792 mirificum
959 1752 1073 1805 facit,
1106 1751 1141 1791 si
1167 1751 1211 1791 id
1236 1754 1299 1792 est
1327 1766 1420 1792 con-

83 1808 251 1863 vicium,
281 1823 363 1849 vox
396 1809 519 1863 plena
551 1810 792 1864 gravitatis,
823 1810 947 1864 plena
980 1810 1264 1863 auctoritatis,
1296 1810 1420 1863 plena

31 1884 65 1908 30
85 1866 262 1921 denique
294 1868 453 1908 salutis.
514 1867 687 1908 Accedit
719 1868 865 1909 eodem
897 1868 1025 1908 etiam
1062 1870 1208 1908 noster
1239 1868 1419 1908 Horten-

85 1925 184 1979 sius,
214 1926 339 1966 multi
369 1928 586 1980 praeterea
617 1926 736 1981 boni3
768 1926 948 1981 insignis
969 1941 1066 1967 vero
1101 1940 1226 1980 opera
1258 1925 1420 1967 Favoni

84 1983 176 2023 fuit.
237 1983 331 2025 Hoc
367 1999 573 2025 concursu
611 1985 882 2039 optimatium
923 1985 1094 2025 comitia
1133 1984 1421 2039 dimittuntur,

85 2043 255 2082 senatus
285 2046 471 2084 vocatur.
535 2042 641 2084 Cum
683 2044 974 2084 decerneretur
1013 2043 1226 2096 frequenti
1270 2046 1420 2084 senatu

86 2102 233 2140 contra
263 2104 478 2154 pugnante
509 2101 674 2156 Pisone,
707 2102 758 2142 ad
788 2102 914 2156 pedes
948 2101 1135 2142 omnium
1169 2101 1419 2156 singillatim

33 2174 66 2200 35
86 2158 297 2199 accidente
330 2158 496 2214 Clodio,
539 2163 588 2201 ut
625 2161 816 2201 consules
854 2160 1060 2214 populum
1097 2159 1420 2201 cohortarentur

85 2217 138 2257 ad
179 2216 446 2271 rogationem
488 2218 790 2272 accipiendam,
840 2218 1033 2259 homines
1083 2218 1134 2258 ad
1178 2218 1418 2272 quindecim

86 2273 262 2316 Curioni
287 2275 452 2316 nullum
477 2279 647 2317 senatus
674 2277 914 2317 consultum
939 2276 1111 2317 facienti
1132 2277 1418 2331 adsenserunt,

157 2349 219 2375 Cic.
238 2351 322 2382 epist.
342 2350 381 2375 Π.
1187 2349 1206 2378 *2

1446 532 1468 562 4
