1665 2553
213 71 298 111 362
638 73 685 107 M.
713 73 854 107 TULLI
881 73 1130 108 CICERONIS

212 166 371 208 librum
397 167 449 208 ad
473 170 516 209 te
541 169 721 223 mittam,
749 169 784 209 si
811 168 1108 222 descripserint
1133 169 1310 211 librarii.
1361 169 1554 213 Adfirmo

213 225 295 266 tibi
343 226 505 267 nullam
555 227 890 268 consolationem
940 242 1029 268 esse
1079 228 1218 269 talem.
1287 229 1420 270 Totos
1465 229 1553 270 dies

216 284 371 338 scribo,
409 299 496 326 non
539 300 621 339 quo
662 285 882 339 proficiam
917 286 1036 340 quid,
1077 287 1149 327 sed
1183 287 1392 341 tantisper
1426 288 1554 342 impe-

215 342 326 397 dior3
356 358 443 384 non
475 344 667 397 equidem
700 344 803 384 satis
839 343 922 400 (vis
957 345 1069 386 enim
1102 344 1260 400 urget),
1290 346 1363 386 sed
1386 346 1554 387 relaxor

213 404 357 442 tamen
396 403 592 455 omnique
628 404 665 443 υἱ
696 403 812 443 nitor
842 417 928 444 non
961 403 1012 443 ad
1044 404 1249 458 animum,
1285 405 1358 445 sed
1386 405 1438 445 ad
1465 405 1553 446 vul-
1592 421 1609 447 5

213 463 307 500 tum
339 460 490 515 ipsum,
523 461 559 500 si
592 475 755 515 queam,
786 462 1057 502 reficiendum
1089 462 1215 516 idque
1244 463 1400 504 faciens
1425 464 1554 504 inter-

215 518 315 559 dum
357 519 463 559 mihi
500 533 670 573 peccare
706 519 869 574 videor,
913 520 1125 561 interdum
1163 524 1411 575 peccaturus
1452 536 1555 577 esse,

214 577 298 617 nisi
329 577 492 618 faciam.
550 576 744 628 Solitudo
779 579 938 632 aliquid
970 579 1153 634 adiuvat,
1186 580 1259 620 sed
1288 580 1425 621 multo
1457 581 1553 635 plus

215 635 455 690 proficeret,
500 636 536 677 si
577 640 624 677 tu
668 640 811 678 tamen
855 637 1092 679 interesses.
1162 637 1276 687 Quae
1319 638 1427 680 mihi
1469 653 1555 680 una

216 708 340 734 causa
373 698 435 735 est
466 694 563 735 hinc
597 695 852 749 discedendi3
890 710 989 737 nam
1021 711 1098 750 pro
1130 697 1253 737 malis
1285 700 1398 738 recte
1428 697 1555 738 habe-
1573 715 1611 739 ιο

215 752 300 793 bat.
364 752 628 807 Quamquam
665 755 710 795 id
745 755 885 808 ipsum
925 755 1055 796 doleo.
1120 754 1219 796 Non
1251 756 1364 796 em'm
1394 756 1479 797 iam
1511 757 1556 797 in

215 825 282 852 me
314 811 423 852 idem
457 827 546 853 esse
578 813 751 866 poteris.
813 812 1034 854 Perierunt
1066 813 1153 868 illa,
1186 829 1292 868 quae
1324 815 1507 856 amabas

305 869 369 911 De
400 870 525 911 Bruti
558 871 608 911 ad
639 886 706 912 me
737 872 893 913 litteris
927 872 1076 926 scripsi
1108 873 1159 913 ad
1190 876 1233 913 te
1265 875 1399 915 antea.
1453 873 1556 914 Pru-

217 928 362 969 denter
396 930 589 984 scriptae,
622 930 694 970 sed
724 930 845 985 nihjl,
879 931 991 984 quod
1021 946 1088 972 me
1121 931 1378 973 adiuvarent.
1436 931 1556 980 Quod

217 987 267 1028 ad
306 991 348 1028 te
380 988 569 1042 scripsit,
608 988 651 1029 id
682 989 851 1043 vellem,
887 992 935 1030 ut
967 989 1058 1043 ipse
1089 990 1264 1031 adesset.
1329 989 1452 1032 Certe
1484 991 1556 1032 ali-
1574 1006 1611 1033 15

218 1046 331 1101 quid,
357 1047 558 1100 quoniam
590 1062 656 1088 me
689 1050 778 1088 tam
809 1048 930 1088 valde
963 1051 1088 1103 amat,
1114 1049 1342 1090 adiuvaret.
1395 1048 1556 1098 Quodsi

218 1105 319 1158 quid
351 1105 469 1158 scies,
501 1105 660 1146 scribas
687 1106 739 1146 ad
763 1121 829 1146 me
856 1106 995 1161 velim,
1025 1108 1207 1147 maxime
1234 1110 1387 1161 autem,
1418 1107 1556 1149 Pansa

218 1163 394 1216 quando.
457 1163 520 1204 De
551 1164 697 1204 Attica
735 1164 874 1220 doleo,
915 1165 1036 1206 credo
1069 1168 1212 1206 tamen
1244 1164 1429 1206 Cratero.
1490 1165 1556 1207 Pi-

215 1222 316 1261 liam
349 1222 447 1276 angi
480 1225 584 1263 veta.
650 1222 762 1264 Satis
797 1226 859 1263 est
891 1238 1075 1264 maerere
1105 1238 1183 1278 pro
1217 1224 1425 1265 omnibus.

839 1361 930 1404 XV.
1577 1381 1613 1406 20

462 1442 536 1477 Ser.
557 1443 715 1478 Asturae
748 1443 830 1477 VII
850 1444 907 1477 Id.
929 1443 1043 1477 Blart.
1066 1456 1098 1478 (ι.
1123 1446 1192 1478 709
1221 1446 1309 1487 (45).

620 1525 810 1560 CICERO
834 1525 1027 1560 ATTICO
1052 1525 1160 1560 SAL.

304 1595 430 1649 Apud
464 1595 732 1651 Appuleium,
766 1597 967 1650 quonjam
1000 1598 1044 1638 in
1074 1601 1326 1651 perpetuum
1356 1612 1444 1638 non
1469 1597 1555 1650 pla-

217 1658 298 1709 cet,
341 1655 386 1695 in
431 1654 518 1695 dies
561 1659 609 1696 ut
648 1670 839 1711 excuser,
881 1656 1055 1697 videbis.
1117 1655 1168 1696 ln
1211 1656 1289 1696 hae
1327 1655 1554 1696 solitudine

217 1727 337 1754 careo
376 1713 565 1754 omnium
598 1714 830 1769 colloquio,
868 1729 1045 1768 cumque
1075 1728 1197 1755 mane
1229 1728 1296 1754 me
1327 1714 1373 1754 in
1404 1714 1554 1755 silvam
1574 1730 1611 1757 25

217 1771 405 1812 abstrusi
443 1771 614 1812 densam
652 1776 693 1813 et
735 1787 945 1827 asperam,
981 1787 1069 1814 non
1099 1786 1200 1814 exeo
1232 1772 1328 1813 inde
1360 1774 1457 1813 ante
1490 1787 1556 1813 ve-

218 1844 398 1884 sperum.
461 1828 698 1871 Secundum
736 1834 778 1872 te
809 1831 918 1872 nihil
956 1834 1019 1872 est
1056 1831 1162 1872 mihi
1200 1831 1374 1871 amicius
1408 1830 1555 1871 solitu—

217 1889 322 1929 dine.
372 1888 422 1929 In
456 1903 501 1929 ea
533 1889 638 1930 mihi
671 1890 808 1930 omnis
842 1904 978 1930 sermo
1011 1892 1074 1930 est
1106 1904 1200 1930 eum
1226 1889 1393 1930 litteris.
1442 1889 1555 1930 Eum

216 1950 359 1987 tamen
390 1947 633 2000 interpellat
665 1947 809 2002 fletus3
853 1949 920 1988 cui
950 1962 1161 2003 repugno,
1199 1947 1337 2001 quoad
1368 1962 1573 2001 possum,

218 2005 289 2045 sed
327 2005 461 2046 adhuc
499 2020 619 2059 pares
661 2020 748 2046 non
790 2021 946 2047 sumus.
1009 2006 1162 2062 Bruto,
1203 2008 1251 2046 ut
1284 2006 1452 2062 suades,
1493 2020 1555 2046 re-
1574 2017 1610 2048 3'0

217 2063 425 2162 {eribganssj-
478 2063 564 2105 Eas
609 2064 775 2105 litteras
815 2079 905 2106 cras
942 2065 1132 2107 habebis,
1201 2062 1308 2105 Cum
1345 2064 1445 2120 erit,
1487 2064 1554 2105 cui

244 2136 299 2176 es,
360 2137 381 2162 a
415 2136 461 2163 15.
