1665 2553
359 54 699 90 EPISTULARUM
724 56 789 90 AD
814 56 1030 92 ATTICUM
1057 58 1105 92 IX
1134 62 1187 92 10.
1358 59 1443 100 275

99 151 202 192 rias:
250 150 395 206 ‘Eg07
441 151 482 192 si
522 151 790 206 Pompeius
837 156 1004 194 manet
1051 154 1101 194 in
1141 153 1314 209 Italia,
1355 170 1443 196 nec

99 224 177 250 res
215 209 273 250 ad
312 211 603 264 pactionem
645 211 802 265 venit,
843 211 1048 267 longius
1091 213 1279 254 bellum
1320 217 1441 267 puto

100 269 226 323 fore3
268 269 346 309 sin
385 267 590 310 Italiam
635 269 902 324 relinquit,
944 271 1001 311 ad
1043 274 1302 325 posterum
1341 272 1442 312 bel-

99 327 200 368 lum
232 328 497 369 ἄσπονδον
529 329 659 369 strui
692 328 963 370 existimo.'
1015 329 1154 371 Huius
1181 331 1315 385 igitur
1339 331 1442 372 belli

65 401 80 428 5
102 399 178 440 ego
210 386 422 441 particeps
456 389 497 427 et
530 387 668 428 socius
701 390 742 427 et
769 387 937 428 adiutor
964 403 1055 429 esse
1081 403 1222 444 cogor,
1255 390 1367 443 quod
1401 392 1442 430 et

101 446 325 486 ἄσπονδον
356 448 419 486 est
451 450 488 487 et
524 460 618 486 cum
657 445 849 487 civibus?
892 446 1053 488 Deinde
1085 460 1150 488 VII
1181 448 1281 489 Idus
1308 448 1441 501 Febr„

101 518 195 544 cum
225 504 310 545 iam
340 504 464 558 plura
495 505 661 545 audires
700 505 748 545 de
780 504 955 559 Pompei
993 507 1188 561 consilio,
1227 507 1440 548 concludis

101 562 327 628 epistulam
371 564 581 616 quandam
620 563 700 604 hoc
743 564 884 605 modo:
931 565 1059 619 eEgo
1103 566 1300 619 quidem
1340 566 1441 607 tibi

100 635 199 662 non
243 621 335 662 sim
384 625 582 678 auctor,
632 623 672 663 si
716 621 982 677 Pompeius
1033 623 1238 665 ltaliam
1287 625 1440 666 relin-

0 710 4 715 -
49 697 82 721 10
103 680 230 735 quit,
261 683 308 720 te
342 695 541 735 quoque
573 681 854 736 profuoere.
918 681 1113 724 Summo
1147 684 1276 724 enim
1296 684 1443 749 ‘peri-

102 738 213 779 culo
246 739 402 780 facies
427 754 518 780 nec
544 740 615 780 rei
642 740 875 793 publicae
907 756 963 794 pi
973 742 1154 796 ode115
1188 743 1307 796 quoi
1334 743 1442 796 qui-

103 797 207 838 dem
251 798 498 851 posterius
539 799 735 852 poteris
776 799 1034 854 prodesse,
1079 801 1120 841 si
1161 801 1418 842 manseris.

103 855 235 904 Quem
268 858 534 911 φιλόπατοιν
566 871 611 898 ac
648 859 875 899 πολιτικὸν
914 834 1099 899 hominis
1139 860 1357 912 prudentis
1400 862 1441 900 et

103 915 225 955 amici
265 915 342 956 tali
386 915 605 956 admonitu
645 930 731 957 non
767 920 955 957 moveret
994 918 1254 959 auctoritas?
1316 918 1442 959 Dein-

50 990 82 1015 15
103 988 198 1027 ceps
231 986 281 1014 ΠΙ
312 973 410 1014 Idus
443 973 563 1015 Febr.
602 975 757 1015 iterum
794 975 900 1015 mihi
937 977 1165 1029 respondes
1203 978 1442 1018 consulenti

103 1032 179 1073 sic:
213 1031 370 1080 ‘Quod
403 1033 604 1086 quaeris
639 1049 661 1074 a
692 1048 783 1087 me,
816 1034 1050 1088 fugamne
1090 1035 1350 1076 defendam
1382 1051 1441 1077 an

102 1105 286 1132 moram
318 1091 579 1132 utiliorem
615 1095 801 1146 putem,
840 1106 929 1147 ego
962 1108 1078 1134 vero
1118 1094 1168 1134 in
1204 1109 1441 1148 praesen-

102 1150 174 1190 tia
215 1149 438 1190 subitum
470 1150 747 1191 discessum
789 1154 836 1192 et
870 1152 1205 1206 praecipitem
1245 1154 1440 1207 profec-

103 1208 291 1249 tionem
335 1223 441 1249 cum
484 1209 581 1250 tibi
625 1212 729 1250 tum
772 1210 874 1263 ipsi
907 1209 1073 1252 Gnaeo
1115 1211 1352 1253 inutilem
1394 1215 1440 1253 et

50 1284 83 1309 20
102 1267 441 1320 periculosam
481 1270 603 1334 puto
646 1271 692 1308 et
735 1268 896 1309 satius
941 1284 1048 1310 esse
1081 1270 1321 1312 existimo
1353 1285 1441 1311 vos

102 1325 406 1379 dispertitos
457 1330 503 1366 et
553 1327 604 1366 in
654 1327 873 1380 speculis
925 1342 1049 1382 esse·
1110 1329 1192 1369 sed
1249 1329 1439 1370 medius

102 1384 261 1424 fidius
294 1387 440 1437 turpe
470 1385 620 1425 nobis
653 1388 775 1438 puto
810 1401 916 1427 esse
949 1387 1002 1427 de
1034 1388 1153 1442 fuga
1186 1389 1440 1442 cogitare'

102 1441 195 1483 Hoc
225 1445 348 1495 turpe
381 1442 547 1484 Gnaeus
578 1447 723 1484 noster
760 1444 932 1486 biennio
966 1448 1063 1486 ante
1096 1446 1312 1500 cogitavit.
1373 1445 1441 1487 Ita

104 1500 321 1541 sullaturit
353 1501 517 1542 animus
550 1502 639 1543 eius
667 1505 707 1543 et
739 1504 1041 1557 proscripturit
1074 1505 1157 1545 iam
1185 1505 1266 1546 diu.
1327 1504 1440 1559 Inde,

50 1575 83 1602 25
103 1562 151 1600 ut
183 1559 351 1613 opinor,
389 1574 484 1600 cum
520 1563 567 1600 tu
600 1561 651 1601 ad
688 1576 754 1602 me
788 1563 991 1615 quaedam
1024 1564 1312 1618 γενικώτεοον
1344 1565 1441 1605 scri-

103 1618 271 1672 psisses,
308 1621 350 1658 et
383 1632 460 1672 ego
493 1619 598 1658 mihi
634 1634 656 1659 a
687 1622 729 1660 te
762 1620 1003 1675 [quaedam]
1039 1622 1268 1675 significari
1298 1625 1441 1676 putas-

103 1691 202 1731 sem,
233 1679 281 1717 ut
313 1675 437 1717 ltalia
470 1677 667 1729 cederem,
700 1678 922 1719 detestaris
953 1679 1033 1720 1106
1064 1680 1289 1734 diligenter
1314 1693 1363 1721 XI
1388 1679 1439 1722 K.

102 1734 243 1776 Mart:
283 1735 409 1790 ‘Eoo
441 1750 556 1776 vero
588 1712 730 1777 nulla
769 1737 997 1790 epistula
1037 1738 1356 1793 significavi
1397 1739 1440 1779 si

105 1791 300 1834 Gnaeus
333 1793 486 1834 Italia
518 1794 731 1849 cederet,
767 1798 820 1835 1113
858 1798 911 1836 tu
949 1810 1044 1836 una
1084 1796 1304 1851 cederes,
1337 1799 1439 1852 aut,

52 1869 85 1894 30
103 1852 147 1892 Si
179 1852 493 1906 significavi,
523 1867 621 1893 non
648 1853 755 1894 dico
788 1854 862 1893 fui
894 1854 1214 1910 inconstans,
1246 1855 1330 1896 sed
1362 1856 1440 1896 (16-

103 1886 268 1951 111605
330 1910 380 1951 In
413 1911 554 1952 eadem
586 1911 768 1965 epistula
807 1912 889 1953 alio
927 1912 1038 1954 loco:
1081 1912 1247 1953 ‘Nihil
1284 1913 1440 1954 relin-

106 1968 278 2021 quitur
305 1970 406 2010 nisi
431 1970 568 2024 fuga3
601 1971 677 2010 cui
704 1973 751 2010 te
778 1971 970 2011 socium
994 1972 1291 2025 neutiquam
1316 1975 1438 2026 puto

105 2041 211 2067 esse
239 2030 479 2080 oportere
505 2043 592 2069 nec
617 2043 846 2082 umquam
872 2030 1058 2082 putavi.
1071 2030 1079 2045 ⁷
1121 2029 1272 2070 Totam
1299 2033 1440 2071 autem

103 2085 211 2125 hanc
242 2085 586 2128 deliberationem
619 2087 778 2128 evolvis
812 2088 1046 2128 accuratius
1086 2088 1130 2128 in
1167 2089 1324 2130 litteris
1357 2101 1440 2130 vm

51 2159 84 2185 35
104 2143 196 2184 Kal.
228 2143 351 2184 Mart.
385 2144 511 2186 datis:
552 2144 624 2186 ‘Si
655 2145 727 2186 M’.
760 2145 979 2199 Lepidus
1013 2149 1058 2186 et
1090 2146 1134 2187 L.
1166 2146 1440 2189 Volcacius

104 2205 377 2256 remanent,
422 2204 715 2244 manendum
762 2207 903 2259 puto,
950 2205 1020 2245 ita
1065 2208 1137 2259 ut,
1183 2206 1224 2246 si
1269 2207 1440 2247 salvus

104 2260 171 2301 sit
210 2259 474 2314 Pompeius
514 2264 561 2302 et
599 2262 902 2303 constiterit
944 2263 1153 2317 alicubi,
1193 2263 1320 2306 hanc
1362 2264 1441 2307 νέ-

1165 2332 1232 2366 18*
