1665 2553
665 89 702 123 P.
727 92 921 123 130—-135.
1336 88 1449 121 XLIII

112 183 174 217 ille
198 182 292 216 illud
317 182 458 226 quidem,
484 181 582 217 labat
606 182 745 225 Baiter,
772 181 956 225 Wesenb.,
982 182 1087 225 Boot,
1114 181 1170 216 Ae
1193 182 1237 216 de
1261 182 1337 224 illo,
1363 182 1451 215 illue

111 230 253 274 quidem
292 230 392 264 labo-r
428 228 590 272 Kayser,
635 229 795 273 TyrreU,
840 241 882 264 ae
918 240 971 264 me
1007 229 1102 263 illud
1132 229 1273 273 quidem
1304 229 1452 263 delectat

111 275 151 310 O.
180 276 218 310 E.
247 275 415 310 Schmidt
454 276 541 309 ‘Der
571 276 846 310 Briefwechsel’
884 288 918 320 p.
951 279 1004 309 73.
1045 297 1090 300 —
1128 280 1147 309 6
1178 287 1253 310 riori
1284 286 1353 320 quo
1383 285 1450 319 per

111 323 347 367 aposiopesin
388 322 577 366 Wesenb.,
616 323 806 357 Lehmann
839 322 1005 364 Quaestt.
1032 335 1066 367 p.
1095 326 1156 365 81,
1194 334 1269 357 ozon
1305 323 1450 357 omuino

113 369 147 404 S.
169 370 312 404 Brandt
336 369 358 404 1.
380 368 402 404 1.
444 390 490 395 -
530 374 572 403 10
604 371 769 405 haerebit.
820 370 982 404 Habebis
1007 370 1075 404 mei
1099 371 1277 404 rationem
1303 369 1451 402 Palmer

110 417 300 451 Hermath.
330 420 419 451 1885
450 429 484 461 p.
514 421 599 460 318,
636 428 691 452 res
721 417 864 451 habebis
889 417 1116 452 mirationem
1140 416 1195 458 M,
1236 427 1318 450 cum
1344 427 1450 450 cruce

110 464 258 507 Baiter,
290 464 400 507 Boot,
432 475 487 498 res
517 465 658 499 habebit
687 465 913 499 mirationem
939 464 1098 507 Kayser,
1133 463 1322 506 Wesenb.,
1356 467 1387 497 et
1410 468 1451 497 tu

111 512 229 546 aberis
264 515 295 546 et
330 522 383 546 me
414 512 556 545 absente
586 511 666 555 quis
695 512 838 546 habebit
867 512 935 545 mei
964 510 1165 545 rationem?
1203 510 1295 544 coni.
1324 509 1449 551 Orelli,

109 558 213 602 prob.
235 558 345 599 Boot,
378 569 433 592 res
464 559 606 592 habebit
630 558 698 593 mei
721 557 922 593 rationem?
959 557 1112 601 TyrreH.
1142 579 1187 582 —
1220 562 1261 591 12
1292 557 1451 592 Servius

111 605 192 648 fieri
218 606 430 649 probabilis
455 604 608 648 Tyri-cll.
647 626 692 630 —
731 609 774 638 14
806 616 882 639 eam
914 616 933 638 c
953 607 988 638 Σ
1011 604 1214 648 (Lehmann
1240 604 1315 638 Att.
1336 616 1371 648 p.
1396 607 1449 646 70,

115 654 205 696 184),
231 653 333 686 illam
352 651 420 695 Ms,
448 652 528 685 edd.
550 673 595 677 m·
617 655 659 686 16
683 652 743 686 siri
768 662 888 686 errore
912 652 1017 695 Boot,
1043 651 1187 695 Tyn-en
1214 662 1232 684 e
1257 652 1344 685 vett.
1367 651 1448 684 edd.

119 720 158 723 —
197 703 238 733 17
265 699 415 734 alteram
439 700 526 743 post
550 703 668 733 tamen
695 699 809 733 adiec.
831 698 984 742 Tyrrell.
1019 719 1063 723 —
1102 702 1144 732 21
1170 699 1283 732 hiric?
1321 719 1367 722 —
1405 701 1448 731 23

112 746 199 789 quis
237 745 408 788 Gronov,
446 746 541 779 Boot
576 745 659 779 fort.
687 748 796 780 recte.
835 766 881 770 —
919 749 962 779 28
988 745 1032 779 L.
1061 745 1144 779 fort.
1166 756 1239 779 non
1264 755 1445 778 necessar.

113 792 165 826 Cf.
186 804 220 837 p.
245 797 321 826 164.
345 796 398 826 17.
420 813 465 817 —
485 796 526 826 31
549 793 642 837 quod
663 793 778 836 codd,
804 794 891 826 vett.
909 792 1002 836 edd,
1029 791 1184 835 Tyrrell,
1210 803 1289 826 eum
1310 791 1447 825 Orellio

113 841 264 874 auctore
289 840 432 883 Baiter,
466 839 651 882 Wesenb.,
676 840 771 873 Boot
799 840 857 873 ‘ex
884 841 984 873 certa
1010 839 1269 873 emendatione
1294 838 1448 872 Wesen-

112 886 267 931 bergii’,
299 886 410 920 immo
442 897 515 920 non
539 886 624 930 plus
651 897 763 929 quam
788 886 985 930 probabili.
1037 885 1189 919 Poterat
1214 885 1352 919 dicere:
1392 885 1450 919 De

113 934 239 968 itinere
264 934 351 977 quid
376 934 579 975 statuerim,
610 934 775 975 scribam,
808 944 884 967 eum
911 937 1079 976 statuero,
1105 934 1270 976 poterat:
1308 933 1365 967 De
1390 932 1449 966 iti-

111 991 194 1015 uere
218 991 297 1014 eum
321 984 490 1022 statuero,
514 980 565 1022 id,
591 980 684 1024 quod
708 984 877 1022 statuero,
901 980 1063 1014 scribam.
1114 978 1165 1013 Cf.
1188 980 1234 1012 ad
1260 991 1293 1023 p.
1317 983 1371 1012 32,
1394 982 1447 1012 11.

111 1048 158 1052 -
183 1030 228 1060 34
253 1027 295 1061 de
321 1037 388 1060 om.
411 1026 597 1068 Wesenb.,
624 1027 727 1060 Boot.
778 1026 837 1059 Ad
862 1038 896 1070 p.
920 1030 996 1060 129.
1019 1030 1072 1060 15.
1100 1047 1146 1051 —
1172 1029 1215 1059 35
1243 1037 1349 1071 ayam
1375 1037 1448 1059 am-

107 1074 209 1118 plius
234 1073 451 1118 intellegere
473 1073 543 1107 sibi
563 1073 734 1107 videntur
752 1073 890 1115 Baiter,
917 1073 1012 1106 Boot
1031 1073 1178 1116 (Mnem.
1196 1076 1285 1106 1892
1305 1085 1339 1116 p.
1357 1075 1448 1116 118),
1488 1081 1496 1083 ·

110 1120 267 1164 Tyrrell,
293 1132 400 1165 aqam
419 1121 578 1164 apertius
600 1122 664 1154 aut
678 1121 831 1164 planius
850 1120 1041 1154 Lehmann
1061 1119 1227 1161 Quaestt.
1242 1131 1276 1163 p.
1293 1123 1335 1153 31
1346 1131 1398 1162 sq.
1437 1119 1449 1164 Η

161 1168 206 1202 P.
228 1166 316 1202 134.
339 1172 358 1200 2
397 1168 510 1212 †rnea
535 1167 706 1201 Wesenb.
730 1167 821 1201 coni.
843 1168 904 1201 sed
936 1178 976 1201 ea
1002 1178 1080 1201 mea
1104 1167 1224 1201 cautio
1249 1170 1307 1201 est.
1342 1187 1387 1191 —
1429 1169 1447 1199 3

110 1215 296 1249 ducentas
321 1213 507 1256 Wesenb.,
534 1213 678 1258 Tyrrell
702 1213 893 1248 Hermath.
914 1213 980 1247 VH
1008 1217 1098 1247 1890
1122 1226 1156 1258 p.
1180 1217 1223 1247 37
1246 1212 1350 1255 coni,
1376 1224 1445 1246 non

112 1273 179 1296 scr.
201 1261 240 1294 in
267 1261 322 1295 ed.
349 1282 394 1286 —
428 1267 446 1295 5
472 1261 679 1296 Dumtaoeat
703 1272 861 1295 rumores
886 1261 939 1295 vel
965 1261 1083 1303 etiam,
1108 1260 1260 1304 Madvig
1285 1260 1375 1293 Adv.
1396 1260 1446 1292 ΠΙ

110 1320 146 1352 p.
170 1311 248 1352 175,
274 1308 311 1342 L.
333 1308 477 1342 Poister
495 1307 673 1342 Fleckeis.
697 1308 818 1341 annal.
843 1311 930 1341 1896
956 1320 990 1352 p.
1008 1311 1086 1350 536,
1113 1308 1200 1341 dum
1225 1311 1306 1341 aeta
1331 1311 1364 1341 et
1387 1318 1446 1341 ru-

112 1366 225 1390 mores
258 1355 366 1389 vellet.
411 1355 493 1389 Iam
526 1355 648 1397 codd,
687 1355 790 1388 Dum
819 1359 902 1389 acta
932 1359 964 1389 et
993 1365 1152 1389 rumores
1176 1354 1230 1388 vel
1255 1354 1380 1396 etiam,
1417 1353 1447 1387 si

113 1401 272 1444 Stinner,
297 1401 435 1444 Baiter,
461 1402 628 1436 ducentos
655 1402 735 1444 (etsi
758 1413 871 1435 meam
895 1402 936 1435 iu
961 1412 999 1435 eo
1020 1412 1119 1445 pars.
1139 1401 1171 1435 h.
1188 1412 1226 1444 p.
1254 1401 1449 1435 contractio

110 1449 308 1494 siguificat)
335 1449 420 1482 dum
446 1453 527 1483 acta
552 1453 583 1483 et
606 1459 765 1482 rumores
788 1449 843 1482 vel
865 1449 973 1482 etiam
997 1448 1092 1482 Boot
1118 1449 1155 1481 et
1180 1447 1259 1481 sine
1277 1447 1447 1492 parenth.

112 1496 175 1539 (ad
199 1507 233 1540 p.
257 1498 310 1529 16.
333 1498 390 1538 14)
417 1494 571 1538 Tyn-en,
597 1495 683 1529 dum
708 1499 790 1529 acta
814 1499 846 1530 et
869 1506 1027 1529 rumores
1047 1495 1264 1539 perscribere
1284 1495 1388 1528 velis:
1418 1499 1450 1529 et

111 1543 198 1585 iam,
228 1542 260 1576 si
292 1553 394 1586 quae
418 1541 591 1575 Wesenb.
631 1562 675 1566 —
714 1545 733 1575 6
760 1542 862 1576 aliis
887 1546 925 1576 et
950 1542 1142 1585 Pomptino
1167 1541 1277 1584 Boot,
1309 1541 1447 1583 Baiter,

110 1588 267 1632 Tyrrell,
295 1590 443 1631 litteras,
468 1593 500 1623 et
524 1589 631 1623 alias
656 1589 849 1632 Pomptino
876 1599 895 1622 e
921 1589 1024 1622 codd.
1047 1588 1219 1622 Wesenb.
1246 1609 1292 1613 —
1320 1591 1338 1621 7
1365 1588 1448 1621 dili-

110 1640 248 1681 9euter
273 1635 432 1679 Ernesti,
452 1635 590 1678 Baiter,
610 1635 714 1678 Boot,
735 1635 889 1679 Tyrrell,
910 1636 1114 1680 diligentes
1135 1635 1252 1677 codd,
1273 1634 1446 1668 Wesenb.

113 1703 156 1708 —
184 1686 203 1716 9
230 1683 303 1717 ΙΙΙ
324 1687 387 1717 aut
407 1683 506 1726 prid.
528 1682 683 1716 Schiche
708 1693 829 1726 progr.
851 1682 969 1716 Berol.
994 1685 1082 1716 1895
1109 1694 1143 1726 p.
1165 1686 1198 1725 4,
1230 1682 1287 1715 Ia.
1308 1681 1446 1722 Baiter,

111 1728 284 1763 Wesenb.
300 1750 345 1754 ——
360 1733 403 1763 26
424 1730 466 1763 de
487 1729 570 1762 add.
580 1731 665 1773 post
677 1729 770 1763 illud
784 1728 940 1762 Ernesto
961 1730 1111 1763 auctore
1124 1728 1388 1769 recentt.edd.;
1403 1727 1446 1761 cf.

112 1776 161 1809 ad
182 1780 257 1810 129.
275 1780 328 1811 15.
360 1776 508 1810 Dubito.
524 1797 568 1801 —
588 1779 633 1809 30
648 1776 752 1810 XIV
763 1775 917 1809 Schiche
936 1775 1185 1820 progrBerol.
1199 1778 1287 1808 1895
1306 1778 1447 1818 p.7sq.,

112 1823 339 1865 XVBaiter,
354 1822 527 1857 Wesenb.
559 1824 571 1866 ΙΙ
608 1823 653 1857 P.
664 1822 753 1857 135.
764 1826 782 1856 7
798 1823 838 1856 iu
851 1823 1035 1857 scribendo
1048 1823 1122 1857 iam
1137 1833 1156 1855 e
1169 1821 1443 1855 RavennBoot.

112 1891 158 1894 —
185 1874 228 1903 14
253 1874 284 1904 te
308 1871 394 1914 post
418 1871 538 1904 adesse
562 1871 649 1903 vett.
672 1870 771 1911 edd,
805 1871 893 1903 ante
917 1870 959 1904 de
983 1881 1013 1903 V.
1037 1873 1079 1903 15
1099 1869 1237 1910 Baiter,
1264 1869 1350 1901 ante
1375 1878 1449 1902 uori

114 1916 303 1959 Wesenb.,
339 1927 407 1950 om.
436 1917 558 1959 codd,
589 1916 700 1958 Boot,
732 1916 876 1959 Tyrrell
908 1927 962 1960 ep.
987 1919 1063 1949 189.
1114 1915 1173 1948 Ad
1203 1926 1237 1958 p.
1260 1917 1290 1948 8.
1315 1918 1367 1948 19.
1402 1935 1448 1939 —-

113 1967 156 1997 19
190 1964 301 1997 XIII
333 1963 488 1998 Schiche
524 1974 644 2008 progr.
671 1963 789 1997 Berol.
819 1966 908 1996 1895
946 1974 980 2006 p.
1008 1966 1045 2005 8,
1086 1962 1152 1995 XI
1179 1961 1323 2004 Baiter,
1363 1961 1453 1995 XII

111 2009 284 2044 Wesenb.
317 2031 360 2035 —
393 2014 437 2044 24
468 2021 537 2055 quo
568 2010 610 2044 de
644 2010 741 2044 ‘cum
773 2009 1003 2043 Franckenio
1036 2008 1271 2042 scribendum
1306 2009 1444 2042 censet'

111 2056 216 2099 Boot,
243 2068 309 2091 scr.
330 2056 474 2100 Tyrrell
501 2067 553 2101 ep.
577 2060 654 2099 190,
680 2057 812 2101 †qu0d
837 2055 1022 2098 Wesenb.,
1049 2056 1156 2098 Boot,
1182 2059 1266 2099 quot
1290 2054 1444 2097 Manut,

110 2103 250 2145 Baiter,
279 2104 391 2138 ‘recte
415 2104 575 2137 mutavit
599 2103 752 2137 Bootius
778 2103 890 2136 verba
915 2107 999 2146 quot
1023 2106 1105 2136 aute
1130 2101 1168 2135 in
1188 2102 1282 2146 quod
1300 2102 1444 2136 dedisti’

110 2149 154 2183 H.
176 2150 217 2183 A.
240 2150 343 2184 Koch
366 2161 486 2194 progr.
509 2150 606 2184 Port.
630 2153 719 2183 1868
745 2161 780 2193 p.
803 2153 858 2183 22.
897 2169 940 2174 -
979 2152 1022 2182 25
1054 2149 1267 2183 vacationis
1290 2149 1446 2182 iudicia-

109 2197 200 2231 riae
224 2207 342 2231 causa
366 2197 518 2241 Madvig
545 2197 683 2230 ‘Revue
710 2197 755 2230 de
774 2195 918 2240 philol?
937 2199 1026 2229 1878
1046 2207 1080 2239 p.
1098 2199 1162 2229 177
1173 2207 1264 2238 sqq.,
1291 2194 1445 2239 Tyrrell,

109 2244 311 2278 vacationis
343 2244 562 2278 iudiciorum
593 2254 704 2277 causa
735 2243 791 2275 Fr.
823 2241 991 2275 Schmidt
1021 2253 1141 2287 progr.
1168 2242 1332 2276 Norimb.
1357 2245 1445 2276 1879

109 2301 144 2335 p.
167 2294 212 2324 ‘24
227 2301 296 2333 sq.,
333 2291 536 2325 vacationes
573 2290 809 2324 iudiciariam
841 2300 987 2323 eausam
1019 2289 1081 2333 (ad
1105 2301 1139 2333 p.
1163 2292 1216 2322 54.
1241 2292 1297 2333 15)
1329 2289 1447 2330 codd,
