<?xml version="1.0" encoding="UTF-8"?>
<!DOCTYPE html PUBLIC "-//W3C//DTD XHTML 1.0 Transitional//EN"
    "http://www.w3.org/TR/xhtml1/DTD/xhtml1-transitional.dtd">
<html xmlns="http://www.w3.org/1999/xhtml" xml:lang="en" lang="en">
 <head>
  <title>
</title>
<meta http-equiv="Content-Type" content="text/html;charset=utf-8" />
  <meta name='ocr-system' content='tesseract 3.04.00' />
  <meta name='ocr-capabilities' content='ocr_page ocr_carea ocr_par ocr_line ocrx_word'/>
</head>
<body>
  <div class='ocr_page' id='page_1' title='image "./p2scriptaquaemanse03ciceuoft_0669.png"; bbox 0 0 1665 2553; ppageno 0'>
   <div class='ocr_carea' id='block_1_1' title="bbox 277 88 1421 129">
    <p class='ocr_par' dir='ltr' id='par_1_1' title="bbox 277 88 1421 129">
     <span class='ocr_line' id='line_1_1' title="bbox 277 88 1421 129; baseline -0.001 -6"><span class='ocrx_word' id='word_1_1' title='bbox 277 89 618 123; x_wconf 86' lang='lat' dir='ltr'><strong>EPISTULARUM</strong></span> <span class='ocrx_word' id='word_1_2' title='bbox 642 89 706 122; x_wconf 80' lang='lat' dir='ltr'>AD</span> <span class='ocrx_word' id='word_1_3' title='bbox 732 88 947 123; x_wconf 84' lang='lat' dir='ltr'><strong>ATTICUM</strong></span> <span class='ocrx_word' id='word_1_4' title='bbox 971 88 1038 122; x_wconf 87' lang='lat' dir='ltr'>XV</span> <span class='ocrx_word' id='word_1_5' title='bbox 1066 93 1214 123; x_wconf 79' lang='grc'><strong>11-13,</strong></span> <span class='ocrx_word' id='word_1_6' title='bbox 1339 89 1421 129; x_wconf 80' lang='grc'>477</span> 
     </span>
    </p>
   </div>
   <div class='ocr_carea' id='block_1_2' title="bbox 57 183 1425 531">
    <p class='ocr_par' dir='ltr' id='par_1_2' title="bbox 57 183 1425 531">
     <span class='ocr_line' id='line_1_2' title="bbox 91 183 1425 238; baseline -0.001 -12"><span class='ocrx_word' id='word_1_7' title='bbox 91 185 339 238; x_wconf 77' lang='grc' dir='ltr'><em>κατηχήσει,</em></span> <span class='ocrx_word' id='word_1_8' title='bbox 378 184 520 238; x_wconf 88' lang='lat' dir='ltr'>magni</span> <span class='ocrx_word' id='word_1_9' title='bbox 559 184 724 225; x_wconf 86' lang='lat' dir='ltr'>consilii</span> <span class='ocrx_word' id='word_1_10' title='bbox 757 187 832 225; x_wconf 86' lang='lat' dir='ltr'>est.</span> <span class='ocrx_word' id='word_1_11' title='bbox 894 183 1083 225; x_wconf 72' lang='lat' dir='ltr'>Vitricus</span> <span class='ocrx_word' id='word_1_12' title='bbox 1117 184 1286 238; x_wconf 87' lang='lat' dir='ltr'>quidem</span> <span class='ocrx_word' id='word_1_13' title='bbox 1316 184 1425 224; x_wconf 85' lang='lat' dir='ltr'>nihil</span> 
     </span>
     <span class='ocr_line' id='line_1_3' title="bbox 92 242 1424 296; baseline 0 -13"><span class='ocrx_word' id='word_1_14' title='bbox 92 243 306 296; x_wconf 78' lang='lat' dir='ltr'>censebat3</span> <span class='ocrx_word' id='word_1_15' title='bbox 339 257 463 296; x_wconf 90' lang='lat' dir='ltr'>quem</span> <span class='ocrx_word' id='word_1_16' title='bbox 495 242 676 284; x_wconf 85' lang='lat' dir='ltr'>Asturae</span> <span class='ocrx_word' id='word_1_17' title='bbox 709 243 902 284; x_wconf 90' lang='lat' dir='ltr'>vidimus.</span> <span class='ocrx_word' id='word_1_18' title='bbox 966 242 1046 284; x_wconf 83' lang='lat' dir='ltr'>Sed</span> <span class='ocrx_word' id='word_1_19' title='bbox 1077 245 1218 284; x_wconf 86' lang='lat' dir='ltr'>tamen</span> <span class='ocrx_word' id='word_1_20' title='bbox 1251 242 1424 283; x_wconf 86' lang='lat' dir='ltr'>alendus</span> 
     </span>
     <span class='ocr_line' id='line_1_4' title="bbox 93 300 1425 356; baseline 0 -15"><span class='ocrx_word' id='word_1_21' title='bbox 93 304 156 342; x_wconf 88' lang='lat' dir='ltr'>est</span> <span class='ocrx_word' id='word_1_22' title='bbox 188 304 241 356; x_wconf 73' lang='lat' dir='ltr'>et,</span> <span class='ocrx_word' id='word_1_23' title='bbox 272 304 321 341; x_wconf 88' lang='lat' dir='ltr'>ut</span> <span class='ocrx_word' id='word_1_24' title='bbox 350 301 460 341; x_wconf 88' lang='lat' dir='ltr'>nihil</span> <span class='ocrx_word' id='word_1_25' title='bbox 492 301 616 356; x_wconf 76' lang='lat' dir='ltr'>aliud,</span> <span class='ocrx_word' id='word_1_26' title='bbox 654 301 706 342; x_wconf 87' lang='lat' dir='ltr'>ab</span> <span class='ocrx_word' id='word_1_27' title='bbox 739 300 927 342; x_wconf 87' lang='lat' dir='ltr'>Antonio</span> <span class='ocrx_word' id='word_1_28' title='bbox 960 301 1253 356; x_wconf 86' lang='lat' dir='ltr'>seiungendus.</span> <span class='ocrx_word' id='word_1_29' title='bbox 1315 301 1425 341; x_wconf 80' lang='lat' dir='ltr'>Mar-</span> 
     </span>
     <span class='ocr_line' id='line_1_5' title="bbox 92 358 1424 413; baseline 0 -13"><span class='ocrx_word' id='word_1_30' title='bbox 92 360 220 400; x_wconf 91' lang='lat' dir='ltr'>cellus</span> <span class='ocrx_word' id='word_1_31' title='bbox 270 360 499 413; x_wconf 73' lang='lat' dir='ltr'>praeclare,</span> <span class='ocrx_word' id='word_1_32' title='bbox 549 360 585 400; x_wconf 93' lang='lat' dir='ltr'>si</span> <span class='ocrx_word' id='word_1_33' title='bbox 627 360 832 413; x_wconf 86' lang='lat' dir='ltr'>praecipit</span> <span class='ocrx_word' id='word_1_34' title='bbox 875 361 904 413; x_wconf 59' lang='grc' dir='ltr'>’ξ-</span> <span class='ocrx_word' id='word_1_35' title='bbox 935 362 1082 400; x_wconf 88' lang='lat' dir='ltr'>nostro</span> <span class='ocrx_word' id='word_1_36' title='bbox 1125 360 1273 401; x_wconf 89' lang='lat' dir='ltr'>nostri.</span> <span class='ocrx_word' id='word_1_37' title='bbox 1346 358 1424 400; x_wconf 85' lang='lat' dir='ltr'>Cui</span> 
     </span>
     <span class='ocr_line' id='line_1_6' title="bbox 57 418 1425 472; baseline -0.001 -12"><span class='ocrx_word' id='word_1_38' title='bbox 57 435 73 460; x_wconf 87' lang='lat'><strong>5</strong></span> <span class='ocrx_word' id='word_1_39' title='bbox 93 418 262 472; x_wconf 89' lang='lat' dir='ltr'>quidem</span> <span class='ocrx_word' id='word_1_40' title='bbox 294 418 365 458; x_wconf 91' lang='lat' dir='ltr'>ille</span> <span class='ocrx_word' id='word_1_41' title='bbox 397 418 562 459; x_wconf 90' lang='lat' dir='ltr'>deditus</span> <span class='ocrx_word' id='word_1_42' title='bbox 593 418 698 458; x_wconf 86' lang='lat' dir='ltr'>mihi</span> <span class='ocrx_word' id='word_1_43' title='bbox 731 418 962 459; x_wconf 86' lang='lat' dir='ltr'>videbatur.</span> <span class='ocrx_word' id='word_1_44' title='bbox 1018 418 1178 459; x_wconf 84' lang='lat' dir='ltr'>Pansae</span> <span class='ocrx_word' id='word_1_45' title='bbox 1211 421 1351 459; x_wconf 84' lang='lat' dir='ltr'>autem</span> <span class='ocrx_word' id='word_1_46' title='bbox 1384 421 1425 459; x_wconf 90' lang='lat' dir='ltr'>et</span> 
     </span>
     <span class='ocr_line' id='line_1_7' title="bbox 92 476 1425 531; baseline 0.001 -14"><span class='ocrx_word' id='word_1_47' title='bbox 92 476 236 517; x_wconf 82' lang='lat' dir='ltr'>Hirtio</span> <span class='ocrx_word' id='word_1_48' title='bbox 276 491 361 517; x_wconf 91' lang='lat' dir='ltr'>non</span> <span class='ocrx_word' id='word_1_49' title='bbox 404 476 530 517; x_wconf 90' lang='lat' dir='ltr'>nimis</span> <span class='ocrx_word' id='word_1_50' title='bbox 572 477 776 518; x_wconf 87' lang='lat' dir='ltr'>credebat.</span> <span class='ocrx_word' id='word_1_51' title='bbox 838 477 958 518; x_wconf 87' lang='lat' dir='ltr'>Bona</span> <span class='ocrx_word' id='word_1_52' title='bbox 994 477 1175 531; x_wconf 82' lang='lat' dir='ltr'>indoles,</span> <span class='ocrx_word' id='word_1_53' title='bbox 1220 477 1295 518; x_wconf 79' lang='grc' dir='ltr'>ἐὰν</span> <span class='ocrx_word' id='word_1_54' title='bbox 1332 478 1425 518; x_wconf 80' lang='grc' dir='ltr'><em>δια-</em></span> 
     </span>
    </p>
   </div>
   <div class='ocr_carea' id='block_1_3' title="bbox 92 537 229 591">
    <p class='ocr_par' dir='ltr' id='par_1_3' title="bbox 92 537 229 591">
     <span class='ocr_line' id='line_1_8' title="bbox 92 537 229 591; baseline 0 -15"><span class='ocrx_word' id='word_1_55' title='bbox 92 537 229 591; x_wconf 82' lang='grc' dir='ltr'><em>μείνῃ.</em></span> 
     </span>
    </p>
   </div>
   <div class='ocr_carea' id='block_1_4' title="bbox 285 651 1228 775">
    <p class='ocr_par' dir='ltr' id='par_1_4' title="bbox 285 651 1228 775">
     <span class='ocr_line' id='line_1_9' title="bbox 698 651 813 693; baseline 0.009 -1"><span class='ocrx_word' id='word_1_56' title='bbox 698 651 813 693; x_wconf 88' lang='lat' dir='ltr'><strong>XIII.</strong></span> 
     </span>
     <span class='ocr_line' id='line_1_10' title="bbox 285 732 1228 775; baseline 0 -9"><span class='ocrx_word' id='word_1_57' title='bbox 285 732 359 767; x_wconf 76' lang='lat' dir='ltr'>Ser.</span> <span class='ocrx_word' id='word_1_58' title='bbox 381 733 421 766; x_wconf 76' lang='lat' dir='ltr'>in</span> <span class='ocrx_word' id='word_1_59' title='bbox 446 732 646 766; x_wconf 71' lang='lat' dir='ltr'>Puteolano</span> <span class='ocrx_word' id='word_1_60' title='bbox 678 732 782 765; x_wconf 86' lang='lat' dir='ltr'>VIII</span> <span class='ocrx_word' id='word_1_61' title='bbox 802 732 851 767; x_wconf 83' lang='lat' dir='ltr'>K.</span> <span class='ocrx_word' id='word_1_62' title='bbox 873 733 964 767; x_wconf 75' lang='lat' dir='ltr'>Nov.</span> <span class='ocrx_word' id='word_1_63' title='bbox 986 744 1019 766; x_wconf 81' lang='grc' dir='ltr'>α.</span> <span class='ocrx_word' id='word_1_64' title='bbox 1043 735 1113 767; x_wconf 84' lang='grc'>710</span> <span class='ocrx_word' id='word_1_65' title='bbox 1139 734 1228 775; x_wconf 73' lang='grc'><em>(44).</em></span> 
     </span>
    </p>
   </div>
   <div class='ocr_carea' id='block_1_5' title="bbox 41 812 1028 848">
    <p class='ocr_par' dir='ltr' id='par_1_5' title="bbox 41 812 1028 848">
     <span class='ocr_line' id='line_1_11' title="bbox 41 812 1028 848; baseline 0.001 -2"><span class='ocrx_word' id='word_1_66' title='bbox 41 822 73 846; x_wconf 91' lang='lat'>10</span> <span class='ocrx_word' id='word_1_67' title='bbox 491 812 680 847; x_wconf 84' lang='lat' dir='ltr'><strong>CICERO</strong></span> <span class='ocrx_word' id='word_1_68' title='bbox 704 813 896 848; x_wconf 83' lang='lat' dir='ltr'><strong>ATTICO</strong></span> <span class='ocrx_word' id='word_1_69' title='bbox 920 813 1028 848; x_wconf 75' lang='lat' dir='ltr'>SAL.</span> 
     </span>
    </p>
   </div>
   <div class='ocr_carea' id='block_1_6' title="bbox 15 884 1468 2337">
    <p class='ocr_par' dir='ltr' id='par_1_6' title="bbox 91 884 1468 1114">
     <span class='ocr_line' id='line_1_12' title="bbox 180 884 1468 939; baseline 0.002 -15"><span class='ocrx_word' id='word_1_70' title='bbox 180 896 263 925; x_wconf 81' lang='lat' dir='ltr'><strong>VIII</strong></span> <span class='ocrx_word' id='word_1_71' title='bbox 294 884 385 925; x_wconf 85' lang='lat' dir='ltr'>Kal.</span> <span class='ocrx_word' id='word_1_72' title='bbox 419 885 521 925; x_wconf 88' lang='lat' dir='ltr'>duas</span> <span class='ocrx_word' id='word_1_73' title='bbox 561 900 584 925; x_wconf 87' lang='lat' dir='ltr'>a</span> <span class='ocrx_word' id='word_1_74' title='bbox 620 888 662 926; x_wconf 89' lang='lat' dir='ltr'>te</span> <span class='ocrx_word' id='word_1_75' title='bbox 695 886 833 938; x_wconf 85' lang='lat' dir='ltr'>accepi</span> <span class='ocrx_word' id='word_1_76' title='bbox 865 885 1081 938; x_wconf 70' lang='lat' dir='ltr'>epistulas.</span> <span class='ocrx_word' id='word_1_77' title='bbox 1142 885 1422 939; x_wconf 83' lang='lat' dir='ltr'>Respondebo</span> <span class='ocrx_word' id='word_1_78' title='bbox 1452 897 1468 926; x_wconf 89' lang='lat'>1</span> 
     </span>
     <span class='ocr_line' id='line_1_13' title="bbox 92 942 1423 997; baseline 0.001 -14"><span class='ocrx_word' id='word_1_79' title='bbox 92 943 224 997; x_wconf 87' lang='lat' dir='ltr'>igitur</span> <span class='ocrx_word' id='word_1_80' title='bbox 255 943 387 996; x_wconf 82' lang='lat' dir='ltr'>priori</span> <span class='ocrx_word' id='word_1_81' title='bbox 412 943 540 996; x_wconf 86' lang='lat' dir='ltr'>prius.</span> <span class='ocrx_word' id='word_1_82' title='bbox 568 942 818 984; x_wconf 81' lang='lat' dir='ltr'>&#39;Adsentior</span> <span class='ocrx_word' id='word_1_83' title='bbox 843 944 935 997; x_wconf 80' lang='lat' dir='ltr'>tibi,</span> <span class='ocrx_word' id='word_1_84' title='bbox 966 946 1014 984; x_wconf 91' lang='lat' dir='ltr'>ut</span> <span class='ocrx_word' id='word_1_85' title='bbox 1038 958 1114 984; x_wconf 90' lang='lat' dir='ltr'>nec</span> <span class='ocrx_word' id='word_1_86' title='bbox 1140 944 1263 984; x_wconf 91' lang='lat' dir='ltr'>duces</span> <span class='ocrx_word' id='word_1_87' title='bbox 1291 944 1423 984; x_wconf 90' lang='lat' dir='ltr'>simus</span> 
     </span>
     <span class='ocr_line' id='line_1_14' title="bbox 91 1001 1423 1056; baseline 0 -14"><span class='ocrx_word' id='word_1_88' title='bbox 91 1016 167 1042; x_wconf 86' lang='lat' dir='ltr'>nec</span> <span class='ocrx_word' id='word_1_89' title='bbox 199 1015 348 1056; x_wconf 81' lang='lat' dir='ltr'>agmen</span> <span class='ocrx_word' id='word_1_90' title='bbox 380 1015 592 1056; x_wconf 80' lang='lat' dir='ltr'>cogamuS‚</span> <span class='ocrx_word' id='word_1_91' title='bbox 622 1002 837 1042; x_wconf 76' lang='lat' dir='ltr'>faveamus</span> <span class='ocrx_word' id='word_1_92' title='bbox 870 1005 1021 1043; x_wconf 88' lang='lat' dir='ltr'>tamen.</span> <span class='ocrx_word' id='word_1_93' title='bbox 1072 1001 1317 1043; x_wconf 86' lang='lat' dir='ltr'>Orationem</span> <span class='ocrx_word' id='word_1_94' title='bbox 1343 1003 1423 1043; x_wconf 89' lang='lat' dir='ltr'>tibi</span> 
     </span>
     <span class='ocr_line' id='line_1_15' title="bbox 92 1060 1423 1114; baseline 0.001 -14"><span class='ocrx_word' id='word_1_95' title='bbox 92 1060 199 1100; x_wconf 92' lang='lat' dir='ltr'>misi.</span> <span class='ocrx_word' id='word_1_96' title='bbox 273 1060 379 1100; x_wconf 89' lang='lat' dir='ltr'>Eius</span> <span class='ocrx_word' id='word_1_97' title='bbox 436 1060 731 1100; x_wconf 76' lang='lat' dir='ltr'>custodiendae</span> <span class='ocrx_word' id='word_1_98' title='bbox 786 1063 828 1101; x_wconf 90' lang='lat' dir='ltr'>et</span> <span class='ocrx_word' id='word_1_99' title='bbox 878 1061 1149 1114; x_wconf 85' lang='lat' dir='ltr'>proferendae</span> <span class='ocrx_word' id='word_1_100' title='bbox 1199 1061 1423 1101; x_wconf 85' lang='lat' dir='ltr'>arbitrium</span> 
     </span>
    </p>

    <p class='ocr_par' dir='ltr' id='par_1_7' title="bbox 41 1116 1467 1407">
     <span class='ocr_line' id='line_1_16' title="bbox 41 1116 1422 1173; baseline 0.001 -14"><span class='ocrx_word' id='word_1_101' title='bbox 41 1136 73 1161; x_wconf 87' lang='lat'>15</span> <span class='ocrx_word' id='word_1_102' title='bbox 93 1121 223 1159; x_wconf 89' lang='lat' dir='ltr'>tuum.</span> <span class='ocrx_word' id='word_1_103' title='bbox 287 1116 367 1158; x_wconf 80' lang='lat' dir='ltr'>Sed</span> <span class='ocrx_word' id='word_1_104' title='bbox 400 1118 564 1172; x_wconf 90' lang='lat' dir='ltr'>quando</span> <span class='ocrx_word' id='word_1_105' title='bbox 597 1119 714 1159; x_wconf 92' lang='lat' dir='ltr'>illum</span> <span class='ocrx_word' id='word_1_106' title='bbox 750 1119 878 1173; x_wconf 81' lang='lat' dir='ltr'>diem,</span> <span class='ocrx_word' id='word_1_107' title='bbox 918 1134 1011 1159; x_wconf 82' lang='lat' dir='ltr'>cum</span> <span class='ocrx_word' id='word_1_108' title='bbox 1037 1122 1084 1159; x_wconf 87' lang='lat' dir='ltr'>tu</span> <span class='ocrx_word' id='word_1_109' title='bbox 1116 1119 1317 1160; x_wconf 87' lang='lat' dir='ltr'>edendam</span> <span class='ocrx_word' id='word_1_110' title='bbox 1348 1135 1422 1173; x_wconf 91' lang='lat' dir='ltr'>pu-</span> 
     </span>
     <span class='ocr_line' id='line_1_17' title="bbox 92 1175 1467 1232; baseline 0.001 -16"><span class='ocrx_word' id='word_1_111' title='bbox 92 1177 185 1217; x_wconf 80' lang='lat' dir='ltr'>tes‘?</span> <span class='ocrx_word' id='word_1_112' title='bbox 234 1175 425 1217; x_wconf 88' lang='lat' dir='ltr'>Indutias</span> <span class='ocrx_word' id='word_1_113' title='bbox 464 1191 566 1230; x_wconf 86' lang='lat' dir='ltr'>quas</span> <span class='ocrx_word' id='word_1_114' title='bbox 605 1177 772 1232; x_wconf 67' lang='lat' dir='ltr'>scribis,</span> <span class='ocrx_word' id='word_1_115' title='bbox 810 1192 896 1217; x_wconf 88' lang='lat' dir='ltr'>non</span> <span class='ocrx_word' id='word_1_116' title='bbox 932 1177 1132 1232; x_wconf 81' lang='lat' dir='ltr'>intellego</span> <span class='ocrx_word' id='word_1_117' title='bbox 1164 1178 1257 1219; x_wconf 89' lang='lat' dir='ltr'>fieri</span> <span class='ocrx_word' id='word_1_118' title='bbox 1288 1192 1421 1231; x_wconf 91' lang='lat' dir='ltr'>posse.</span> <span class='ocrx_word' id='word_1_119' title='bbox 1448 1190 1467 1218; x_wconf 72' lang='grc'>-3</span> 
     </span>
     <span class='ocr_line' id='line_1_18' title="bbox 91 1235 1421 1289; baseline 0.001 -14"><span class='ocrx_word' id='word_1_120' title='bbox 91 1235 242 1276; x_wconf 89' lang='lat' dir='ltr'>Melior</span> <span class='ocrx_word' id='word_1_121' title='bbox 280 1238 342 1275; x_wconf 90' lang='lat' dir='ltr'>est</span> <span class='ocrx_word' id='word_1_122' title='bbox 379 1235 753 1289; x_wconf 72' lang='grc' dir='ltr'><em>ἀναντιφωνησιάς</em></span> <span class='ocrx_word' id='word_1_123' title='bbox 798 1251 880 1289; x_wconf 82' lang='lat' dir='ltr'>qua</span> <span class='ocrx_word' id='word_1_124' title='bbox 916 1250 982 1276; x_wconf 86' lang='lat' dir='ltr'>me</span> <span class='ocrx_word' id='word_1_125' title='bbox 1022 1251 1196 1276; x_wconf 88' lang='lat' dir='ltr'>usurum</span> <span class='ocrx_word' id='word_1_126' title='bbox 1228 1237 1421 1277; x_wconf 82' lang='lat' dir='ltr'>arbitror.</span> 
     </span>
     <span class='ocr_line' id='line_1_19' title="bbox 93 1293 1422 1350; baseline 0.002 -17"><span class='ocrx_word' id='word_1_127' title='bbox 93 1293 213 1341; x_wconf 78' lang='lat' dir='ltr'>Quod</span> <span class='ocrx_word' id='word_1_128' title='bbox 256 1293 405 1334; x_wconf 88' lang='lat' dir='ltr'>scribis</span> <span class='ocrx_word' id='word_1_129' title='bbox 445 1293 633 1347; x_wconf 80' lang='lat' dir='ltr'>legiones</span> <span class='ocrx_word' id='word_1_130' title='bbox 674 1294 776 1334; x_wconf 89' lang='lat' dir='ltr'>duas</span> <span class='ocrx_word' id='word_1_131' title='bbox 814 1294 1088 1334; x_wconf 86' lang='lat' dir='ltr'>Brundisium</span> <span class='ocrx_word' id='word_1_132' title='bbox 1125 1295 1307 1350; x_wconf 71' lang='lat' dir='ltr'>venisse,</span> <span class='ocrx_word' id='word_1_133' title='bbox 1347 1309 1422 1335; x_wconf 87' lang='lat' dir='ltr'>vos</span> 
     </span>
     <span class='ocr_line' id='line_1_20' title="bbox 94 1350 1467 1407; baseline 0.001 -15"><span class='ocrx_word' id='word_1_134' title='bbox 94 1352 232 1392; x_wconf 82' lang='lat' dir='ltr'>omnia</span> <span class='ocrx_word' id='word_1_135' title='bbox 263 1352 392 1406; x_wconf 90' lang='lat' dir='ltr'>prius.</span> <span class='ocrx_word' id='word_1_136' title='bbox 449 1350 614 1392; x_wconf 78' lang='lat' dir='ltr'>Scribes</span> <span class='ocrx_word' id='word_1_137' title='bbox 646 1353 791 1407; x_wconf 76' lang='lat' dir='ltr'>igitur,</span> <span class='ocrx_word' id='word_1_138' title='bbox 823 1353 1025 1406; x_wconf 83' lang='lat' dir='ltr'>quicquid</span> <span class='ocrx_word' id='word_1_139' title='bbox 1055 1354 1249 1394; x_wconf 88' lang='lat' dir='ltr'>audieris.</span> <span class='ocrx_word' id='word_1_140' title='bbox 1318 1353 1422 1394; x_wconf 85' lang='lat' dir='ltr'>Var-</span> <span class='ocrx_word' id='word_1_141' title='bbox 1449 1366 1467 1395; x_wconf 84' lang='lat'>3</span> 
     </span>
    </p>

    <p class='ocr_par' dir='ltr' id='par_1_8' title="bbox 41 1410 1422 1640">
     <span class='ocr_line' id='line_1_21' title="bbox 41 1410 1421 1466; baseline 0.001 -15"><span class='ocrx_word' id='word_1_142' title='bbox 41 1410 207 1452; x_wconf 69' lang='lat' dir='ltr'>wronis</span> <span class='ocrx_word' id='word_1_143' title='bbox 251 1411 459 1463; x_wconf 76' lang='grc' dir='ltr'><em>διάλογον</em></span> <span class='ocrx_word' id='word_1_144' title='bbox 502 1414 708 1464; x_wconf 83' lang='lat' dir='ltr'>exspecto.</span> <span class='ocrx_word' id='word_1_145' title='bbox 776 1410 866 1451; x_wconf 91' lang='lat' dir='ltr'>Iam</span> <span class='ocrx_word' id='word_1_146' title='bbox 902 1412 1036 1464; x_wconf 87' lang='lat' dir='ltr'>probo</span> <span class='ocrx_word' id='word_1_147' title='bbox 1075 1412 1421 1466; x_wconf 60' lang='grc' dir='ltr'>ξΗροικλείὸειον,</span> 
     </span>
     <span class='ocr_line' id='line_1_22' title="bbox 93 1468 1422 1525; baseline 0.002 -17"><span class='ocrx_word' id='word_1_148' title='bbox 93 1468 340 1521; x_wconf 88' lang='lat' dir='ltr'>praesertim</span> <span class='ocrx_word' id='word_1_149' title='bbox 379 1482 473 1508; x_wconf 88' lang='lat' dir='ltr'>cum</span> <span class='ocrx_word' id='word_1_150' title='bbox 510 1471 558 1509; x_wconf 86' lang='lat' dir='ltr'>tu</span> <span class='ocrx_word' id='word_1_151' title='bbox 595 1472 714 1509; x_wconf 83' lang='lat' dir='ltr'>tanto</span> <span class='ocrx_word' id='word_1_152' title='bbox 753 1484 877 1523; x_wconf 88' lang='lat' dir='ltr'>opere</span> <span class='ocrx_word' id='word_1_153' title='bbox 911 1470 1130 1524; x_wconf 80' lang='lat' dir='ltr'>delectere3</span> <span class='ocrx_word' id='word_1_154' title='bbox 1175 1470 1263 1525; x_wconf 70' lang='lat' dir='ltr'>sed,</span> <span class='ocrx_word' id='word_1_155' title='bbox 1301 1470 1422 1523; x_wconf 85' lang='lat' dir='ltr'>quale</span> 
     </span>
     <span class='ocr_line' id='line_1_23' title="bbox 92 1526 1421 1581; baseline 0.002 -15"><span class='ocrx_word' id='word_1_156' title='bbox 92 1526 210 1580; x_wconf 70' lang='lat' dir='ltr'>velis,</span> <span class='ocrx_word' id='word_1_157' title='bbox 240 1526 366 1566; x_wconf 84' lang='lat' dir='ltr'>velim</span> <span class='ocrx_word' id='word_1_158' title='bbox 399 1527 513 1567; x_wconf 90' lang='lat' dir='ltr'>scire.</span> <span class='ocrx_word' id='word_1_159' title='bbox 564 1526 684 1574; x_wconf 79' lang='lat' dir='ltr'>Quod</span> <span class='ocrx_word' id='word_1_160' title='bbox 716 1527 767 1567; x_wconf 91' lang='lat' dir='ltr'>ad</span> <span class='ocrx_word' id='word_1_161' title='bbox 796 1530 838 1568; x_wconf 90' lang='lat' dir='ltr'>te</span> <span class='ocrx_word' id='word_1_162' title='bbox 871 1530 993 1568; x_wconf 86' lang='lat' dir='ltr'>antea</span> <span class='ocrx_word' id='word_1_163' title='bbox 1025 1531 1151 1581; x_wconf 86' lang='lat' dir='ltr'>atque</span> <span class='ocrx_word' id='word_1_164' title='bbox 1178 1529 1278 1569; x_wconf 88' lang='lat' dir='ltr'>adeo</span> <span class='ocrx_word' id='word_1_165' title='bbox 1305 1528 1421 1581; x_wconf 84' lang='lat' dir='ltr'>prius</span> 
     </span>
     <span class='ocr_line' id='line_1_24' title="bbox 94 1582 1422 1640; baseline 0.002 -16"><span class='ocrx_word' id='word_1_166' title='bbox 94 1585 243 1638; x_wconf 80' lang='lat' dir='ltr'>scripsi</span> <span class='ocrx_word' id='word_1_167' title='bbox 274 1582 352 1638; x_wconf 86' lang='lat' dir='ltr'>(sic</span> <span class='ocrx_word' id='word_1_168' title='bbox 383 1585 494 1625; x_wconf 86' lang='lat' dir='ltr'>enim</span> <span class='ocrx_word' id='word_1_169' title='bbox 524 1585 691 1640; x_wconf 75' lang='lat' dir='ltr'>mavis),</span> <span class='ocrx_word' id='word_1_170' title='bbox 723 1585 773 1625; x_wconf 87' lang='lat' dir='ltr'>ad</span> <span class='ocrx_word' id='word_1_171' title='bbox 805 1586 1070 1626; x_wconf 87' lang='lat' dir='ltr'>scribendum</span> <span class='ocrx_word' id='word_1_172' title='bbox 1096 1587 1216 1639; x_wconf 59' lang='lat' dir='ltr'>*stibi</span> <span class='ocrx_word' id='word_1_173' title='bbox 1243 1601 1339 1626; x_wconf 84' lang='lat' dir='ltr'>vere</span> <span class='ocrx_word' id='word_1_174' title='bbox 1365 1587 1422 1627; x_wconf 87' lang='lat' dir='ltr'>di-</span> 
     </span>
    </p>

    <p class='ocr_par' dir='ltr' id='par_1_9' title="bbox 15 1643 1422 1699">
     <span class='ocr_line' id='line_1_25' title="bbox 15 1643 1422 1699; baseline 0 -15"><span class='ocrx_word' id='word_1_175' title='bbox 15 1692 21 1698; x_wconf 42' lang='grc'><strong>,</strong></span> <span class='ocrx_word' id='word_1_176' title='bbox 93 1657 183 1684; x_wconf 89' lang='lat' dir='ltr'>cere</span> <span class='ocrx_word' id='word_1_177' title='bbox 220 1643 358 1683; x_wconf 84' lang='lat' dir='ltr'>fecisti</span> <span class='ocrx_word' id='word_1_178' title='bbox 395 1657 461 1683; x_wconf 89' lang='lat' dir='ltr'>me</span> <span class='ocrx_word' id='word_1_179' title='bbox 500 1643 756 1684; x_wconf 85' lang='lat' dir='ltr'>alacriorem.</span> <span class='ocrx_word' id='word_1_180' title='bbox 818 1643 884 1683; x_wconf 81' lang='lat' dir='ltr'>Ad</span> <span class='ocrx_word' id='word_1_181' title='bbox 915 1646 1036 1684; x_wconf 90' lang='lat' dir='ltr'>tuum</span> <span class='ocrx_word' id='word_1_182' title='bbox 1068 1645 1179 1684; x_wconf 91' lang='lat' dir='ltr'>enim</span> <span class='ocrx_word' id='word_1_183' title='bbox 1210 1645 1422 1699; x_wconf 73' lang='lat' dir='ltr'>iudicium,</span> 
     </span>
    </p>

    <p class='ocr_par' dir='ltr' id='par_1_10' title="bbox 41 1701 1421 1989">
     <span class='ocr_line' id='line_1_26' title="bbox 41 1701 1421 1755; baseline 0 -12"><span class='ocrx_word' id='word_1_184' title='bbox 41 1719 73 1744; x_wconf 81' lang='lat'>25</span> <span class='ocrx_word' id='word_1_185' title='bbox 94 1701 205 1755; x_wconf 86' lang='lat' dir='ltr'>quod</span> <span class='ocrx_word' id='word_1_186' title='bbox 235 1701 341 1741; x_wconf 89' lang='lat' dir='ltr'>mihi</span> <span class='ocrx_word' id='word_1_187' title='bbox 367 1704 457 1742; x_wconf 87' lang='lat' dir='ltr'>erat</span> <span class='ocrx_word' id='word_1_188' title='bbox 481 1704 642 1754; x_wconf 81' lang='lat' dir='ltr'>notum,</span> <span class='ocrx_word' id='word_1_189' title='bbox 674 1701 871 1742; x_wconf 86' lang='lat' dir='ltr'>addidisti</span> <span class='ocrx_word' id='word_1_190' title='bbox 895 1701 1099 1742; x_wconf 84' lang='lat' dir='ltr'>Peducaei</span> <span class='ocrx_word' id='word_1_191' title='bbox 1125 1703 1421 1743; x_wconf 84' lang='lat' dir='ltr'>auctoritatem</span> 
     </span>
     <span class='ocr_line' id='line_1_27' title="bbox 93 1760 1421 1814; baseline 0.002 -15"><span class='ocrx_word' id='word_1_192' title='bbox 93 1774 289 1814; x_wconf 84' lang='lat' dir='ltr'>magnam</span> <span class='ocrx_word' id='word_1_193' title='bbox 321 1760 490 1813; x_wconf 87' lang='lat' dir='ltr'>quidem</span> <span class='ocrx_word' id='word_1_194' title='bbox 522 1760 631 1813; x_wconf 84' lang='lat' dir='ltr'>apud</span> <span class='ocrx_word' id='word_1_195' title='bbox 662 1774 724 1801; x_wconf 82' lang='lat' dir='ltr'>me</span> <span class='ocrx_word' id='word_1_196' title='bbox 755 1762 796 1800; x_wconf 88' lang='lat' dir='ltr'>et</span> <span class='ocrx_word' id='word_1_197' title='bbox 828 1760 873 1800; x_wconf 87' lang='lat' dir='ltr'>in</span> <span class='ocrx_word' id='word_1_198' title='bbox 903 1760 1052 1813; x_wconf 87' lang='lat' dir='ltr'>primis</span> <span class='ocrx_word' id='word_1_199' title='bbox 1085 1774 1265 1814; x_wconf 82' lang='lat' dir='ltr'>gravem.</span> <span class='ocrx_word' id='word_1_200' title='bbox 1320 1761 1421 1801; x_wconf 81' lang='lat' dir='ltr'>Eni-</span> 
     </span>
     <span class='ocr_line' id='line_1_28' title="bbox 92 1818 1421 1873; baseline 0.001 -15"><span class='ocrx_word' id='word_1_201' title='bbox 92 1821 159 1858; x_wconf 83' lang='lat' dir='ltr'>tar</span> <span class='ocrx_word' id='word_1_202' title='bbox 189 1818 332 1873; x_wconf 75' lang='lat' dir='ltr'>igitur,</span> <span class='ocrx_word' id='word_1_203' title='bbox 363 1833 414 1858; x_wconf 91' lang='lat' dir='ltr'>ne</span> <span class='ocrx_word' id='word_1_204' title='bbox 448 1818 652 1858; x_wconf 85' lang='lat' dir='ltr'>desideres</span> <span class='ocrx_word' id='word_1_205' title='bbox 685 1821 757 1858; x_wconf 87' lang='lat' dir='ltr'>aut</span> <span class='ocrx_word' id='word_1_206' title='bbox 789 1818 1041 1859; x_wconf 84' lang='lat' dir='ltr'>industriam</span> <span class='ocrx_word' id='word_1_207' title='bbox 1066 1834 1201 1859; x_wconf 88' lang='lat' dir='ltr'>meam</span> <span class='ocrx_word' id='word_1_208' title='bbox 1233 1821 1306 1859; x_wconf 87' lang='lat' dir='ltr'>aut</span> <span class='ocrx_word' id='word_1_209' title='bbox 1331 1819 1421 1860; x_wconf 87' lang='lat' dir='ltr'>dili-</span> 
     </span>
     <span class='ocr_line' id='line_1_29' title="bbox 94 1875 1419 1931; baseline 0.002 -15"><span class='ocrx_word' id='word_1_210' title='bbox 94 1876 290 1929; x_wconf 84' lang='lat' dir='ltr'>gentiam.</span> <span class='ocrx_word' id='word_1_211' title='bbox 351 1875 616 1931; x_wconf 79' lang='lat' dir='ltr'>Vettienum‚</span> <span class='ocrx_word' id='word_1_212' title='bbox 655 1879 703 1917; x_wconf 88' lang='lat' dir='ltr'>ut</span> <span class='ocrx_word' id='word_1_213' title='bbox 742 1877 907 1931; x_wconf 70' lang='lat' dir='ltr'>scribis7</span> <span class='ocrx_word' id='word_1_214' title='bbox 946 1879 987 1917; x_wconf 90' lang='lat' dir='ltr'>et</span> <span class='ocrx_word' id='word_1_215' title='bbox 1024 1877 1249 1917; x_wconf 88' lang='lat' dir='ltr'>Faberium</span> <span class='ocrx_word' id='word_1_216' title='bbox 1286 1877 1419 1919; x_wconf 83' lang='lat' dir='ltr'>foveo.</span> 
     </span>
     <span class='ocr_line' id='line_1_30' title="bbox 95 1933 1420 1989; baseline 0.002 -15"><span class='ocrx_word' id='word_1_217' title='bbox 95 1933 288 1974; x_wconf 88' lang='lat' dir='ltr'>Clodium</span> <span class='ocrx_word' id='word_1_218' title='bbox 330 1934 439 1974; x_wconf 85' lang='lat' dir='ltr'>nihil</span> <span class='ocrx_word' id='word_1_219' title='bbox 477 1935 660 1975; x_wconf 87' lang='lat' dir='ltr'>arbitror</span> <span class='ocrx_word' id='word_1_220' title='bbox 696 1935 926 1989; x_wconf 75' lang='lat' dir='ltr'>malitiose3</span> <span class='ocrx_word' id='word_1_221' title='bbox 971 1950 1226 1989; x_wconf 84' lang='lat' dir='ltr'>quamquam</span> <span class='ocrx_word' id='word_1_222' title='bbox 1262 1961 1316 1964; x_wconf 97' lang='lat'><strong>—</strong></span> <span class='ocrx_word' id='word_1_223' title='bbox 1350 1936 1420 1976; x_wconf 85' lang='lat' dir='ltr'>sed</span> 
     </span>
    </p>

    <p class='ocr_par' dir='ltr' id='par_1_11' title="bbox 41 1992 1421 2221">
     <span class='ocr_line' id='line_1_31' title="bbox 41 1992 1421 2047; baseline 0 -13"><span class='ocrx_word' id='word_1_224' title='bbox 41 2010 74 2034; x_wconf 72' lang='lat'>30</span> <span class='ocrx_word' id='word_1_225' title='bbox 95 1992 206 2045; x_wconf 88' lang='lat' dir='ltr'>quod</span> <span class='ocrx_word' id='word_1_226' title='bbox 242 1993 385 2046; x_wconf 88' lang='lat' dir='ltr'>egerit.</span> <span class='ocrx_word' id='word_1_227' title='bbox 445 1992 508 2033; x_wconf 91' lang='lat' dir='ltr'>De</span> <span class='ocrx_word' id='word_1_228' title='bbox 544 1993 742 2034; x_wconf 88' lang='lat' dir='ltr'>libertate</span> <span class='ocrx_word' id='word_1_229' title='bbox 778 1994 1014 2047; x_wconf 76' lang='lat' dir='ltr'>retinenda,</span> <span class='ocrx_word' id='word_1_230' title='bbox 1053 2009 1134 2047; x_wconf 84' lang='lat' dir='ltr'>qua</span> <span class='ocrx_word' id='word_1_231' title='bbox 1173 1996 1281 2034; x_wconf 86' lang='lat' dir='ltr'>certe</span> <span class='ocrx_word' id='word_1_232' title='bbox 1312 1994 1421 2035; x_wconf 87' lang='lat' dir='ltr'>nihil</span> 
     </span>
     <span class='ocr_line' id='line_1_32' title="bbox 95 2050 1420 2104; baseline 0.002 -13"><span class='ocrx_word' id='word_1_233' title='bbox 95 2053 157 2091; x_wconf 89' lang='lat' dir='ltr'>est</span> <span class='ocrx_word' id='word_1_234' title='bbox 188 2050 361 2104; x_wconf 79' lang='lat' dir='ltr'>dulcius,</span> <span class='ocrx_word' id='word_1_235' title='bbox 393 2051 473 2091; x_wconf 88' lang='lat' dir='ltr'>tibi</span> <span class='ocrx_word' id='word_1_236' title='bbox 505 2051 727 2092; x_wconf 89' lang='lat' dir='ltr'>adsentior.</span> <span class='ocrx_word' id='word_1_237' title='bbox 776 2051 895 2092; x_wconf 87' lang='lat' dir='ltr'>Itane</span> <span class='ocrx_word' id='word_1_238' title='bbox 929 2050 971 2092; x_wconf 80' lang='lat' dir='ltr'>O.</span> <span class='ocrx_word' id='word_1_239' title='bbox 998 2052 1168 2093; x_wconf 77' lang='lat' dir='ltr'>Annio?</span> <span class='ocrx_word' id='word_1_240' title='bbox 1224 2052 1257 2093; x_wconf 87' lang='lat' dir='ltr'><em>O</em></span> <span class='ocrx_word' id='word_1_241' title='bbox 1287 2052 1420 2093; x_wconf 87' lang='lat' dir='ltr'>homi-</span> 
     </span>
     <span class='ocr_line' id='line_1_33' title="bbox 92 2109 1420 2162; baseline 0.003 -15"><span class='ocrx_word' id='word_1_242' title='bbox 92 2123 189 2148; x_wconf 92' lang='lat' dir='ltr'>nem</span> <span class='ocrx_word' id='word_1_243' title='bbox 219 2111 415 2161; x_wconf 83' lang='lat' dir='ltr'>nequam!</span> <span class='ocrx_word' id='word_1_244' title='bbox 466 2110 565 2162; x_wconf 88' lang='lat' dir='ltr'>quid</span> <span class='ocrx_word' id='word_1_245' title='bbox 598 2110 709 2150; x_wconf 91' lang='lat' dir='ltr'>enim</span> <span class='ocrx_word' id='word_1_246' title='bbox 741 2110 875 2150; x_wconf 87' lang='lat' dir='ltr'>dicam</span> <span class='ocrx_word' id='word_1_247' title='bbox 908 2110 1048 2150; x_wconf 77' lang='lat' dir='ltr'>aliud?</span> <span class='ocrx_word' id='word_1_248' title='bbox 1099 2109 1278 2151; x_wconf 80' lang='lat' dir='ltr'>Cautum</span> <span class='ocrx_word' id='word_1_249' title='bbox 1313 2110 1420 2151; x_wconf 85' lang='lat' dir='ltr'>Mar-</span> 
     </span>
     <span class='ocr_line' id='line_1_34' title="bbox 93 2166 1185 2221; baseline 0.002 -15"><span class='ocrx_word' id='word_1_250' title='bbox 93 2166 262 2206; x_wconf 89' lang='lat' dir='ltr'>cellum!</span> <span class='ocrx_word' id='word_1_251' title='bbox 294 2181 360 2206; x_wconf 88' lang='lat' dir='ltr'>me</span> <span class='ocrx_word' id='word_1_252' title='bbox 391 2167 461 2221; x_wconf 78' lang='lat' dir='ltr'>sic⁷</span> <span class='ocrx_word' id='word_1_253' title='bbox 493 2167 565 2207; x_wconf 88' lang='lat' dir='ltr'>sed</span> <span class='ocrx_word' id='word_1_254' title='bbox 594 2182 681 2208; x_wconf 91' lang='lat' dir='ltr'>non</span> <span class='ocrx_word' id='word_1_255' title='bbox 711 2170 852 2208; x_wconf 87' lang='lat' dir='ltr'>tamen</span> <span class='ocrx_word' id='word_1_256' title='bbox 883 2168 1185 2209; x_wconf 84' lang='lat' dir='ltr'>cautissimum.</span> 
     </span>
    </p>

    <p class='ocr_par' dir='ltr' id='par_1_12' title="bbox 180 2223 1465 2279">
     <span class='ocr_line' id='line_1_35' title="bbox 180 2223 1465 2279; baseline 0.004 -16"><span class='ocrx_word' id='word_1_257' title='bbox 180 2223 382 2278; x_wconf 89' lang='lat' dir='ltr'>Longiori</span> <span class='ocrx_word' id='word_1_258' title='bbox 401 2225 605 2278; x_wconf 87' lang='lat' dir='ltr'>epistulae</span> <span class='ocrx_word' id='word_1_259' title='bbox 625 2227 913 2279; x_wconf 87' lang='lat' dir='ltr'>superiorique</span> <span class='ocrx_word' id='word_1_260' title='bbox 933 2227 1141 2279; x_wconf 86' lang='lat' dir='ltr'>respondi.</span> <span class='ocrx_word' id='word_1_261' title='bbox 1185 2225 1310 2267; x_wconf 85' lang='lat' dir='ltr'>Nunc</span> <span class='ocrx_word' id='word_1_262' title='bbox 1329 2227 1419 2268; x_wconf 88' lang='lat' dir='ltr'>bre·</span> <span class='ocrx_word' id='word_1_263' title='bbox 1445 2240 1465 2268; x_wconf 77' lang='lat'>4</span> 
     </span>
    </p>

    <p class='ocr_par' dir='ltr' id='par_1_13' title="bbox 40 2282 1420 2337">
     <span class='ocr_line' id='line_1_36' title="bbox 40 2282 1420 2337; baseline 0.001 -13"><span class='ocrx_word' id='word_1_264' title='bbox 40 2299 72 2324; x_wconf 78' lang='lat'>35</span> <span class='ocrx_word' id='word_1_265' title='bbox 91 2282 199 2322; x_wconf 84' lang='lat' dir='ltr'>viori</span> <span class='ocrx_word' id='word_1_266' title='bbox 224 2283 495 2336; x_wconf 87' lang='lat' dir='ltr'>propiorique</span> <span class='ocrx_word' id='word_1_267' title='bbox 522 2283 621 2336; x_wconf 91' lang='lat' dir='ltr'>quid</span> <span class='ocrx_word' id='word_1_268' title='bbox 652 2284 925 2337; x_wconf 83' lang='lat' dir='ltr'>respondeam</span> <span class='ocrx_word' id='word_1_269' title='bbox 950 2285 1033 2324; x_wconf 81' lang='lat' dir='ltr'>nisi</span> <span class='ocrx_word' id='word_1_270' title='bbox 1059 2300 1150 2325; x_wconf 88' lang='lat' dir='ltr'>eam</span> <span class='ocrx_word' id='word_1_271' title='bbox 1174 2285 1305 2326; x_wconf 77' lang='lat' dir='ltr'>fuisse</span> <span class='ocrx_word' id='word_1_272' title='bbox 1332 2285 1420 2326; x_wconf 92' lang='lat' dir='ltr'>dul-</span> 
     </span>
    </p>
   </div>
  </div>
 </body>
</html>
