1665 2553
400 141 740 176 EPISTULARUM
766 141 830 175 AD
855 141 1057 176 BRUTUM
1082 142 1098 175 I
1125 146 1178 177 10.
1373 143 1459 184 533

124 238 191 279 vel
227 237 514 291 potentissimi
551 237 694 291 potius
733 236 918 291 (quando
951 237 1120 291 quidem
1152 238 1343 291 potentia
1375 238 1459 280 iam

125 297 168 337 in
209 297 250 337 vi
287 296 429 351 posita
466 298 530 336 est
569 298 610 336 et
643 295 791 351 armis)
823 296 990 350 accidit,
1028 299 1075 337 ut
1105 311 1229 337 nemo
1262 297 1459 337 tribunus

124 355 279 410 plebis,
320 369 443 396 nemo
487 354 568 395 alio
607 354 880 409 magistratu,
922 369 1045 396 nemo
1083 355 1274 408 privatus
1314 359 1460 396 auctor

126 414 358 455 exsisteret.
421 412 502 454 Sed
541 413 586 453 in
622 413 700 454 hac
739 414 977 454 constantia
1014 416 1140 467 atque
1179 414 1337 454 virtute
1370 416 1459 455 erat

89 490 105 515 5
125 475 268 513 tamen
309 472 490 513 sollicita
528 472 687 512 civitas.
751 471 976 512 Illudimur
1014 473 1145 527 enim,
1180 471 1331 526 Brute,
1368 475 1459 513 tum

124 532 309 572 militum
341 530 513 586 deliciis,
550 533 644 571 tum
675 530 945 584 imperatoris
977 531 1214 572 insolentia.
1275 530 1460 571 Tantum

126 590 303 644 quisque
335 604 378 630 se
410 589 455 630 in
486 603 530 630 re
560 589 731 643 publica
762 604 886 643 posse
917 590 1119 643 postulat,
1152 592 1359 643 quantum
1389 589 1460 630 ha-

123 649 196 690 bet
227 649 403 701 virium3
434 662 521 689 non
550 648 674 702 ratio,
703 662 791 689 non
820 648 982 703 modus,
1013 663 1101 689 non
1130 648 1209 702 lex,
1240 662 1327 689 non
1353 662 1461 703 mos,

123 722 211 748 non
242 708 428 748 officium
459 706 589 762 valet,
624 721 711 747 non
743 707 963 762 iudicium,
998 721 1084 747 non
1116 707 1375 747 existimatio
1407 707 1460 747 ci-

71 783 105 807 10
123 766 252 821 vium,
292 780 379 807 non
421 766 684 819 posteritatis
724 765 984 806 verecundia.
1052 765 1167 806 Haec
1206 779 1282 820 ego
1323 765 1458 806 multo

125 828 222 866 ante
258 824 520 879 prospiciens
552 825 768 879 fugiebam
799 839 849 865 ex
880 823 1006 865 Italia
1037 827 1142 879 tum,
1173 838 1268 864 cum
1298 839 1364 864 me
1395 838 1461 864 ve-

125 886 312 924 strorum
343 883 576 924 edictorum
607 884 718 924 fama
749 883 980 937 revocavit,
1017 883 1251 924 incitavisti
1282 897 1380 923 vero
1413 885 1461 923 tu

123 957 207 998 me,
237 942 381 998 Brute,
411 942 567 983 Veliae.
630 942 893 995 Quamquam
925 942 1037 982 enim
1069 941 1263 982 dolebam
1294 941 1339 981 111
1369 955 1461 982 03111

123 1015 189 1042 1110
221 1001 369 1042 urbem
400 1001 472 1055 ire,
507 1016 633 1054 quam
663 1003 711 1041 tu
742 1001 922 1055 fugereS,
954 1000 1024 1054 qui
1058 1015 1150 1041 eam
1180 1000 1461 1053 liberavisses,

71 1076 104 1101 15
125 1059 237 1113 quod
273 1059 380 1100 mihi
418 1074 584 1113 quoque
622 1059 833 1112 quondam
865 1059 1071 1100 acciderat
1102 1059 1287 1113 periculo
1321 1058 1462 1112 simili,

125 1133 224 1159 casu
250 1118 452 1172 tristiore,
478 1118 642 1172 perrexi
669 1120 812 1159 tamen
837 1117 1102 1171 Romamque
1129 1117 1301 1172 perveni
1326 1117 1461 1158 nullo-

126 1191 206 1230 que
237 1177 446 1230 praesidio
480 1177 688 1230 quatefeci
712 1177 948 1217 Antonium
974 1179 1203 1230 contraque
1229 1177 1319 1217 eius
1347 1190 1461 1216 arma

123 1235 302 1276 nefanda
333 1235 559 1289 praesidia,
597 1250 702 1289 quae
736 1235 878 1276 oblata
911 1238 1009 1276 sunt
1041 1234 1246 1288 Caesaris,
1284 1234 1460 1275 consilio

125 1297 167 1335 et
210 1294 462 1335 auctoritate
504 1294 680 1334 firmavi.
743 1293 824 1342 Qui
868 1293 904 1334 si
950 1294 1117 1335 steterit
1154 1294 1235 1334 fide
1273 1293 1462 1347 mihique

72 1370 105 1394 20
124 1353 331 1406 paruerit,
369 1353 472 1393 satis
509 1353 700 1393 videmur
737 1352 926 1393 habituri
964 1352 1179 1406 praesidii,
1223 1352 1290 1392 sin
1321 1354 1462 1392 autem

124 1411 352 1464 impiorum
385 1411 561 1452 consilia
585 1411 681 1465 plus
707 1411 917 1452 valuerint
945 1426 1072 1465 quam
1096 1413 1257 1466 nostra,
1289 1413 1362 1451 aut
1388 1411 1462 1451 im-

125 1469 334 1510 becillitas
366 1470 516 1510 aetatis
547 1484 634 1510 non
664 1471 852 1523 potuerit
884 1471 1138 1523 gravitatem
1169 1484 1311 1510 rerum
1338 1469 1462 1509 susti-

124 1542 235 1583 nere,
266 1542 363 1581 spes
396 1528 531 1568 omnis
564 1530 627 1568 est
658 1529 703 1568 in
733 1531 785 1568 te.
837 1527 971 1576 Quam
1004 1528 1057 1569 ob
1084 1542 1172 1568 rem
1199 1527 1358 1581 advola,
1391 1527 1463 1567 ob-

127 1601 261 1640 secro,
299 1589 425 1639 atque
463 1601 555 1626 eam
593 1600 682 1627 rem
713 1586 944 1640 publicam,
985 1601 1112 1640 quam
1143 1586 1302 1626 virtute
1335 1588 1462 1638 atque

72 1661 106 1686 25
127 1645 256 1685 animi
295 1645 585 1699 magnitudine
616 1645 752 1699 magis
786 1659 912 1698 quam
945 1645 1107 1685 eventis
1139 1659 1281 1685 rerum
1312 1643 1463 1684 libera—

125 1703 245 1758 visti,
287 1703 404 1744 exitu
444 1703 588 1744 libera.
652 1702 797 1744 Omnis
839 1703 1026 1743 omnium
1065 1717 1293 1743 concursus
1333 1702 1385 1743 ad
1421 1704 1463 1742 te

125 1762 294 1802 futurus
327 1764 400 1803 est.
450 1761 635 1802 Hortare
667 1762 776 1802 idem
808 1776 882 1815 per
907 1762 1072 1802 litteras
1100 1759 1304 1802 Cassium.
1357 1759 1460 1814 Spes

125 1819 339 1861 libertatis
379 1835 589 1873 nusquam
618 1821 702 1861 nisi
734 1821 778 1860 in
809 1823 1048 1860 vestrorum
1081 1822 1319 1860 castrorum
1350 1819 1462 1872 prin-

128 1878 249 1931 cipiis
291 1882 366 1920 est.
427 1878 594 1920 Firmos
636 1879 806 1919 omnino
845 1881 886 1919 et
920 1879 1043 1919 duces
1075 1878 1280 1918 habemus
1314 1877 1365 1918 ab
1400 1891 1463 1918 oc-

75 1954 109 1978 30
130 1937 291 1977 cidente
347 1940 388 1978 013
444 1938 663 1979 exercitus.
737 1937 830 1978 Hoc
880 1937 1158 1977 adulescentis
1207 1936 1464 1990 praesidium

129 1995 321 2048 equidem
348 1995 483 2036 adhuc
507 1996 676 2037 firmum
702 2010 792 2036 esse
824 1996 1000 2051 confido,
1021 1995 1092 2036 sed
1117 1995 1177 2035 ita
1202 1994 1328 2035 multi
1353 1994 1464 2035 labe-

128 2053 301 2107 factant,
332 2057 393 2107 ut,
423 2069 475 2094 ne
506 2058 739 2107 moveatur,
771 2055 984 2095 interdum
1016 2053 1298 2095 extimescam.

216 2111 360 2153 Habes
390 2114 531 2153 totum
561 2113 622 2153 rei
653 2113 848 2166 publicae
874 2115 1045 2167 statum,
1079 2112 1151 2165 qui
1178 2111 1348 2165 quidem
1373 2114 1465 2151 tum

130 2172 231 2223 erat,
262 2184 356 2210 cum
386 2169 463 2211 has
494 2171 661 2212 litteras
694 2171 856 2212 dabam.
900 2170 1042 2211 Velim
1069 2170 1263 2223 deinceps
1289 2169 1466 2210 meliora

76 2244 109 2269 35
131 2228 227 2268 sint.
291 2227 367 2269 Sin
407 2229 530 2269 aliter
570 2230 716 2283 fuerit,
758 2229 870 2283 quod
903 2229 945 2269 di
984 2243 1107 2269 omen
1144 2229 1354 2269 avertant!
1404 2228 1466 2268 rei

129 2286 323 2339 publicae
354 2286 487 2327 vicem
519 2287 687 2340 dolebo,
729 2302 835 2341 quae
866 2287 1119 2328 immortalis
1153 2301 1243 2328 esse
1275 2286 1467 2327 debebat.

128 2344 237 2385 Mihi
270 2344 438 2398 quidem
472 2345 723 2399 quantulum
754 2345 908 2399 reliqui
941 2345 1034 2386 est‘?
