1665 2553
190 125 274 166 342
655 123 703 157 M,
731 123 872 157 TULLI
898 122 1146 157 CICERONIS

189 221 282 274 ipsa
313 219 590 272 Alexandrea,
622 219 667 259 in
691 219 809 274 urbe,
840 219 885 259 in
909 217 1044 259 Italia.
1095 217 1190 272 Ego
1217 232 1328 272 vero,
1361 218 1529 259 etiamsi

188 279 402 319 rediturus
446 278 518 318 ille
562 280 644 331 est,
688 277 760 330 qui
804 276 939 317 adhuc
984 276 1144 317 bellum
1182 290 1325 331 gerere
1363 277 1529 332 dicitur,

189 340 331 378 tamen
364 340 462 377 ante
493 336 676 376 reditum
703 336 792 376 eius
823 335 1044 390 negotium
1069 335 1307 376 confectum
1332 335 1386 376 iri
1411 338 1527 389 puto.

279 395 401 444 Quod
445 398 586 435 autem
630 394 780 435 scribis
827 395 1038 447 quandam
1073 394 1282 434 laetitiam
1319 394 1529 435 bonorum

191 469 281 495 esse
313 456 581 505 commotam,
611 456 659 493 ut
693 453 748 493 sit
781 453 972 493 auditum
1004 453 1054 493 de
1085 453 1253 506 litteris,
1285 455 1333 493 tu
1359 452 1527 506 quidem

189 513 298 554 nihil
338 512 660 566 praetermittis,
699 512 744 551 in
782 525 864 564 quo
906 514 1027 565 putes
1061 511 1220 565 aliquid
1253 511 1399 552 solacii
1430 525 1529 565 esse,

192 572 264 612 sed
297 585 372 625 ego
405 586 492 612 11011
517 571 700 611 adducor
726 584 981 623 quemquam
1006 570 1165 610 bonum
1191 569 1322 610 ullam
1349 570 1529 610 salutem

190 633 340 684 putare
380 630 486 670 mihi
523 628 632 670 tanti
669 629 815 683 fuisse,
854 632 901 669 ut
934 644 1025 669 eam
1056 631 1242 682 peterem
1273 629 1325 669 ab
1357 629 1451 684 illo,
1489 630 1529 669 et

192 703 239 729 eo
272 689 423 742 minus,
462 688 575 742 quod
605 687 731 728 huius
764 687 931 728 consilii
962 688 1046 728 iam
1077 702 1131 728 ne
1164 687 1325 728 socium
1358 687 1527 741 quidem

189 747 326 788 habeo
365 761 628 800 quemquam.
692 745 772 794 Qui
809 746 854 786 in
890 746 993 786 Asia
1035 748 1152 801 sunt,
1193 760 1336 786 rerum
1369 746 1528 786 exit-um

192 808 454 859 exspectant,
504 805 678 846 Achaici
723 805 850 845 etiam
893 803 1013 845 Fufio
1059 819 1175 858 spem
1221 804 1528 858 deprecationis

191 865 382 905 afferunt.
444 863 611 905 Horum
650 866 690 904 et
722 864 851 904 timor
882 863 991 904 idem
1022 863 1105 903 fuit
1135 863 1274 917 primo
1309 863 1382 917 qui
1412 876 1530 903 meus

191 927 232 963 et
264 923 562 976 constitutum,
594 936 712 963 mora
737 922 1023 962 Alexandrina
1050 936 1218 962 causam
1243 921 1416 963 illorum
1442 914 1530 962 cor-

191 982 318 1035 rexit,
355 996 493 1022 meam
535 981 695 1021 evertit.
759 980 892 1029 Quam
925 981 977 1021 ob
1017 995 1105 1021 rem
1142 980 1253 1021 idem
1291 995 1314 1021 a
1345 983 1387 1021 te
1417 994 1529 1020 nunc

190 1044 288 1094 peto
323 1041 437 1094 quod
468 1039 757 1093 superioribus
789 1039 958 1094 litteris,
990 1042 1050 1094 ut,
1082 1039 1119 1080 si
1151 1039 1253 1093 quid
1283 1039 1329 1079 in
1353 1038 1529 1092 perditis

189 1099 315 1139 rebus
360 1099 601 1152 dispicereS,
646 1098 760 1151 quod
801 1098 909 1138 mihi
951 1101 1122 1151 putares
1166 1097 1420 1152 faciendum,
1463 1111 1530 1137 me

189 1172 392 1198 moneres.
456 1156 500 1197 Si
544 1157 725 1209 recipior
769 1156 820 1196 ab
861 1156 947 1209 his,
992 1156 1103 1209 quod
1147 1156 1262 1196 vides
1299 1170 1386 1197 non
1426 1155 1530 1209 fieri,

190 1219 350 1269 tamen,
395 1215 532 1268 quoad
574 1215 732 1255 bellum
772 1214 867 1268 erit,
913 1215 1013 1268 quid
1054 1229 1177 1269 agam
1215 1217 1287 1254 aut
1325 1214 1401 1254 ubi
1437 1214 1529 1267 sim,

188 1288 275 1315 non
307 1274 486 1327 reperi03
533 1273 598 1313 sin
630 1273 780 1325 iactor,
820 1287 866 1312 eo
899 1273 1049 1313 minus.
1111 1272 1260 1326 Itaque
1291 1275 1386 1313 tuas
1418 1271 1530 1312 litte-

189 1347 258 1372 ras
295 1335 508 1386 exspecto,
551 1346 702 1385 easque
737 1334 784 1371 ut
821 1331 871 1371 ad
905 1346 970 1371 me
1007 1331 1095 1371 sine
1131 1331 1395 1372 dubitatione
1431 1330 1529 1371 sori-

190 1391 280 1445 bas,
311 1404 427 1445 rogo.

281 1448 402 1498 Quod
440 1449 605 1503 suades,
649 1452 696 1489 ut
735 1448 787 1488 ad
819 1447 1024 1496 Quintum
1062 1448 1242 1488 scribam
1284 1447 1334 1488 de
1364 1447 1431 1487 his
1462 1447 1530 1488 lit-

190 1508 305 1561 teris,
324 1508 516 1562 facerem,
537 1508 573 1548 si
598 1522 664 1547 me
691 1507 916 1560 quicquam
942 1507 1048 1547 istae
1074 1506 1241 1547 litterae
1262 1506 1528 1547 delectarent.

189 1566 288 1607 Etsi
325 1566 496 1620 quidam
535 1566 704 1619 scripsit
744 1566 793 1606 ad
825 1580 891 1606 me
921 1565 988 1605 his
1020 1565 1177 1606 verbis:
1224 1564 1351 1619 <Ego
1388 1567 1442 1605 ut
1478 1564 1530 1605 in

190 1624 269 1665 his
313 1624 459 1665 malis
503 1624 672 1665 Patris
720 1639 824 1665 sum
866 1638 965 1664 non
1007 1624 1223 1677 invitus3
1269 1637 1429 1663 essem
1469 1623 1529 1663 li-

190 1683 415 1737 bentius,
466 1684 507 1724 si
555 1684 714 1724 frater
757 1686 876 1723 tuus
922 1696 974 1723 ea
1020 1682 1074 1723 de
1117 1685 1166 1722 te
1208 1682 1529 1736 loqueretur,

191 1756 314 1795 quae
359 1756 451 1797 ego
497 1742 675 1782 audire
719 1741 925 1782 vellem.9
989 1740 1110 1789 Quod
1147 1741 1207 1781 ais
1244 1740 1366 1780 illum
1404 1739 1455 1780 ad
1485 1742 1528 1780 te

191 1800 373 1841 scribere
398 1815 465 1841 me
492 1800 574 1841 sibi
599 1800 738 1840 nullas
764 1800 928 1840 litteras
954 1800 1182 1854 remittere,
1203 1799 1331 1840 semel
1356 1798 1407 1839 ab
1434 1799 1527 1852 ipso

190 1859 339 1912 accepi.
402 1858 469 1899 Ad
507 1873 576 1900 eas
616 1857 865 1912 Cephalioni
905 1858 1016 1912 dedi,
1055 1858 1128 1911 qui
1165 1858 1324 1898 multos
1363 1871 1528 1898 menses

189 1917 512 1970 tempestatibus
561 1920 750 1958 retentus
797 1920 870 1957 est.
942 1916 1146 1965 Quintum
1189 1916 1324 1956 filium
1367 1915 1419 1956 ad
1461 1930 1528 1957 me

190 1976 459 2016 acerbissime
492 1975 709 2029 scripsisse
741 1975 824 2016 iam
857 1978 952 2016 ante
985 1975 1037 2015 ad
1069 1978 1110 2016 te
1143 1974 1301 2028 scripsi.

278 2034 530 2075 Extremum
567 2037 647 2088 est,
693 2033 807 2088 quod
849 2036 891 2074 te
939 2048 1071 2087 orem,
1115 2034 1151 2074 si
1196 2036 1322 2086 putas
1364 2035 1527 2074 rectum

190 2106 280 2132 esse
312 2095 353 2133 et
386 2108 408 2133 a
440 2095 480 2133 te
514 2093 671 2146 suscipi
703 2106 850 2147 posse,
891 2106 986 2132 cum
1018 2091 1196 2132 Camillo
1230 2091 1526 2146 eommunices,

188 2153 236 2189 ut
268 2150 508 2192 Terentiam
550 2151 757 2192 moneatis
790 2151 838 2191 de
870 2153 1137 2191 testamento.
1200 2149 1408 2203 Tempora
1440 2164 1525 2190 mo-

1549 763 1582 787 10

1550 1055 1584 1081 15

1549 1348 1583 1373 20

1548 1639 1582 1666 25

188 2211 300 2259 nent,
320 2212 368 2249 ut
393 2209 543 2263 videat,
564 2212 611 2250 ut
638 2209 741 2250 satis
768 2209 906 2263 faciat,
927 2209 1081 2263 quibus
1109 2208 1269 2249 debeat.
1313 2207 1523 2248 Auditum
1544 2223 1578 2250 35

190 2279 240 2305 ex
266 2266 497 2308 Philotimo
525 2271 588 2308 est
615 2282 706 2308 eam
733 2268 933 2308 scelerate
960 2267 1164 2321 quaedam
1188 2267 1334 2308 facere.
1388 2265 1526 2307 Credi-

189 2323 273 2364 bile
304 2325 375 2364 vix
407 2328 487 2380 est,
527 2326 598 2366 sed
631 2328 758 2381 certe,
799 2326 835 2367 si
868 2326 968 2380 quid
1001 2329 1076 2381 est,
1109 2325 1222 2380 quod
1252 2324 1344 2365 fieri
1376 2324 1526 2379 possit,
