1665 2553
306 90 645 126 EPISTULARUM
670 90 734 124 AD
760 89 974 124 ATTICUM
999 90 1032 124 Π
1060 94 1208 125 13—15.
1371 92 1427 132 57

90 190 138 228 ut
179 187 259 228 hoc
297 187 404 241 otio,
450 201 532 240 quo
572 201 682 227 nunc
719 186 992 239 tabescimus,
1035 186 1181 227 malim
1220 185 1428 242 ἐντυραν-

91 251 266 288 νεῖσθαι
298 260 425 300 quam
457 259 552 286 cum
584 245 745 299 optima
777 259 850 298 spe
881 244 1089 285 dimicare.

179 304 242 345 De
266 303 487 359 pangendo
515 304 628 358 quod
652 318 718 344 me
745 303 892 345 crebro
919 303 1169 356 adhortaris,
1201 303 1293 344 fieri
1318 303 1428 344 nihil
1454 315 1476 345 ἱ).

90 365 243 418 potest.
305 362 531 404 Basilicam
560 362 708 416 habeo,
740 376 826 403 non
858 361 1021 416 villam,
1059 362 1298 415 frequentia
1327 361 1427 403 For-

58 438 72 463 5
91 422 329 463 mianorum
360 424 486 475 atque
519 421 829 462 ambulatricem
866 420 1063 461 basilicae
1094 420 1257 461 tribum
1287 419 1428 461 Aemi-

91 481 202 521 liam.
272 479 353 521 Sed
391 480 543 521 omitto
581 479 751 534 vulgus3
788 481 886 533 post
922 479 1068 520 horam
1108 481 1305 533 quartam
1342 493 1429 520 mo-

91 539 190 580 lesti
221 539 347 580 ceteri
378 552 466 579 non
497 541 605 579 sunt.
658 537 701 579 C.
728 538 878 578 Arrius
910 538 1128 591 proximus
1162 540 1226 578 est
1252 538 1429 592 vicinus,

92 598 221 639 immo
252 597 324 638 ille
357 597 525 651 quidem
555 597 640 637 iam
672 596 997 650 contubernalis,
1030 596 1102 650 qui
1134 596 1261 637 etiam
1294 611 1337 637 se
1370 596 1429 637 id-

94 656 202 697 circo
245 655 426 696 Romam
472 656 533 696 ire
580 658 725 709 negat,
775 657 823 695 ut
864 654 935 695 hic
977 669 1141 695 mecum
1184 657 1300 696 totos
1342 655 1429 695 dies

41 731 73 755 10
93 714 429 768 philosophetur.
502 713 610 754 Ecce
660 728 709 754 ex
759 713 891 754 altera
942 716 1060 766 parte
1105 711 1309 767 Sebosus,
1357 713 1430 753 ille

95 771 235 814 Catuli
266 772 500 814 familiaris,
550 771 640 820 Quo
672 786 738 812 me
768 771 959 812 vertam?
1011 770 1166 812 Statim
1193 771 1432 812 mehercule

94 831 304 885 Arpinum
340 832 460 884 irem,
498 830 543 871 ni
580 833 623 871 te
658 830 704 871 in
733 829 960 871 Formiano
993 830 1332 871 commodissime
1365 844 1430 871 ex-

96 890 276 944 spectari
306 890 491 930 viderem
523 889 742 929 dumtaxat
775 888 826 929 ad
856 903 916 942 pr.
949 886 1096 929 Nonas
1128 888 1279 942 Maias3
1314 889 1431 929 vides

96 950 224 1003 enim,
262 948 416 1002 quibus
452 948 697 988 hominibus
736 962 856 988 aures
892 947 978 987 sint
1010 947 1173 987 deditae
1204 961 1330 987 meae.
1399 946 1433 988 O

44 1023 74 1048 15
96 1008 357 1048 occasionem
394 1006 633 1061 mirificam,
670 1006 706 1046 si
744 1006 817 1059 qui
852 1019 980 1059 nunc,
1019 1005 1118 1046 dum
1147 1005 1193 1046 hi
1226 1005 1337 1059 apud
1366 1019 1433 1045 me
1485 1007 1492 1009 “

97 1068 208 1119 sunt,
233 1079 368 1106 emere
395 1065 443 1106 de
468 1079 535 1105 me
557 1064 735 1105 fundum
753 1063 1027 1105 Formianum
1046 1064 1165 1104 velit!
1206 1064 1265 1104 Et
1290 1067 1433 1104 tamen

95 1124 201 1165 illud
237 1124 429 1177 probem:
468 1123 687 1177 ‘Magnum
725 1123 826 1176 quid
863 1122 1157 1178 aggrediamur
1195 1125 1236 1162 et
1273 1122 1432 1163 multae

96 1182 368 1237 cogitationis
396 1185 522 1235 atque
549 1182 676 1222 otii’?
728 1181 809 1223 Sed
834 1183 976 1222 tamen
1001 1181 1105 1222 satis
1138 1181 1211 1221 fiet
1243 1195 1267 1221 a
1298 1181 1436 1235 nobis,

95 1255 232 1295 neque
262 1243 457 1294 parcetur
489 1240 636 1281 labori.

46 1375 78 1399 20
722 1355 814 1398 XV.

166 1437 239 1471 Ser.
266 1438 305 1470 in
332 1436 532 1471 Formiano
558 1437 650 1471 inter
678 1436 744 1469 XI
764 1440 795 1471 et
819 1437 893 1470 ΙΙΙ
913 1437 960 1470 K.
990 1436 1084 1470 Mai.
1113 1447 1145 1470 a.
1174 1438 1245 1470 695
1272 1438 1362 1478 (59).

519 1517 686 1551 CICERO
713 1517 885 1552 ATTICO
914 1517 1010 1553 SAL.

186 1589 246 1631 Ut
291 1589 457 1644 scribis,
506 1589 566 1629 ita
616 1589 735 1629 video
778 1603 866 1630 non
908 1589 1049 1629 minus
1093 1588 1254 1629 incerta
1303 1588 1348 1628 in
1390 1603 1434 1629 re
1462 1600 1482 1630 1

99 1648 268 1703 publica
300 1662 427 1702 quam
457 1647 502 1687 in
533 1648 715 1701 epistula
747 1650 833 1701 tua,
865 1647 936 1687 sed
968 1650 1111 1687 tamen
1140 1647 1223 1687 ista
1250 1647 1343 1699 ipsa
1368 1661 1435 1687 me

48 1724 80 1749 25
100 1708 282 1748 varietas
333 1720 574 1746 sermonum
624 1706 956 1759 opinionumque
1006 1705 1194 1745 delectat.
1274 1704 1435 1745 Romae

102 1766 212 1806 enim
242 1765 388 1806 videor
421 1778 521 1818 esse,
553 1779 648 1805 cum
679 1767 775 1804 tuas
807 1764 972 1804 litteras
1006 1763 1116 1817 lego,
1148 1765 1201 1816 et,
1231 1765 1279 1803 ut
1310 1763 1360 1802 fit
1390 1762 1436 1802 in

100 1824 231 1865 tantis
280 1823 424 1878 rebus,
472 1822 595 1863 modo
639 1822 738 1876 hoc,
785 1821 910 1862 modo
955 1821 1060 1861 illud
1104 1821 1257 1861 audire.
1324 1820 1436 1861 Illud

102 1885 243 1922 tamen
273 1882 480 1935 explicare
510 1895 597 1921 non
628 1895 813 1935 possum,
848 1879 1047 1933 quidnam
1080 1879 1267 1919 invenire
1298 1879 1435 1932 possit

102 1940 219 1981 nullo
249 1942 469 1981 recusante
501 1939 552 1979 ad
582 1939 827 1979 facultatem
854 1938 1073 1992 agrariam.
1124 1937 1268 1977 Bibuli
1294 1939 1431 1977 autem
1461 1949 1482 1979 2

51 2016 84 2040 30
103 1999 186 2039 ista
228 1998 474 2052 magnitudo
520 1997 650 2038 animi
692 1997 737 2037 in
780 1996 1050 2038 comitiorum
1088 1995 1291 2035 dilatione
1335 1995 1436 2049 quid

103 2056 231 2097 habet
274 2056 356 2097 nisi
398 2057 533 2109 ipsius
574 2056 775 2096 iudicium
821 2055 910 2095 sine
954 2054 1040 2095 ulla
1081 2053 1338 2094 correctione
1375 2054 1436 2094 rei

103 2113 323 2168 publicae?
389 2113 604 2155 Nimirum
648 2115 691 2154 in
728 2113 879 2154 Publio
925 2127 1019 2166 spes
1065 2115 1138 2152 est.
1206 2111 1320 2165 Fiat,
1362 2112 1436 2153 fiat

105 2172 303 2213 tribunus
334 2172 408 2226 pL,
447 2172 483 2213 si
513 2172 623 2213 nihil
655 2172 786 2226 aliud,
824 2175 872 2212 ut
903 2186 951 2211 eo
984 2170 1109 2211 citius
1139 2172 1188 2210 tu
1220 2184 1269 2210 ex
1301 2170 1435 2224 Epiro

104 2233 329 2284 revertare3
372 2244 488 2286 nam,
531 2234 578 2271 ut
622 2231 695 2271 illo
739 2233 787 2271 tu
831 2244 989 2282 careas,
1031 2243 1119 2269 non
1154 2228 1275 2269 video
1312 2243 1437 2283 posse

53 2306 85 2331 35
105 2289 208 2344 fieri,
233 2289 480 2343 praesertim
506 2289 542 2330 si
567 2303 730 2330 mecum
758 2288 917 2341 aliquid
942 2287 1057 2328 volet
1081 2287 1306 2340 disputare.
1358 2287 1438 2329 Sed
