1665 2553
343 95 683 132 EPISTULARUM
709 95 773 129 AD
800 93 1002 128 BRUTUM
1027 93 1043 126 I
1071 98 1124 136 15,
1153 97 1206 127 16.
1367 91 1452 132 543

723 248 836 291 XVI.

438 331 512 367 Ser.
532 331 684 365 Athenis
709 341 753 364 m.
774 329 859 364 Dec.
883 341 915 363 a.
939 331 1010 363 710
1037 329 1125 371 (44).

489 411 678 446 BRUTUS
704 410 928 446 CICERONI
979 409 1075 444 SAL.

203 486 460 528 Particulam
490 484 776 525 litterularum
807 485 988 535 tuarum,
1022 496 1125 535 quas
1151 481 1308 522 misisti
1333 479 1454 521 Octa-
1481 490 1498 520 1

80 564 95 589 5
115 546 197 601 vm,
228 545 312 600 legi
343 545 518 585 missam
550 543 601 584 ab
627 542 774 583 Attico
799 541 915 582 mihi.
968 540 1166 582 Studium
1190 543 1313 580 tuum
1339 554 1454 580 cura-

116 619 196 658 que
234 604 283 644 de
321 603 456 644 salute
495 616 588 643 mea
623 601 741 642 nulla
778 616 844 641 me
881 615 992 640 nova
1031 599 1250 652 voluptate
1289 598 1452 639 adfecit.

115 662 214 704 Non
256 662 392 703 solum
425 661 535 702 enim
568 661 802 712 usitatum,·
832 659 903 700 sed
935 659 1064 700 etiam
1095 657 1356 698 cotidianum
1389 659 1453 698 est

116 721 277 775 aliquid
313 720 457 761 audire
494 720 543 760 de
584 722 644 774 te7
684 718 796 772 quod
828 732 904 772 pro
936 720 1083 758 nostra
1115 716 1322 771 dignitate
1354 716 1452 756 fide-

39 833 42 837 ?
114 780 212 821 liter
249 782 375 833 atque
411 778 642 819 honorifice
680 777 833 818 dixeris
873 779 946 817 aut
983 775 1141 816 feceris.
1204 774 1263 816 At
1296 775 1452 828 dolore,

62 857 96 882 10
116 841 323 893 quantum
359 838 589 878 maximum
621 851 767 890 capere
800 836 940 876 animo
973 849 1166 889 possum,
1203 834 1347 874 eadem
1379 833 1453 873 issa

114 912 212 951 pars
251 896 456 950 epistulae
495 896 651 949 scripta
688 895 739 935 ad
778 893 999 935 Octavium
1038 893 1087 934 de
1123 893 1248 933 nobis
1289 892 1450 933 adfecit.

116 956 185 998 Sic
222 956 333 997 enim
370 955 434 995 1111
474 954 633 1009 gratias
666 954 756 1007 agis
789 953 838 994 de
870 967 913 993 re
946 952 1131 1006 publica,
1173 954 1262 992 tam
1295 951 1452 1004 suppli-

115 1015 220 1056 citer
257 1029 303 1055 ac
340 1013 516 1054 demisse
552 1038 611 1042 -
643 1012 744 1066 quid
776 1011 985 1052 scribam?
1029 1010 1159 1065 pudet
1191 1009 1451 1051 condicionis
1519 1036 1527 1039 -

117 1088 162 1114 ac
203 1073 416 1126 fortunae,
461 1072 532 1112 sed
574 1074 717 1112 tamen
753 1070 1020 1111 scribendum
1060 1072 1140 1110 est:
1186 1068 1453 1109 commendas

64 1150 96 1175 15
115 1134 307 1173 nostram
345 1131 525 1171 salutem
560 1130 624 1170 1111
635 1164 646 1184 ,
690 1143 796 1183 quae
834 1131 970 1170 morte
1009 1142 1092 1182 qua
1128 1142 1215 1168 non
1246 1127 1454 1181 pernicio-

115 1190 228 1231 sior?
278 1193 325 1230 ut
357 1204 530 1243 prorsus
562 1203 661 1242 prae
692 1191 734 1229 te
766 1188 875 1228 feras
906 1202 994 1228 non
1025 1186 1237 1228 sublatam
1263 1185 1454 1226 domina-

115 1250 293 1303 tionem,
332 1248 403 1288 sed
444 1247 662 1288 dominum
701 1249 1008 1287 commutatum
1046 1260 1146 1286 esse.
1208 1244 1350 1285 Verba
1381 1247 1455 1285 tua

115 1321 369 1363 recognosce
406 1309 447 1347 et
485 1306 589 1347 aude
627 1319 781 1360 negare
823 1304 1045 1346 servientis
1079 1304 1278 1345 adversus
1310 1317 1454 1358 regem

115 1367 220 1407 istas
258 1380 348 1407 esse
379 1379 533 1419 preces.
594 1363 739 1405 Unum
771 1364 832 1405 ais
864 1378 965 1418 esse,
999 1362 1112 1417 quod
1143 1363 1195 1403 ab
1229 1377 1277 1403 eo
1309 1365 1454 1415 postu-

64 1443 98 1468 20
115 1425 227 1466 letur
259 1427 301 1465 et
333 1426 610 1478 exspectetur,
639 1426 687 1463 ut
720 1437 790 1463 eos
824 1422 946 1475 cives,
980 1422 1030 1462 de
1057 1421 1211 1475 quibus
1238 1421 1320 1461 viri
1351 1421 1454 1461 boni

116 1483 382 1538 populusque
429 1481 646 1522 Romanus
701 1481 807 1521 bene
863 1481 1094 1534 existimet,
1151 1479 1289 1520 salvos
1339 1479 1453 1520 velit.

118 1541 239 1597 Quid,
282 1542 318 1582 si
359 1540 496 1581 noh't‘?
545 1554 631 1580 non
674 1539 858 1580 erimus?
908 1539 1042 1592 Atqui
1077 1553 1164 1578 non
1202 1552 1291 1579 esse
1328 1552 1455 1591 quam

119 1615 209 1641 esse
246 1614 320 1654 per
358 1599 480 1640 illum
516 1600 714 1652 praestat.
775 1597 869 1651 Ego
909 1597 1070 1638 medius
1111 1597 1236 1637 fidius
1267 1610 1355 1636 non
1388 1610 1454 1637 ex·
1480 1605 1500 1634 2

117 1659 261 1700 istimo
299 1661 387 1699 tam
426 1671 570 1698 omnes
609 1657 708 1697 deos
750 1670 918 1696 aversos
961 1670 1051 1696 esse
1084 1670 1107 1695 a
1139 1655 1275 1696 salute
1306 1654 1453 1708 populi

65 1735 98 1760 25
117 1717 312 1771 Romani,
342 1719 389 1757 ut
415 1715 615 1757 Octavius
645 1714 825 1756 orandus
857 1714 912 1755 sit
938 1728 1015 1767 pro
1042 1713 1177 1754 salute
1203 1713 1453 1766 cuiusquam

119 1776 240 1829 civis,
287 1789 375 1816 non
424 1775 558 1815 dicam
601 1789 677 1827 pro
721 1773 1022 1814 liberatoribus
1068 1772 1182 1812 orbis
1225 1774 1453 1825 terrarum3

118 1835 236 1875 iuvat
277 1834 388 1874 enim
430 1833 651 1887 magnifice
691 1832 827 1886 loqui,
871 1834 913 1872 et
951 1834 1061 1872 certe
1099 1830 1216 1871 decet
1254 1830 1453 1871 adversus

119 1893 383 1947 ignorantes,
421 1892 522 1945 quid
553 1906 630 1945 pro
663 1905 830 1944 quoque
861 1889 1095 1930 timendum
1127 1891 1200 1929 aut
1231 1903 1254 1929 a
1286 1902 1454 1942 quoque

120 1951 346 2004 petendum
377 1951 443 1991 sit.
493 1949 586 1991 Hoc
616 1953 676 2002 tu,
711 1948 867 2003 Cicero,
897 1963 1021 2002 posse
1052 1947 1197 1989 fateris
1230 1946 1453 1987 Octavium

68 2027 102 2051 30
121 2012 163 2049 et
201 2009 264 2049 ilh'
304 2009 461 2049 amicus
500 2009 572 2049 es'?
617 2011 707 2060 aut,
745 2008 781 2048 si
812 2021 878 2048 me
911 2021 1053 2047 carum
1084 2006 1234 2059 habes,
1274 2006 1338 2046 vis
1372 2004 1454 2046 Ro-

120 2081 212 2107 mae
243 2067 400 2119 videre,
438 2081 549 2120 cum,
588 2069 636 2107 ut
666 2066 727 2107 ibi
759 2080 849 2106 esse
881 2080 1061 2119 possem,
1092 2063 1449 2105 commendandus

120 2139 250 2179 puero
282 2125 347 2165 1111
376 2125 559 2165 fuerim?
610 2124 689 2166 Cui
721 2124 822 2178 quid
854 2124 944 2178 agis
978 2123 1154 2178 gratias,
1196 2123 1229 2162 si
1239 2156 1249 2175 7
1291 2125 1338 2162 ut
1369 2136 1450 2163 nos

122 2183 261 2224 salvos
306 2197 394 2223 esse
436 2183 538 2223 velit
582 2186 624 2223 et
663 2183 864 2237 patiatur,
906 2182 1141 2236 rogandum
1179 2180 1332 2234 putas?
1382 2179 1452 2221 An

119 2241 200 2282 hoc
230 2256 306 2295 pro
338 2241 538 2281 beneficio
569 2241 809 2281 habendum
842 2243 916 2294 est,
950 2240 1063 2293 quod
1094 2254 1136 2280 se
1168 2254 1294 2293 quam
1319 2237 1452 2279 Anto-

68 2318 101 2343 35
120 2300 239 2341 nium
271 2313 361 2340 esse
391 2299 604 2353 maluerit,
643 2314 666 2339 a
697 2313 780 2353 quo
812 2298 895 2339 ista
925 2298 1104 2352 petenda
1135 2297 1302 2339 essent?
1351 2296 1455 2338 Vin-
