1665 2553
271 72 613 108 EPISTULARUM
638 72 704 106 AD
730 72 945 108 ATTICUM
971 72 1057 107 VIII
1086 75 1224 106 14-15
1237 72 1278 107 A.
1365 71 1449 113 251

108 169 322 225 congressi
357 171 512 224 essent,
549 168 798 222 Pompeium
834 168 885 209 ad
912 167 1045 208 ullam
1072 167 1362 209 condicionem
1389 181 1453 208 ac-

108 243 325 270 cessurum
367 228 582 282 putabam.
653 227 774 276 Quod
816 227 972 268 videris
1020 240 1109 267 non
1151 226 1366 280 dubitare,
1416 226 1452 267 si

108 287 301 329 consules
340 289 575 341 transeant,
627 286 729 340 quid
771 300 850 326 nos
894 286 1030 326 facere
1075 288 1291 340 oporteat,
1340 287 1452 326 certe

107 348 330 387 transeunt
360 345 446 401 vel,
486 360 568 399 quo
607 345 732 386 modo
764 358 876 385 nunc
914 347 997 399 est,
1034 344 1306 385 transierunt.
1370 342 1452 384 Sed

72 421 89 447 5
108 408 320 446 memento
352 406 521 458 praeter
552 403 740 457 Appium
771 403 982 444 neminem
1008 417 1098 444 esse
1129 403 1228 457 fere,
1261 403 1334 456 qui
1363 416 1453 443 non

109 464 174 505 ius
214 463 370 504 habeat
410 463 668 504 transeundi.
730 461 843 503 Nam
883 464 956 502 aut
997 475 1092 502 cum
1131 462 1310 516 imperio
1352 463 1452 502 sunt

108 526 156 563 ut
188 522 432 576 Pompeius,
471 524 519 562 ut
553 521 712 575 Scipio,
750 520 947 575 Sufenas,
983 519 1190 574 Fannius,
1221 519 1452 574 Voconius,

110 581 291 634 Sestius,
332 581 415 634 ipsi
455 580 668 634 consules,
708 579 862 633 quibus
893 594 1010 620 more
1046 579 1255 620 maiorum
1287 593 1452 620 conces-

110 655 204 681 sum
242 642 305 680 est
336 639 403 680 vel
441 653 586 680 omnes
624 638 738 679 adire
775 638 1031 692 provincias,
1072 641 1146 678 aut
1183 638 1315 692 legati
1352 640 1453 678 sunt

0 708 4 714 '
56 715 89 740 10
110 713 265 739 eorum.
329 696 410 739 Sed
439 697 550 738 nihil
581 697 774 751 decern03
813 697 913 750 quid
945 697 1108 750 placeat
1140 696 1241 752 tibi,
1278 699 1319 737 et
1352 696 1454 750 quid

109 772 243 811 prope
274 757 449 798 modum
480 758 643 797 rectum
675 756 742 809 sit,
774 755 988 809 intellego.

197 816 325 856 Plura
366 815 611 870 scriberem,
657 815 693 855 si
733 814 824 868 ipse
865 829 1042 868 possem.
1112 813 1211 869 Sed,
1258 815 1307 854 ut
1347 813 1453 854 mihi

108 875 264 929 videor,
296 876 445 928 potero
478 873 619 914 biduo.
681 873 805 914 Balbi
838 871 1008 914 Corneli
1044 872 1287 913 litterarum
1318 886 1455 913 exem-

109 933 247 988 plum,
287 947 392 987 quas
423 932 571 973 eodem
602 932 668 973 die
710 932 849 985 accepi
891 946 974 985 quo
1016 934 1130 985 tuas,
1169 931 1267 972 misi
1307 930 1359 971 ad
1398 933 1454 984 te,

57 1009 89 1034 15
110 995 158 1033 ut
183 1006 321 1033 meam
351 991 484 1032 vicem
516 990 690 1045 doleres,
723 1005 818 1031 cum
848 1005 915 1031 me
947 990 1127 1031 derideri
1152 990 1326 1031 videres.

756 1106 807 1148 A.

375 1188 451 1224 Ser.
478 1188 615 1223 Romae
640 1199 693 1223 ew.
720 1199 764 1222 m.
792 1187 899 1222 Febr.
928 1199 961 1221 a.
990 1190 1062 1222 705
1089 1189 1180 1231 (49).

439 1270 624 1305 BALBUS
652 1268 877 1304 CICERONI
901 1268 998 1303 IMP.
1027 1268 1124 1303 SAL.

201 1341 384 1384 Obsecro
417 1344 477 1396 te,
509 1340 673 1394 Cicero,
706 1341 871 1395 suscipe
903 1355 1047 1382 curam
1078 1342 1120 1381 et
1151 1339 1455 1394 cogitationem

60 1419 94 1444 20
115 1401 409 1455 dignissimam
439 1403 537 1441 tuae
569 1400 761 1454 virtutis,
799 1403 847 1440 ut
879 1397 1102 1440 Caesarem
1134 1401 1175 1439 et
1206 1398 1455 1453 Pompeium

112 1460 289 1514 perfidia
319 1459 541 1499 hominum
574 1458 800 1499 distractos
832 1472 979 1498 rursus
1017 1458 1062 1498 in
1101 1458 1327 1511 pristinam
1360 1471 1456 1498 con-

113 1518 300 1559 cordiam
340 1517 523 1558 reducas.
596 1515 727 1558 Crede
769 1516 876 1557 mihi
921 1515 1142 1557 Caesarem
1184 1530 1272 1556 non
1316 1516 1455 1557 solum

112 1577 204 1618 fore
237 1577 282 1617 in
312 1578 386 1616 tua
417 1578 643 1630 potestate,
675 1575 747 1616 sed
778 1576 906 1616 etiam
938 1575 1170 1615 maximum
1201 1574 1455 1615 beneficium

113 1638 156 1676 te
189 1635 272 1676 sibi
304 1634 466 1675 dedisse
497 1633 799 1688 iudicaturum,
841 1634 877 1674 si
916 1632 997 1673 hoc
1036 1635 1077 1674 te
1118 1633 1252 1673 reicis,
1313 1632 1457 1673 Velim

61 1711 94 1737 25
115 1694 226 1735 idem
256 1693 484 1746 Pompeius
515 1692 654 1733 faciat.
705 1691 787 1740 Qui
818 1694 866 1732 ut
899 1691 1045 1732 adduci
1078 1691 1155 1731 tali
1187 1694 1378 1744 tempore
1404 1690 1456 1731 ad

115 1752 246 1793 ullam
287 1751 577 1792 condicionem
616 1750 772 1804 possit,
818 1750 954 1804 magis
1003 1752 1104 1802 opto
1150 1764 1277 1802 quam
1320 1763 1456 1802 spero.

117 1809 216 1866 Sed,
253 1825 348 1851 cum
380 1809 620 1850 constiterit
658 1811 699 1849 et
730 1809 879 1848 timere
911 1807 1100 1861 desierit,
1130 1810 1224 1847 tum
1255 1807 1457 1861 incipiam

115 1883 202 1909 non
233 1868 451 1922 desperare
484 1871 603 1908 tuam
628 1867 928 1908 auctoritatem
960 1865 1192 1919 plurimum
1219 1865 1330 1919 apud
1362 1880 1459 1906 eum

116 1927 353 1968 valituram.

64 2002 99 2027 30
207 1984 327 2033 Quod
351 1984 580 2026 Lentulum
611 1983 823 2025 consulem
858 1997 1000 2024 meum
1025 1982 1201 2023 voluisti
1226 1982 1295 2023 hic
1326 1997 1458 2023 rema-

118 2058 235 2096 nere,
275 2042 443 2084 Caesari
475 2045 664 2097 gratum,
700 2042 806 2082 mihi
838 2056 937 2082 vero
970 2041 1262 2095 gratissimum
1293 2041 1457 2082 medius

118 2101 244 2142 fidius
275 2101 426 2142 fecisti.
488 2100 600 2141 Nam
638 2101 759 2141 illum
796 2100 905 2141 tanti
943 2099 1074 2153 facio,
1113 2102 1162 2139 ut
1193 2113 1281 2140 non
1311 2098 1461 2140 Caesa-

118 2175 207 2200 rem
237 2160 373 2214 magis
412 2159 597 2214 diligam.
661 2158 741 2207 Qui
779 2159 815 2199 si
853 2172 1003 2212 passus
1043 2160 1154 2198 esset
1191 2172 1269 2198 nos
1308 2172 1460 2212 secum,

119 2221 167 2259 ut
200 2232 568 2271 consueveramus,
608 2217 728 2270 loqui
769 2219 809 2257 et
849 2231 937 2257 non
976 2230 1019 2256 se
1061 2218 1202 2256 totum
1239 2216 1368 2256 etiam
1406 2216 1459 2257 ab

66 2293 99 2318 35
121 2290 312 2318 sermone
351 2278 500 2317 nostro
542 2276 783 2330 avertisset,
822 2275 963 2315 minus
1000 2275 1146 2330 miser,
1188 2289 1315 2328 quam
1355 2289 1463 2329 sum,
