1665 2553
198 106 285 147 534
626 106 673 141 Μ.
701 105 842 140 TULLI
866 105 1114 141 CICERONJS

833 259 903 301 XI.

467 341 540 375 Ser.
562 342 602 374 in
627 341 754 375 castris
779 351 831 375 ατ.
854 352 897 375 m.
918 341 1003 375 Iun.
1026 353 1058 376 α.
1082 344 1150 376 711
1179 344 1268 385 (43).

587 422 774 457 BRUTUS
801 421 1024 457 CICERONI
1050 422 1147 457 SAL.

286 493 455 535 Veteris
493 494 659 535 Antisti
690 494 788 535 talis
821 495 986 535 animus
1020 498 1084 536 est
1116 495 1160 535 in
1191 510 1280 536 rem
1311 495 1538 551 publicam,

198 557 245 594 ut
276 568 363 593 non
395 553 597 608 dubitem,
629 553 732 607 quin
764 556 805 594 et
837 554 880 594 in
913 552 1090 594 Caesare
1122 557 1163 595 et
1194 555 1240 595 in
1271 553 1460 595 Antonio
1494 568 1537 595 se
1574 571 1590 598 5

198 614 490 666 praestaturus
522 612 651 652 fuerit
684 612 933 653 acerrimum
964 616 1326 667 propugnatorem.
1354 627 1537 654 commu-

198 671 266 711 nis
299 671 529 725 libertatis,
568 671 604 711 si
637 671 847 712 occasioni
879 671 1090 725 potuisset
1123 686 1350 712 occurrere.
1412 670 1537 727 Nam,

199 730 273 783 qui
315 730 360 769 in
399 729 559 770 Achaia
603 743 854 784 congressus
898 744 988 771 cum
1028 729 1250 771 Dolabella
1288 730 1444 771 milites
1477 733 1538 771 at-

199 802 280 842 que
322 789 484 842 equites
523 788 708 829 habente
748 788 926 842 quodvis
965 788 1079 829 adire
1116 789 1350 843 periculum
1395 803 1445 830 ex
1476 789 1537 830 in-

200 847 318 888 sidiis
362 847 622 901 paratissimi
666 847 717 888 ad
761 847 902 888 omnia
944 847 1124 888 latronis
1169 848 1365 889 maluerit
1410 862 1537 901 quam
1556 865 1590 889 10

198 906 332 946 videri
375 909 448 946 aut
492 909 661 947 coactus
706 921 797 947 esse
840 906 1061 959 pecuniam
1105 907 1202 947 dare
1246 909 1319 947 aut
1354 905 1537 948 libenter

199 965 363 1005 dedisse
393 965 557 1005 homini
588 965 849 1018 nequissimo
883 968 1010 1018 atque
1042 965 1372 1021 improbissimo,
1402 965 1438 1006 is
1465 980 1537 1006 no—

197 1024 264 1064 bis
313 1023 426 1064 ultro
475 1026 515 1064 et
560 1024 775 1077 pollicitus
819 1026 882 1063 est
930 1026 970 1064 et
1009 1023 1123 1064 dedit
1160 1036 1223 1064 XX
1260 1022 1332 1065 HS
1373 1038 1424 1064 ex
1462 1038 1537 1065 sua

199 1082 375 1136 pecunia
414 1085 474 1137 et,
511 1083 625 1136 quod
662 1082 796 1123 multo
836 1082 972 1123 carius
1014 1086 1094 1136 est,
1133 1097 1175 1123 se
1207 1083 1347 1136 ipsum
1380 1083 1537 1123 obtulit

200 1144 241 1181 et
274 1141 504 1182 coniunxit.
556 1140 666 1182 Huic
697 1141 946 1195 persuadere
981 1141 1202 1195 cupiimus,
1233 1144 1281 1182 ut
1306 1141 1537 1195 imperator
1556 1158 1589 1183 15

199 1200 242 1240 in
274 1200 425 1240 castris
457 1203 690 1240 remaneret
715 1214 886 1253 remque
913 1200 1125 1253 publicam
1151 1200 1400 1241 defenderet.
1446 1199 1537 1241 Sta-

198 1258 282 1298 tuit
320 1258 363 1298 id
405 1258 486 1298 sibi
518 1258 541 1282 ³3
567 1257 609 1313 ²³²,
650 1259 849 1312 quoniam
882 1259 1111 1298 exercitum
1143 1258 1383 1298 dimisisset.
1447 1257 1537 1299 Sta-

198 1317 277 1364 tim
315 1331 414 1357 vero
447 1316 683 1357 rediturum
715 1317 765 1357 ad
796 1331 874 1357 nos
908 1317 1172 1357 confirmavit
1204 1317 1416 1371 legatione
1449 1331 1536 1357 sus-

199 1377 332 1430 cepta,
356 1375 439 1415 nisi
475 1378 718 1428 praetorum
753 1375 924 1416 comitia
949 1375 1139 1415 habituri
1164 1378 1303 1415 essent
1331 1375 1535 1416 consules.

198 1432 311 1474 Nam
359 1434 423 1474 illi
472 1434 533 1474 ita
577 1434 776 1474 sentienti
820 1434 869 1474 de
911 1448 956 1474 re
1000 1434 1169 1487 publica
1212 1448 1366 1488 magno
1412 1448 1535 1487 opere
1556 1450 1590 1475 20

198 1495 345 1533 auctor
377 1492 450 1546 fui,
481 1507 533 1533 ne
566 1493 752 1533 differret
784 1495 952 1545 tempus
985 1492 1205 1546 petitionis
1239 1507 1347 1533 suae.
1405 1491 1535 1533 Cuius

197 1552 357 1592 factum
384 1552 580 1592 omnibus
608 1554 777 1605 gratum
805 1566 894 1591 esse
915 1551 1052 1605 debet,
1073 1551 1145 1604 qui
1165 1551 1289 1592 modo
1310 1551 1537 1591 iudicarint

197 1609 309 1650 hunc
336 1610 566 1650 exercitum
593 1625 682 1651 esse
709 1610 857 1650 utilem
883 1610 944 1650 rei
970 1610 1174 1663 publicae,
1195 1610 1275 1650 tibi
1295 1612 1414 1650 tanto
1445 1623 1536 1664 gra-

197 1669 296 1723 tius,
328 1671 488 1722 quanto
520 1669 679 1709 maiore
712 1672 752 1709 et
785 1669 924 1709 animo
952 1668 1172 1722 gloriaque
1197 1668 1440 1708 libertatem
1463 1682 1536 1708 no-

198 1730 330 1768 stram
352 1727 538 1768 defendis
561 1731 601 1768 et
622 1727 841 1782 dignitate,
862 1727 898 1767 si
919 1727 1146 1782 contigerit
1165 1727 1325 1768 nostris
1346 1726 1534 1768 consiliis
1555 1742 1588 1768 25

198 1786 358 1841 exitus,
400 1801 524 1840 quem
566 1789 779 1839 optamus,
820 1786 1117 1839 perfuncturus
1151 1800 1204 1826 es.
1267 1785 1362 1840 Ego
1396 1785 1537 1839 etiam,

197 1845 256 1884 mi
283 1843 442 1899 Cicero,
474 1845 643 1898 proprie
675 1845 1024 1898 familiariterque
1056 1847 1097 1885 te
1123 1858 1240 1899 rogo,
1271 1846 1319 1884 ut
1338 1843 1536 1885 Veterem

197 1917 311 1943 ames
344 1903 533 1957 velisque
566 1918 656 1944 esse
689 1918 814 1957 quam
847 1903 1170 1956 amplissimu1n3
1204 1903 1276 1956 qui
1309 1902 1389 1943 etsi
1419 1902 1537 1943 nulla

196 1976 241 2001 re
285 1962 487 2002 deterreri
530 1977 553 2002 a
593 1962 814 2015 proposito
855 1964 1015 2016 potest,
1058 1964 1200 2002 tamen
1239 1960 1413 2001 excitari
1449 1960 1535 2001 tuis

195 2019 392 2061 laudibus
425 2021 775 2075 indulgentiaque
801 2020 971 2073 poterit,
1003 2034 1086 2073 quo
1113 2019 1248 2073 magis
1276 2019 1537 2073 amplexetur
1556 2035 1590 2061 30

197 2092 244 2119 ac
275 2081 445 2121 tueatur
476 2079 678 2120 iudicium
712 2094 844 2119 suum.
906 2078 953 2118 Id
986 2078 1090 2119 mihi
1121 2078 1412 2134 gratissimum
1445 2077 1535 2118 erit.
