1665 2553
349 50 689 85 EPISTULARUM
712 51 775 85 AD
801 50 1017 86 ATTICUM
1042 51 1074 84 H
1101 54 1202 85 5—7.
1388 51 1444 91 49

106 161 191 188 non
218 146 355 188 solum
375 161 461 187 non
480 146 592 200 licet,
625 146 697 187 sed
715 146 843 187 etiam
862 146 1012 187 taedet.
1052 145 1202 200 Itaque
1223 145 1446 199 ἀνέκδοτα,

107 220 213 260 quae
242 205 324 246 tibi
355 205 430 245 uni
461 204 668 259 legamus,
706 204 996 259 Theopompio
1030 218 1180 259 genere
1213 207 1286 245 aut
1318 205 1446 245 3113111

107 264 318 318 asperiore
360 263 495 304 multo
536 266 785 318 pangentur.
858 262 1008 317 Neque
1052 263 1166 304 aliud
1209 263 1294 304 iam
1335 263 1446 317 quic-

105 338 232 377 quam
263 323 548 376 πολιτεύομαι
587 323 671 363 11131
712 322 848 363 0111333
887 322 1106 376 improbos
1148 324 1190 363 et
1226 322 1270 362 id
1306 322 1447 376 ipsum

71 398 86 423 5
106 381 223 422 nullo
256 396 350 422 cum
383 381 618 435 stomacho,
660 381 730 422 sed
761 381 904 435 potius
938 396 1033 422 cum
1065 381 1206 435 aliqua
1239 381 1448 421 scribendi

105 440 334 494 voluptate.
1304 477 1308 481 .

194 497 276 540 Sed
306 501 353 539 ut
386 499 437 539 ad
468 513 574 551 rem,
617 498 767 552 scripsi
809 498 860 538 ad
902 501 1146 552 quaestores
1178 498 1364 539 urbanos
1397 497 1446 538 de

107 556 254 605 Quinti
294 557 440 598 fratris
487 557 671 611 negotio.
740 556 864 612 Vide,
912 557 1010 611 quid
1054 560 1244 611 narrent,
1293 571 1445 610 ecquae

107 630 200 669 spes
243 616 299 657 sit
339 616 516 669 denarii,
558 631 611 656 an
651 615 895 669 cistophoro
927 615 1186 669 Pompeiano
1224 616 1445 656 iaceamus.

53 692 85 715 ιο
104 674 325 721 Praeterea
362 675 411 715 de
449 689 570 715 muro
610 676 749 715 statue
782 674 882 728 quid
918 674 1156 715 faciendum
1189 674 1255 714 sit.
1317 673 1447 714 Aliud

106 733 235 787 quid?
278 733 433 774 Etiam.
498 732 671 782 Quando
713 735 754 774 te
792 733 1003 787 proficisci
1034 733 1162 774 istinc
1202 735 1345 787 putes,
1382 733 1447 774 fac

104 795 152 833 ut
184 793 323 833 sciam.

727 872 821 914 VII.

445 942 519 976 Ser.
546 942 639 976 Anti
663 954 706 975 m.
735 942 824 985 Apr.
852 954 884 976 a.
913 944 985 976 695
1012 944 1103 985 (59).

53 1031 85 1056 15
528 1010 696 1046 CICERO
721 1011 894 1046 ATTICO
922 1011 1019 1046 SAL.

192 1083 255 1124 De
296 1083 556 1139 geographia
594 1084 721 1125 etiam
763 1086 889 1138 atque
937 1083 1065 1127 etiam
1105 1083 1445 1125 deliberabimus.

106 1141 328 1183 Orationes
361 1145 502 1183 autem
534 1157 557 1183 a
582 1157 648 1183 me
680 1142 782 1183 duas
814 1142 1026 1196 postulas3
1060 1156 1239 1196 quarum
1271 1143 1447 1184 alteram

105 1216 190 1242 non
225 1201 387 1242 libebat
423 1201 529 1241 mihi
567 1201 767 1254 scribere,
810 1202 839 1255 †
878 1201 951 1254 qui
992 1201 1218 1254 absciram‚
1260 1202 1447 1255 alteram,

105 1274 157 1300 ne
188 1260 402 1301 laudarem
434 1274 541 1314 eum,
573 1274 698 1313 quem
723 1274 809 1300 non
835 1259 1038 1300 amabam.
1092 1258 1172 1300 Sed
1203 1260 1246 1300 id
1279 1274 1448 1314 quoque

54 1337 86 1361 20
106 1318 351 1359 videbimus.
422 1317 615 1372 Denique
656 1318 817 1372 aliquid
858 1318 1061 1372 exstabit,
1109 1332 1161 1358 113
1200 1318 1283 1359 tibi
1323 1319 1447 1372 plane

107 1391 291 1419 cessasse
322 1377 549 1418 videamur.

193 1434 257 1476 De
287 1435 440 1476 Publio
473 1450 579 1489 quae
611 1435 663 1476 ad
694 1450 758 1475 me
792 1435 959 1488 scribis,
993 1449 1092 1475 sane
1122 1435 1229 1475 mihi
1261 1435 1443 1476 iucunda

107 1497 227 1547 311111,
270 1508 399 1547 eaque
441 1494 567 1534 etiam
607 1494 734 1535 velim
776 1494 973 1534 omnibus
1013 1494 1207 1549 vestigiis
1249 1493 1447 1548 indagata

107 1552 160 1593 ad
189 1567 255 1592 me
286 1553 460 1606 adferas,
493 1567 588 1593 cum
617 1553 772 1606 venies,
804 1555 844 1592 et
875 1553 1036 1593 interea
1068 1553 1245 1606 scribas,
1277 1553 1314 1592 si
1346 1553 1448 1606 quid

54 1629 87 1654 25
107 1611 328 1665 intelleges
371 1614 443 1651 aut
485 1611 768 1664 suspicabere,
816 1613 856 1651 et
902 1625 1097 1651 maxume
1139 1611 1187 1651 de
1233 1611 1446 1665 legatione

108 1670 210 1723 quid
229 1670 285 1710 sit
306 1672 487 1710 acturus.
536 1669 759 1723 Equidem,
785 1672 1011 1722 antequam
1037 1672 1133 1709 tuas
1159 1669 1244 1723 legi
1270 1669 1448 1723 litteras,

108 1728 152 1768 in
193 1728 428 1781 leyaz‘ionem
466 1727 683 1768 hominem
720 1728 781 1768 ire
812 1728 1049 1780 cupiebam,
1087 1742 1172 1768 non
1210 1727 1447 1767 mehercule

108 1789 156 1826 ut
188 1786 397 1827 differrem
429 1801 524 1827 cum
556 1801 603 1826 eo
635 1786 923 1826 vadimonium
955 1784 1072 1839 (nam
1102 1786 1209 1826 mira
1242 1800 1334 1826 sum
1367 1785 1447 1825 ala-

111 1845 257 1885 critate
298 1845 349 1886 ad
388 1843 680 1900 litigandum),
725 1845 798 1884 sed
836 1843 1059 1884 videbatur
1099 1843 1222 1898 mihi,
1266 1844 1302 1883 si
1348 1843 1447 1897 quid

57 1921 91 1945 30
111 1906 220 1943 esset
255 1903 300 1944 in
331 1917 374 1945 eo
410 1903 632 1957 populare,
674 1903 786 1956 quod
824 1902 1015 1956 plebeius
1056 1902 1192 1942 factus
1236 1904 1363 1955 esset,
1404 1902 1447 1942 id

111 1961 352 2002 amissurus.
405 1961 529 2010 ‘Quid
556 1961 694 2002 enim?
728 1961 779 2001 ad
803 1961 970 2014 plebem
990 1960 1196 2013 transisti,
1228 1963 1276 2000 ut
1302 1960 1447 2014 Tigra-

110 2033 206 2059 nem
231 2020 313 2060 ires
341 2020 599 2061 salutatum?
649 2018 787 2060 Narra
811 2019 929 2073 mihi,
960 2033 1079 2073 reges
1102 2018 1292 2058 Armenii
1318 2019 1446 2072 patri-

112 2077 198 2118 cios
230 2078 458 2119 resalutare
497 2093 584 2119 non
622 2077 805 2119 solentP'
867 2077 976 2126 Quid
1015 2076 1208 2130 quaeris?
1254 2091 1447 2118 acueram

112 2150 173 2176 me
213 2137 264 2176 ad
305 2137 596 2191 exagitandam
638 2137 745 2177 hanc
787 2136 875 2176 eius
915 2135 1181 2189 legationem.
1244 2134 1379 2183 Quam
1410 2136 1447 2176 si

59 2212 92 2237 35
112 2194 183 2234 1113
214 2195 459 2248 contemnit,
489 2198 530 2235 31
563 2195 610 2248 31,
642 2198 689 2235 111
722 2194 883 2246 scribis,
915 2194 1044 2233 bilem
1070 2193 1112 2233 id
1137 2196 1372 2234 commovet
1406 2197 1446 2234 et

110 2252 318 2293 latoribus
345 2255 386 2293 et
407 2253 646 2306 auspicibus
665 2253 770 2307 legis
797 2252 992 2305 curiatae,
1019 2252 1303 2305 spectaculum
1328 2266 1446 2307 egre-

183 2327 233 2353 Cic
263 2327 348 2358 epist.
368 2327 400 2351 Π
1211 2324 1233 2353 4
