1665 2553
319 91 659 126 EPISTULARUM
685 92 749 125 AD
776 91 992 126 ATTICUM
1017 91 1102 125 XIV
1130 95 1183 136 13,
1213 95 1266 125 14.
1377 91 1464 132 449

121 187 388 228 Liberalibus
422 188 517 241 quis
549 187 691 241 potuit
722 187 767 228 in
800 189 993 228 senatum
1030 201 1118 228 non
1148 186 1319 228 venire?
1381 186 1464 228 Fac

122 247 164 287 id
195 247 387 300 potuisse
419 246 561 300 aliquo
593 246 737 300 modo,
768 260 871 287 num
897 246 1037 300 etiam,
1068 260 1163 287 cum
1189 246 1464 300 venissemus,

120 304 252 345 libere
278 304 495 358 potuimus
523 305 777 346 sententiam
803 305 966 346 dicere‘?
992 319 1131 346 nonne
1158 304 1274 345 omni
1299 304 1464 345 ratione

120 364 321 417 veterani,
354 363 425 417 qui
464 363 616 404 armati
655 364 845 417 aderant,
885 378 978 405 cum
1015 363 1215 417 praesidii
1245 376 1323 404 nos
1356 363 1464 403 311111

87 438 102 464 5
121 422 384 476 haberemus,
410 422 657 463 defendendi
682 422 881 463 fuerunt?
937 422 1062 463 Illam
1087 422 1317 463 sessionem
1345 421 1462 475 Capi-

121 481 299 522 tolinam
331 481 437 521 mihi
475 495 562 522 non
592 481 801 534 placuisse
838 483 886 522 tu
917 481 1040 522 testis
1074 495 1127 522 03.
1191 480 1301 530 Quid
1333 480 1462 535 ergo?

121 540 205 580 ista
247 540 370 594 culpa
408 539 668 580 Brutorum?
732 539 908 580 Minime
950 540 1123 581 illorum
1161 539 1348 594 quidem,
1392 539 1464 580 sed

122 598 302 639 aliorum
333 598 576 654 brutorum,
614 598 687 652 qui
719 613 762 639 se
795 601 940 639 cautos
971 613 1018 639 ac
1050 598 1261 652 sapientes
1292 600 1462 652 putant,

122 657 276 711 quibus
315 657 418 697 satis
456 657 538 697 fuit
576 657 742 711 laetari,
780 671 867 698 non
903 657 1033 698 nullis
1073 657 1201 698 etiam
1244 657 1463 711 gratulari,

69 733 102 756 10
122 716 248 756 nullis
298 730 551 769 permanere.
633 714 715 756 Sed
763 716 991 769 praeterita
1041 716 1306 770 omittamus3
1356 716 1462 756 istos

122 775 237 815 omni
270 789 369 815 cura
399 774 696 828 praesidioque
728 777 922 815 tueamur
953 777 1014 829 et,
1052 789 1177 828 quem
1208 774 1261 815 ad
1291 774 1464 814 modum

121 836 169 874 tu
189 833 409 888 praecipis,
428 833 616 874 contenti
636 832 782 873 Idibus
803 832 970 874 Martiis
993 833 1143 887 simus3
1164 847 1269 887 quae
1296 833 1464 886 quidem

121 892 280 932 nostris
314 891 459 932 amicis
486 891 640 932 divinis
666 891 770 932 viris
798 891 958 932 aditum
985 891 1036 932 ad
1061 891 1223 932 caelum
1250 891 1465 946 dederunt,

122 951 364 991 libertatem
401 950 559 1004 populo
597 949 789 991 Romano
828 965 914 991 non
953 950 1166 991 dederunt.
1227 949 1464 991 Recordare

70 1026 102 1051 15
122 1012 205 1050 tua.
274 1008 427 1050 Nonne
464 1009 696 1049 meministi
734 1009 913 1050 clamare
956 1011 998 1050 10
1037 1009 1179 1050 0111313
1215 1009 1391 1064 perisse,
1429 1009 1465 1049 si
1520 1044 1528 1047 -

121 1067 192 1108 ille
223 1068 368 1108 funere
395 1067 530 1108 elatus
557 1068 696 1108 esset?
747 1067 966 1121 Sapienter
996 1067 1040 1108 id
1066 1067 1245 1121 quidem.
1302 1066 1466 1122 Itaque,

122 1141 172 1167 ex
205 1140 253 1167 eo
287 1140 392 1180 quae
424 1126 648 1181 manarint,
680 1126 805 1166 vides.

211 1184 325 1233 Quae
357 1184 506 1225 scribis
531 1184 581 1226 K.
608 1183 741 1225 Ι33113
761 1184 998 1226 Α111031331
1024 1184 1073 1224 de
1099 1184 1329 1238 provinciis
1361 1184 1465 1225 rela-

122 1246 279 1297 turum,
311 1246 360 1284 ut
393 1246 434 1284 01
465 1243 554 1297 ipse
587 1242 746 1284 Gallias
778 1243 945 1297 habeat,
971 1245 1012 1284 01
1037 1243 1231 1297 utrisque
1258 1243 1345 1283 dies
1371 1257 1465 1296 pro-

70 1319 103 1344 20
122 1305 314 1357 rogetur,
356 1302 555 1343 licebitne
600 1302 764 1343 decerni
801 1302 961 1343 libere?
1030 1299 1075 1342 Si
1113 1301 1297 1356 licuerit,
1341 1301 1466 1342 liber-

122 1364 256 1401 tatem
287 1375 377 1401 esse
408 1363 697 1414 recuperatam
722 1361 934 1415 laetabor-3
967 1360 1002 1400 si
1032 1374 1116 1401 non
1150 1360 1331 1413 licuerit,
1364 1360 1465 1414 quid

122 1419 229 1462 131111
267 1419 459 1459 311310111
497 1420 580 1460 ista
625 1419 784 1460 domini
820 1419 1000 1459 mutatio
1039 1421 1206 1472 praeter
1244 1419 1467 1473 laetitiam,

124 1492 251 1531 quam
301 1478 431 1518 oculis
482 1478 572 1530 cepi
620 1478 734 1518 iusto
785 1477 962 1518 interitu
1011 1477 1215 1530 tyranni?
1277 1476 1465 1530 Rapinas

124 1536 272 1577 scribis
305 1536 355 1576 ad
376 1534 478 1588 Opis
510 1536 619 1590 fieri,
651 1550 755 1589 quas
781 1550 859 1576 nos
887 1550 1054 1589 quoque
1085 1538 1177 1576 tum
1207 1535 1465 1576 videbamus.

71 1612 104 1637 25
124 1593 189 1635 Ne
220 1609 297 1635 nos
337 1596 378 1634 et
409 1593 578 1634 liberati
611 1594 662 1634 ab
696 1594 877 1648 egregiis
909 1594 1011 1634 viris
1043 1608 1118 1634 nec
1149 1594 1272 1634 liberi
1306 1608 1464 1634 sumus.

122 1652 313 1694 1131333
351 1652 521 1693 illorum
563 1655 643 1705 est,
685 1653 807 1705 culpa
842 1654 1000 1693 nostra.
1061 1652 1121 1692 Et
1160 1652 1347 1692 hortaris
1386 1666 1465 1706 me,

123 1715 171 1752 ut
201 1711 404 1752 historias
437 1711 629 1764 scribam,
661 1713 709 1751 ut
741 1710 939 1764 colligam
968 1712 1088 1750 tanta
1119 1724 1266 1751 eorum
1298 1710 1465 1764 scelera,

124 1786 147 1811 a
179 1770 333 1824 quibus
374 1769 501 1810 etiam
537 1783 649 1809 111130
688 1769 945 1809 obsidemur!
1000 1768 1209 1809 Poterone
1242 1783 1313 1809 eos
1345 1769 1464 1822 ipsos

122 1843 209 1869 non
240 1828 427 1881 laudare,
469 1827 541 1881 qui
572 1831 614 1867 te
647 1827 963 1881 obsignatorem
1002 1827 1315 1867 adhibuerunt?
1376 1825 1465 1867 Nec

72 1905 106 1929 30
124 1887 359 1927 mehercule
390 1901 456 1926 me
488 1885 787 1926 raudusculum
819 1888 977 1938 movet,
1013 1885 1085 1925 sed
1115 1885 1309 1926 homines
1342 1885 1464 1926 bene-

124 1945 264 1998 volos,
315 1944 640 1998 qualescumque
692 1946 812 1999 sunt,
863 1957 988 1998 grave
1039 1946 1103 1984 est
1151 1943 1318 1997 insequi
1368 1958 1463 1984 con-

85 2046 88 2050 ,
124 2003 308 2044 1331110113.
371 2002 451 2043 Sed
488 2003 537 2042 de
581 2003 776 2043 omnibus
820 2002 923 2042 meis
967 2002 1174 2056 consiliis,
1220 2005 1265 2042 31
1299 2002 1463 2055 scribis,
1500 2015 1508 2023 ⁸

125 2062 320 2102 existimo
354 2061 613 2114 exploratius
645 2075 723 2101 nos
756 2060 808 2101 ad
842 2059 892 2100 K.
919 2059 1062 2100 Iunias
1096 2063 1281 2101 statuere
1320 2075 1455 2113 posse.

125 2119 191 2160 Ad
224 2134 327 2173 quas
360 2120 483 2159 adero
517 2122 557 2159 et
596 2119 710 2159 omni
743 2133 820 2172 ope
852 2121 980 2172 atque
1022 2133 1148 2172 opera
1180 2119 1318 2159 enitar
1351 2119 1464 2159 adiu·

72 2196 105 2221 35
126 2181 250 2218 vante
281 2192 347 2217 me
387 2178 545 2218 scilicet
584 2177 834 2217 auctoritate
866 2179 941 2217 tua
977 2179 1019 2217 et
1056 2177 1194 2231 gratia
1226 2180 1267 2217 et
1300 2191 1464 2217 summa

127 2236 339 2289 aequitate
371 2250 536 2289 causae,
572 2238 620 2276 ut
652 2235 700 2275 de
732 2235 973 2275 Buthrotiis
1008 2238 1177 2275 senatus
1210 2235 1463 2289 consultum,

127 2295 248 2348 quale
281 2294 447 2346 scribis,
479 2294 564 2334 fiat.
627 2293 746 2342 Quod
787 2308 852 2333 me
884 2293 1069 2347 cogitare
1100 2294 1232 2347 iubes,
1265 2294 1463 2347 cogitabo

197 2369 256 2394 Cic.
271 2370 355 2400 epist.
370 2370 408 2394 ΙΙ.
1205 2365 1248 2395 99
