1665 2553
176 101 263 142 264
605 99 653 134 M.
680 98 821 133 TULLI
846 97 1094 133 CICERONJS

176 211 243 238 me
272 210 361 237 non
392 209 499 250 queo
538 195 684 236 dicere.
748 193 830 235 Sed
865 193 989 248 plane
1029 194 1077 235 τὸ
1112 193 1298 248 συνέχον
1329 193 1518 235 effecisti.

177 255 272 310 Ego
306 254 417 295 enim
448 269 535 295 non
565 254 649 294 iam
681 253 724 294 id
756 266 855 308 ago,
894 252 1000 293 1111111
1041 252 1178 306 crede,
1210 255 1258 293 ut
1290 266 1518 306 prosperos

178 314 317 355 exitus
360 327 604 367 consequar.
674 312 743 353 Sic
789 312 901 352 enim
941 311 1082 366 video,
1126 325 1202 352 1100
1248 311 1411 352 duobus
1450 310 1518 351 his

178 373 286 414 vivis
317 386 394 413 nec
424 371 505 413 hoc
537 386 621 412 uno
662 385 740 411 nos
782 384 983 424 umquam
1022 384 1112 410 rem
1149 369 1363 423 publicam
1400 369 1518 410 habi-

178 434 309 472 turos.
359 429 426 471 Ita
456 444 592 483 neque
625 430 674 470 de
708 430 796 470 otio
826 431 975 470 nostro
1009 443 1131 483 spero
1163 429 1248 469 iam
1279 442 1356 469 nec
1386 428 1516 469 ullam

180 490 454 531 acerbitatem
495 503 654 529 recuso.
727 487 873 529 Unum
922 487 1029 528 illud
1074 487 1417 540 extimescebam,
1465 501 1518 527 ne

181 549 282 603 quid
312 548 494 602 turpiter
525 548 716 601 facerem,
750 547 814 587 vel
846 546 981 587 dicam
1011 546 1096 586 iam
1126 560 1178 586 ne
1209 545 1413 586 fecissem.

270 606 338 648 Sic
370 620 468 661 ergo
500 606 675 659 habeto,
709 605 914 646 salutares
946 608 988 645 te
1019 604 1125 645 mihi
1154 605 1321 645 litteras
1351 604 1518 644 misisse

179 680 315 720 neque
347 665 484 706 solum
514 664 591 705 has
628 664 862 719 longiores,
904 664 1057 718 quibus
1097 663 1206 704 nihil
1246 665 1387 716 potest
1428 676 1518 703 esse

181 724 450 778 explicatius,
496 723 605 764 nihil
645 723 890 777 perfectius,
938 722 1009 763 sed
1053 722 1181 763 etiam
1220 722 1315 762 illas
1356 722 1518 762 brevio-

180 798 263 836 res,
304 783 349 823 in
390 782 544 836 quibus
582 782 663 822 1100
702 781 806 822 1111111
847 781 1198 822 iucundissimum
1243 780 1344 833 fuit,
1386 779 1520 821 consi-

180 842 285 882 lium
318 842 562 894 factumque
597 843 793 881 nostrum
829 855 851 880 a
879 840 1006 881 Sexto
1039 839 1223 893 probari,
1257 841 1520 893 pergratum—

182 915 262 954 que
293 900 399 940 mihi
430 903 478 940 tu
506 900 655 953 fecisti,
696 900 803 951 quod
836 913 899 940 me
935 900 982 940 de
1012 899 1162 939 iudicio
1198 899 1285 939 eius
1315 899 1521 939 certiorem

180 959 335 1013 fecisti,
374 974 397 999 a
429 972 512 1012 quo
546 961 587 999 et
619 958 739 1012 diligi
771 972 837 998 me
870 960 927 1011 et,
968 957 1068 1010 quid
1099 959 1261 998 rectum
1293 956 1365 1010 sit,
1397 955 1520 996 intel-

180 1018 265 1072 legi
298 1017 395 1058 scio.
457 1016 645 1071 Longior
683 1031 782 1057 vero
821 1019 895 1057 tua
933 1015 1114 1069 epistula
1153 1029 1240 1056 non
1270 1030 1336 1056 me
1370 1014 1520 1069 solum,

182 1077 253 1117 sed
285 1090 400 1117 meos
434 1090 577 1117 omnes
611 1075 874 1129 aegritudine
906 1074 1073 1115 levavit.
1134 1073 1284 1127 Itaque
1316 1076 1413 1114 utar
1444 1076 1519 1114 tuo

181 1135 357 1176 consilio
392 1137 433 1175 et
466 1148 535 1175 ero
568 1134 613 1174 in
644 1133 888 1186 Formiano,
925 1148 978 1173 ne
1016 1136 1088 1173 aut
1121 1133 1172 1173 ad
1209 1132 1358 1172 urbem
1389 1131 1521 1173 ἀποίν-

180 1205 301 1247 τησις
332 1208 424 1234 mea
456 1192 816 1233 animadvertatur
842 1194 925 1245 aut,
959 1192 993 1231 si
1018 1206 1094 1232 nec
1119 1191 1187 1231 1110
1212 1205 1288 1231 nec
1312 1190 1399 1230 illic
1425 1204 1520 1230 eum

181 1253 336 1305 videro,
369 1251 603 1292 devitatum
635 1265 676 1291 se
703 1266 726 1290 a
757 1265 823 1290 me
853 1252 985 1303 putet.
1037 1249 1158 1298 Quod
1189 1251 1328 1289 autem
1361 1248 1520 1301 suades,

181 1314 228 1351 ut
262 1310 313 1351 ab
347 1324 395 1350 eo
426 1313 587 1363 petam,
627 1312 675 1349 ut
705 1309 812 1349 mihi
844 1308 1062 1363 concedat,
1102 1310 1149 1348 ut
1192 1307 1302 1348 idem
1332 1307 1519 1347 tribuam

180 1369 395 1423 Pompeio,
428 1368 540 1422 quod
566 1367 649 1421 ipsi
676 1367 908 1420 tribuerim,
940 1367 983 1407 id
1007 1381 1073 1407 me
1099 1366 1185 1407 iam
1208 1365 1371 1419 pridem
1398 1379 1520 1419 agere

181 1427 401 1482 intelleges
434 1441 483 1467 ex
515 1426 671 1466 litteris
703 1426 826 1466 Balbi
866 1428 907 1466 et
939 1424 1069 1479 Oppi,
1110 1439 1290 1479 quarum
1331 1423 1522 1478 exempla

182 1486 261 1527 tibi
302 1485 411 1526 misi.
480 1484 579 1525 Misi
626 1484 754 1525 etiam
796 1483 986 1525 Caesaris
1028 1483 1079 1524 ad
1120 1498 1190 1524 eos
1240 1497 1341 1524 sana
1381 1485 1521 1523 mente

184 1544 360 1598 scriptas
395 1558 477 1598 quo
510 1543 635 1583 modo
669 1543 713 1583 in
744 1546 865 1583 tanta
896 1542 1072 1583 insania.
1124 1540 1199 1583 Sin
1229 1541 1335 1582 mihi
1368 1539 1522 1582 Caesar

181 1604 261 1644 hoc
291 1617 378 1644 non
409 1602 626 1656 concedat,
666 1601 786 1642 video
825 1601 906 1642 tibi
943 1601 1106 1655 placere
1138 1600 1262 1655 illud,
1301 1614 1367 1640 me
1398 1601 1522 1641 πολί-

183 1678 317 1716 τευμα
350 1661 398 1702 de
430 1675 531 1714 pace
564 1661 791 1714 suscipere,
831 1660 876 1700 in
917 1674 1000 1713 quo
1040 1674 1127 1700 non
1159 1659 1383 1700 extimesco
1414 1658 1521 1711 peri-

183 1721 323 1762 culum
364 1730 477 1775 (cum
515 1720 626 1760 enim
671 1722 737 1760 tot
769 1719 1057 1773 impendeant,
1095 1732 1168 1759 cur
1198 1731 1285 1757 non
1315 1716 1521 1757 honestis-

184 1780 289 1820 simo
324 1778 526 1844 depecisci
566 1776 754 1832 velimP),
787 1777 858 1818 sed
890 1791 1054 1831 vereor,
1091 1791 1144 1817 ne
1180 1775 1382 1829 Pompeio
1421 1774 1522 1829 quid

185 1838 323 1879 oneris
355 1838 583 1890 imponam,

272 1920 343 1973 μη
376 1935 449 1973 μοι
482 1934 688 1971 γοργειην
720 1918 915 1971 κεφαλὴν
947 1918 1110 1958 δεινοῖο
1142 1914 1358 1970 πελώρου’

183 2013 439 2066 intorqueat.
495 2011 737 2052 Mirandum
763 2011 875 2051 enim
906 2010 952 2050 in
982 2009 1155 2050 modum
1183 2007 1349 2049 Gnaeus
1374 2010 1521 2049 noster

185 2070 348 2111 Sullani
368 2071 488 2125 regni
509 2070 830 2110 similitudinem
852 2067 1103 2121 concupivit.
1141 2067 1286 2115 Εἰὸώς
1309 2078 1378 2108 σοι
1398 2066 1520 2119 λέγω.

183 2129 304 2170 Nihil
335 2106 440 2170 111οῠ
438 2143 639 2182 umquam
675 2128 815 2168 minus
848 2127 1022 2168 obscure
1054 2125 1164 2166 tulit.
1229 2123 1357 2166 ‘Cum
1387 2125 1521 2165 hocne

183 2187 350 2242 igitur',
381 2187 567 2242 inquies,
598 2187 710 2227 eesse
742 2186 858 2227 vis?'
919 2184 1177 2226 Beneficium
1209 2198 1380 2238 sequor,
1415 2183 1521 2224 mihi

184 2245 314 2300 crede,
344 2260 432 2286 non
463 2260 643 2299 causam,
676 2247 722 2284 ut
754 2244 799 2284 in
830 2244 1001 2298 Milone,
1031 2245 1079 2283 ut
1110 2242 1156 2282 in
1187 2275 1195 2283 .
1224 2275 1232 2283 .
1260 2276 1266 2282 .
1316 2241 1397 2283 Sed
1427 2241 1521 2282 hac-

135 2315 157 2345 4
183 2306 315 2344 tenus.
379 2303 537 2345 ‘Causa
573 2303 706 2358 igitur
739 2317 825 2343 non
861 2302 972 2343 bona
1005 2300 1118 2341 est‘P'
1180 2299 1314 2341 Immo
1349 2300 1520 2354 optima,

1539 739 1573 762 10

1539 1030 1572 1057 15

1540 1325 1573 1349 20

1541 1616 1574 1642 25

1541 1932 1575 1958 30

1541 2257 1574 2283 35
