1665 2553
298 92 643 128 EPISTULARUM
671 93 736 127 AD
763 92 979 128 ATTICUM
1004 93 1055 128 IV
1082 98 1137 138 14,
1165 97 1219 128 15.
1355 93 1438 134 119

86 192 164 244 est,
194 191 243 230 ut
272 203 360 230 non
390 189 521 230 libeat
554 189 752 243 cuiquam
783 189 901 245 dare,
932 189 1017 230 nisi
1050 189 1100 230 de
1132 203 1216 243 quo
1249 188 1440 242 explora-

86 251 179 289 tum
212 248 268 288 sit
300 248 382 288 tibi
414 262 510 289 eum
541 248 816 289 redditurum.

175 305 301 348 Nunc
331 306 546 347 Romanas
580 322 646 348 res
681 307 833 361 accipe.
895 306 944 348 A.
973 306 1008 348 d.
1036 318 1105 347 1111
1135 306 1283 348 Nonas
1311 304 1439 354 Quin-
1464 316 1487 346 4

87 366 185 407 tiles
213 364 391 406 Sufenas
422 368 464 406 et
497 364 604 407 Cato
638 365 842 421 absoluti,
879 364 1090 407 Procilius
1122 364 1439 407 condemnatus.

53 441 69 467 5
88 424 154 466 Ex
203 438 286 478 quo
337 424 603 465 intellectum
653 427 717 465 est
766 427 1169 480 τριςαρειοπαγίτας
1218 423 1440 478 ambitum,

90 483 278 537 comitia,
310 483 618 539 interregnum,
649 483 935 537 maiestatem,
967 486 1106 524 totam
1137 483 1318 536 denique
1348 496 1439 522 rem

89 542 304 597 publicam
335 541 456 582 flocci
486 556 574 582 non
614 542 768 597 facere,
806 542 1018 583 debitores
1057 544 1221 596 patrem
1252 541 1438 582 familias

90 601 204 642 domi
237 614 336 641 suae
370 600 555 641 occidere
592 600 723 652 nolle,
761 615 897 655 neque
934 603 1077 642 tamen
1113 600 1157 641 id
1196 600 1338 654 ipsum
1369 599 1439 640 ab-

89 659 218 713 unde;
274 674 372 699 nam
418 659 693 701 absolverunt
734 670 854 715 XXII,
903 659 1236 700 condemnarunt
1279 669 1438 699 XXVIII.

36 735 69 760 ιο
88 717 267 759 Publius
314 732 413 758 sane
462 717 621 758 diserto
673 718 842 772 epilogo
893 718 1121 759 criminans
1171 732 1235 759 me
1276 719 1439 758 mentes

90 776 278 818 iudicum
310 779 605 817 commoverat.
655 775 864 817 Hortalus
890 777 935 817 in
961 791 1008 817 ea
1037 791 1163 818 causa
1193 776 1287 830 fuit,
1319 775 1439 816 cuius

89 835 205 877 modi
255 834 374 876 solet.
449 833 541 875 Nos
586 835 763 876 verbum
806 835 991 891 nullum,
1041 835 1177 877 verita
1220 837 1284 876 est
1329 834 1442 875 enim

90 893 260 949 pusilla,
293 908 399 947 quae
429 907 542 934 nunc
572 893 757 948 laborat,
797 908 850 935 ne
883 894 1072 935 animum
1101 892 1229 935 Publi
1262 893 1440 934 offende—

89 968 189 994 rem.
241 951 322 993 His
354 951 480 993 rebus
513 953 619 993 actis
645 951 816 993 Reatini
848 967 916 993 me
948 953 1000 993 ad
1029 967 1105 993 sua
1137 952 1282 1006 Τέμπη
1315 952 1440 992 duxe-
1467 950 1486 980 5

37 1027 70 1053 15
90 1014 204 1066 runt,
234 1014 283 1051 ut
309 1024 476 1065 agerem
503 1025 671 1051 causam
697 1014 844 1052 contra
868 1010 1180 1052 Interamnates
1207 1010 1319 1064 apud
1345 1025 1440 1051 con-
1486 1007 1493 1010 ’

93 1071 228 1112 sulem
248 1072 289 1110 et
310 1069 451 1110 decem
478 1069 657 1124 legatos,
691 1070 804 1124 quod
828 1070 944 1111 lacus
964 1069 1145 1111 Velinus
1166 1085 1200 1110 a.
1220 1068 1289 1110 M'.
1310 1067 1439 1110 Curio

92 1129 270 1170 emissus
296 1128 496 1169 interciso
523 1131 667 1169 monte
693 1129 738 1169 in
762 1128 853 1170 Nar
885 1128 1050 1184 defluit,
1082 1143 1132 1168 ex
1165 1142 1249 1182 quo
1276 1130 1339 1168 est
1365 1127 1440 1167 illa

93 1189 248 1229 siccata
280 1189 322 1227 et
354 1187 496 1227 umida
522 1190 664 1228 tamen
692 1187 854 1228 modice
880 1186 1023 1228 Rosia.
1066 1186 1169 1228 Vixi
1195 1201 1290 1227 cum
1309 1184 1440 1240 Axi03

93 1247 166 1301 qui
197 1246 326 1286 etiam
356 1260 423 1286 me
455 1245 506 1286 ad
538 1244 709 1299 Septem
741 1261 871 1300 aquas
905 1246 1037 1287 duxit.

38 1321 73 1346 20
181 1304 305 1345 Redii
336 1303 517 1345 Romam
555 1303 708 1345 Fontei
746 1319 870 1345 causa
909 1320 942 1345 a
975 1305 1012 1345 d.
1044 1316 1110 1345 VII
1140 1302 1241 1344 Idus
1274 1302 1439 1351 Quinct.
1467 1314 1487 1343 6

92 1363 204 1405 Veni
235 1365 472 1416 spect-atum
512 1363 698 1417 primum
740 1377 897 1418 magno
939 1365 981 1403 et
1023 1362 1236 1428 aequabili
1276 1362 1440 1415 plausu

95 1421 176 1462 Sed
221 1421 303 1462 hoc
349 1435 401 1461 ne
448 1422 620 1463 curaris.
692 1421 788 1477 Ego
813 1399 1025 1476 DineptuS,
1073 1421 1146 1475 qui
1188 1420 1440 1486 scripserim

94 1479 255 1521 Deinde
275 1479 537 1533 Antiphonti
571 1495 752 1534 operam.
802 1479 845 1521 Is
878 1482 968 1521 erat
1000 1482 1098 1521 ante
1126 1494 1255 1520 manu
1285 1479 1441 1519 missus

96 1554 223 1593 quam
260 1538 503 1592 productus.
564 1537 631 1580 Ne
664 1539 824 1580 diutius
861 1539 1063 1594 pendeas,
1098 1538 1285 1592 palmam
1322 1537 1442 1591 tulit3

40 1614 74 1640 25
96 1598 168 1639 sed
193 1597 303 1638 nihil
323 1600 413 1637 tam
438 1597 655 1653 pusillum,
685 1597 795 1638 nihil
820 1600 909 1638 tam
930 1597 1018 1637 sine
1037 1611 1150 1650 voce,
1175 1596 1286 1637 nihil
1304 1598 1393 1636 tam
1407 1595 1441 1636 ἧς.

93 1656 256 1698 Verum
287 1656 389 1696 haec
421 1658 469 1696 tu
501 1658 641 1696 tecum
671 1656 839 1697 habeto.
901 1654 952 1696 In
971 1654 1268 1696 Andromacha
1299 1657 1443 1694 tamen

94 1715 230 1756 maior
261 1714 344 1755 fuit
386 1729 513 1767 quam
547 1714 785 1768 Astyanax,
827 1715 872 1754 in
916 1714 1066 1754 ceteris
1108 1728 1252 1766 parem
1290 1712 1443 1753 habuit

94 1774 316 1814 neminem.
380 1772 554 1820 Quaeris
585 1787 699 1814 nunc
731 1774 780 1813 de
811 1772 1059 1813 Arbuscula.
1104 1771 1239 1812 Valde
1270 1771 1441 1824 placuit.

96 1832 205 1872 Ludi
236 1831 451 1886 magnifici
472 1834 514 1871 et
540 1831 670 1886 grati,
702 1830 872 1872 venatio
898 1831 945 1870 in
965 1830 1080 1870 aliud
1104 1832 1272 1882 tempus
1300 1829 1441 1870 dilata.

43 1907 78 1932 30
185 1889 368 1944 Sequere
417 1904 530 1931 nunc
579 1904 645 1930 me
696 1889 743 1930 in
785 1903 990 1942 campum.
1057 1887 1192 1929 Ardet
1241 1887 1442 1942 ambitus3
1471 1897 1490 1928 7

101 1949 230 2002 “σῆμα
262 1948 313 1990 δέ
341 1965 408 1990 τοι
441 1948 574 2003 ἐρέω’.
625 1947 789 1988 Faenus
823 1962 872 1987 ex
903 1947 1058 1987 triente
1083 1945 1229 1987 Idibus
1256 1944 1443 1994 Quincti-

98 2007 210 2048 libus
242 2007 402 2047 factum
433 2010 523 2047 erat
554 2006 760 2047 bessibus.
816 2004 961 2047 Dices:
995 2005 1126 2046 ‘Istuc
1158 2004 1327 2058 quidem
1356 2018 1445 2045 non

98 2065 277 2106 moleste
307 2066 424 2107 fero.9
487 2065 520 2106 O
553 2066 712 2106 virum!
746 2079 769 2105 o
803 2065 952 2105 civem!
1013 2063 1261 2104 Memmium
1294 2061 1443 2103 Caesa-

99 2124 158 2164 ris
192 2137 336 2164 omnes
369 2138 469 2177 opes
502 2124 765 2164 confirmant.
817 2121 924 2164 Cum
957 2136 1004 2162 eo
1024 2121 1263 2163 Domitium
1295 2135 1444 2162 consu—

45 2198 80 2225 35
99 2183 160 2223 les
193 2182 435 2236 iunxerunt,
467 2196 550 2236 qua
580 2182 793 2236 pactione,
826 2181 1031 2234 epistulae
1064 2180 1327 2221 committere
1356 2194 1445 2221 non

101 2241 245 2282 audeo.
294 2239 522 2294 Pompeius
554 2241 710 2295 fremit,
743 2240 953 2294 queritur,
986 2238 1143 2280 Scauro
1177 2238 1329 2293 studet,
1361 2238 1445 2293 sed,

100 2302 246 2340 utrum
282 2299 423 2340 fronte
465 2314 517 2340 an
557 2302 716 2353 mente,
757 2298 987 2338 dubitatur.
1047 2296 1204 2351 Ἐξοχὴ
1242 2297 1288 2338 111
1323 2297 1444 2337 1111110
