1665 2553
345 94 686 129 EPISTULARUM
711 94 775 128 AD
802 93 1018 128 ATTICUM
1043 93 1092 127 XI
1121 97 1268 127 14—16.
1393 93 1475 133 341

135 194 309 246 nerunt,
349 190 458 232 nihil
500 192 679 244 possunt
710 189 792 230 nisi
841 189 980 230 timidi
1030 188 1275 229 existimari.
1349 188 1478 229 Multi

140 253 280 291 autem
313 252 426 305 sunt,
458 250 542 304 qui7
576 262 840 303 quocumque
871 248 995 289 modo
1023 247 1075 288 ad
1100 247 1197 288 illos
1225 262 1268 288 se
1295 247 1478 300 recipere

137 309 293 364 volent,
318 309 584 362 recipientur.
637 306 728 356 Quo
754 307 893 347 minus
921 306 1045 347 debes
1071 306 1218 346 mirari
1242 320 1328 346 non
1354 319 1478 359 posse

137 382 203 409 me
242 370 362 408 tanto
401 367 538 408 dolori
578 366 786 407 resistere.
850 364 990 406 Solius
1024 366 1135 405 enim
1166 379 1308 405 meum
1340 379 1479 418 pecca-

102 429 229 469 5tum
267 426 422 480 corrigi
459 440 546 466 non
583 427 724 478 potest
763 427 804 465 et
841 425 1021 465 fortasse
1065 423 1192 464 Laeli.
1257 422 1339 464 Sed
1378 422 1479 476 quid

138 500 205 526 me
237 485 278 525 id
303 484 444 525 levat?
489 482 601 524 Nam
628 482 671 524 C.
694 483 861 537 quidem
888 482 1082 524 Cassium
1108 483 1227 523 aiunt
1253 481 1479 523 consilium

137 543 446 585 Alexandream
479 543 604 584 eundi
636 542 876 582 mutavisse.

226 602 341 643 Haec
379 602 431 642 ad
467 603 509 642 te
548 601 708 655 scribo,
743 615 829 641 non
867 603 914 640 ut
947 614 1098 653 querar
1135 602 1274 640 tecum
1307 599 1355 640 de
1387 613 1479 640 mea

140 660 443 715 sollicitudine,
480 660 554 701 sed
591 662 639 700 ut
677 673 946 713 cognoscam,
984 658 1132 712 ecquid
1169 661 1218 698 tu
1250 658 1301 699 ad
1333 673 1381 698 ea
1413 657 1479 698 ad-

84 737 118 762 10
138 720 267 774 feras,
305 734 411 773 quae
449 733 516 759 me
555 718 802 771 conficiunt3
847 718 898 758 ad
937 732 1042 771 quae
1081 731 1209 772 gener
1247 716 1404 758 accedit
1438 719 1479 756 et

138 781 287 831 cetera,
326 792 432 832 quae
470 777 573 818 fletu
611 777 819 831 reprimor
858 791 910 816 ne
949 776 1139 816 scribam.
1203 774 1314 824 Quin
1351 775 1479 816 etiam

137 836 297 890 Aesopi
331 837 445 877 filius
478 850 544 877 me
577 836 799 877 excruciat.
861 834 1040 875 Prorsus
1073 834 1181 875 nihil
1213 834 1344 889 abest,
1377 834 1479 887 quin

139 895 218 936 sim
249 895 522 935 miserrimus.
582 893 661 934 Sed
692 894 742 935 ad
773 893 958 948 primum
989 896 1191 948 revertor,
1223 893 1325 946 quid
1355 894 1479 946 putes

138 954 391 1007 faciendum,
412 953 628 994 occultene
655 953 796 1006 aliquo
817 952 993 1006 propius
1014 952 1266 993 veniendum
1293 966 1346 992 an
1364 965 1479 992 mare
1515 998 1522 1001 ,

85 1030 118 1055 15
139 1012 454 1053 transeundum.
517 1010 630 1052 Nam
660 1011 729 1052 hic
761 1012 920 1052 maneri
952 1011 1111 1051 diutius
1142 1025 1229 1051 non
1260 1012 1413 1064 potest.

227 1071 292 1113 De
334 1070 568 1111 Fufidianis
613 1085 741 1124 quare
784 1069 893 1110 nihil
930 1070 1070 1123 potuit
1109 1068 1287 1110 confici?
1338 1067 1479 1109 Genus

140 1130 252 1170 enim
285 1129 545 1170 condicionis
573 1129 662 1169 eius
694 1128 810 1169 modi
836 1129 930 1181 fuit,
962 1128 1006 1168 in
1033 1142 1115 1181 quo
1142 1142 1230 1185 nqn
1255 1127 1363 1168 solet
1389 1141 1479 1167 esse

139 1188 446 1243 controversia,
490 1202 584 1229 cum
623 1202 670 1228 ea
706 1202 822 1241 pam,
867 1201 974 1240 quae
1005 1187 1174 1227 videtur
1206 1200 1296 1227 esse
1328 1185 1479 1239 minor7

138 1247 374 1288 licitatione
420 1246 579 1300 expleri
624 1249 780 1299 posset.
849 1244 941 1286 Hoc
986 1259 1063 1299 ego
1100 1259 1188 1285 non
1229 1245 1319 1285 sine
1356 1258 1480 1285 causa

86 1323 120 1347 20
141 1319 307 1359 quaero.
380 1303 583 1359 Suspicor
634 1304 746 1345 enim
796 1303 1018 1345 coheredes
1070 1303 1240 1344 dubiam
1289 1305 1481 1344 nostram

141 1379 310 1405 causam
342 1366 493 1417 putare
525 1366 566 1404 et
600 1377 647 1403 eo
680 1378 770 1404 rem
795 1363 840 1403 in
865 1362 1033 1417 integro
1061 1377 1150 1403 esse
1176 1362 1313 1403 malle.
1363 1361 1479 1402 Vale.

138 1421 204 1463 Pr.
231 1421 330 1463 Idus
363 1421 508 1463 Maias.

755 1536 869 1578 XVI.

378 1617 451 1653 Ser.
473 1617 657 1652 Brundisi
681 1617 755 1651 III
774 1618 871 1651 Non.
893 1617 977 1651 Iam.
999 1628 1031 1651 a.
1056 1619 1126 1651 707
1154 1619 1244 1660 (47).

88 1709 121 1734 25
566 1698 734 1733 CICERO
761 1697 934 1732 ATTICO
963 1697 1059 1732 SAL.

231 1771 332 1814 Non
362 1785 454 1812 meo
487 1771 593 1811 vitio
624 1770 674 1810 fit
705 1769 785 1810 hoc
817 1769 985 1823 quidem
1011 1772 1201 1823 tempore
1229 1767 1345 1824 (ante
1371 1769 1482 1809 enim

144 1834 208 1871 est
249 1828 506 1885 peccatum),
549 1832 597 1869 ut
641 1843 708 1868 me
745 1828 829 1868 ista
868 1827 1049 1881 epistula
1085 1828 1193 1868 nihil
1231 1826 1480 1868 consoletur.

144 1888 256 1929 Nam
283 1892 323 1929 et
350 1889 500 1943 exigue
527 1888 684 1940 scripta
711 1889 774 1926 est
801 1889 842 1927 et
869 1886 1130 1940 suspiciones
1155 1899 1330 1940 magnas
1354 1885 1483 1926 habet

144 1961 232 1988 non
261 1961 350 1988 esse
377 1947 429 1987 ab
456 1947 549 2000 ill03
583 1960 686 1999 quas
714 1944 1062 1985 animadvertisse
1088 1947 1130 1985 te
1156 1944 1365 1985 existimo.
1420 1943 1483 1984 De

93 2023 126 2048 30
147 2005 315 2046 obviam
346 2005 479 2046 itione
510 2005 571 2045 ita
602 2004 764 2058 faciam,
796 2006 845 2044 ut
870 2003 1029 2044 suades.
1079 2002 1228 2057 Neque
1261 2002 1372 2043 enim
1397 2002 1484 2043 ulla

147 2063 196 2104 de
228 2063 410 2104 adventu
442 2064 531 2104 eius
565 2062 708 2116 opinio
742 2065 817 2117 est,
852 2076 999 2115 neque,
1031 2062 1066 2102 si
1100 2062 1172 2115 qui
1204 2076 1254 2102 ex
1286 2059 1388 2102 Asia
1419 2075 1485 2102 ve-

146 2122 289 2176 niunt⁷
327 2122 552 2175 quicquam
591 2121 781 2162 auditum
820 2135 908 2160 esse
948 2120 1091 2160 dicunt
1130 2119 1179 2160 de
1210 2133 1324 2173 pace3
1363 2119 1484 2160 cuius

149 2194 225 2234 ego
268 2193 340 2233 spe
376 2180 422 2220 in
457 2180 564 2220 hanc
601 2179 791 2219 fraudem
829 2178 967 2218 incidi.
1030 2177 1153 2218 Nihil
1190 2177 1329 2231 video⁷
1374 2177 1486 2231 quod

150 2237 402 2292 sperandum
433 2241 596 2291 putem,
632 2251 744 2277 nunc
775 2237 1044 2292 praesertim,
1082 2251 1176 2277 cum
1208 2251 1256 2277 ea
1286 2236 1411 2291 plaga
1440 2236 1487 2276 in

95 2314 127 2339 35
148 2297 250 2338 Asia
281 2297 337 2337 sit
370 2299 558 2352 accepta,
595 2296 639 2336 in
670 2295 860 2350 Illyrico,
899 2295 942 2335 in
977 2294 1177 2337 Cassiano
1210 2295 1402 2351 negotio,
1442 2295 1488 2335 in
