1665 2553
307 93 647 128 EPISTULARUM
672 93 736 128 AD
762 92 976 128 ATTICUM
1000 93 1052 127 VI
1077 97 1108 138 3,
1134 97 1166 128 4.
1325 93 1405 133 177

70 187 197 230 Hunc
228 202 306 244 ego
339 189 473 243 patris
507 203 631 230 causa
662 188 809 229 vocavi
841 188 892 229 ad
929 203 1090 242 cenam,
1123 202 1206 242 quo
1239 188 1304 228 die
1341 202 1408 229 ve-

70 247 153 303 nit,
191 249 232 288 et
269 248 457 288 eiusdem
493 248 628 301 patris
666 262 790 288 causa
826 246 935 287 nihil
972 247 1166 301 amplius.
1226 245 1269 288 Is
1301 246 1409 287 mihi

70 305 178 347 dixit
209 320 254 347 se
278 305 459 347 Athenis
490 321 557 347 me
589 308 938 360 exspectaturum,
970 308 1018 346 ut
1048 320 1211 347 mecum
1243 305 1407 346 decede-

69 367 144 405 ret.
208 364 387 420 ‘Recte',
427 365 615 419 inquam,
661 364 760 419 quid
801 364 912 405 enim
953 364 1160 405 dicerem?
1223 362 1406 406 Omnino

35 439 50 465 5
70 426 173 477 puto
204 423 314 464 nihil
345 437 446 479 esse,
479 423 591 477 quod
623 423 746 478 dixit3
776 423 876 464 nolo
909 422 1088 478 quidem,
1119 437 1171 464 ne
1199 422 1408 463 offendam

69 484 251 537 patrem,
291 496 416 536 quem
455 481 693 523 mehercule
735 482 919 522 multum
958 481 1100 536 diligo.
1164 480 1239 522 Sin
1278 480 1408 522 fuerit

69 554 186 581 meus
219 554 377 595 comes,
416 541 665 582 moderabor
701 540 780 595 ita,
818 555 871 581 ne
914 540 1014 594 quid
1059 554 1153 581 eum
1186 540 1407 595 offendam,

71 613 197 652 quem
226 599 400 640 minime
432 599 540 640 volo.

156 656 273 698 Haeo
304 660 420 713 sunt,
453 657 580 698 etiam
610 657 728 698 illud.
775 655 1019 697 Orationem
1045 656 1089 705 Q.
1118 655 1275 698 Celeris
1300 656 1408 696 mihi

16 730 50 756 ιο
69 715 195 756 velim
220 716 365 757 mittas
392 719 538 757 contra
557 715 612 756 M.
635 715 870 757 Servilium.
919 714 1105 756 Litteras
1130 715 1253 756 mitte
1280 730 1407 769 quam

69 774 269 827 primum,
303 774 338 815 si
368 774 489 829 nihil,
520 775 625 815 nihil
650 774 741 815 fieri
772 774 838 815 vel
869 787 943 827 per
973 776 1095 814 tuum
1125 774 1406 815 tabellarium.

67 831 201 874 Piliae
233 835 274 874 et
305 833 416 874 filiae
449 833 637 874 salutem.
701 830 824 888 Cura,
854 834 902 873 ut
933 832 1083 874 valeas

703 948 776 990 IV.

216 1028 290 1063 Ser.
316 1030 357 1063 in
381 1029 508 1064 itinere
527 1030 643 1073 paulo
664 1033 747 1073 post
772 1029 868 1063 Non.
895 1030 980 1063 Iun.
1008 1040 1040 1063 a.
1069 1031 1141 1064 704
1167 1031 1259 1072 (50).

17 1116 49 1141 15
492 1109 660 1145 CICERO
684 1110 858 1145 ATTICO
886 1110 982 1145 SAL.
1029 1130 1032 1131 ν

157 1180 337 1222 Tarsum
368 1182 560 1223 venimus
586 1181 723 1223 Nonis
755 1181 899 1224 Iuniis.
961 1182 1028 1224 Ibi
1059 1197 1125 1224 me
1153 1182 1289 1223 multa
1319 1196 1407 1223 mo-

69 1242 240 1294 verunt,
280 1254 481 1294 magnum
521 1240 566 1281 in
604 1239 727 1295 Syria
764 1241 940 1295 bellum,
977 1255 1132 1296 magna
1174 1241 1220 1282 in
1261 1239 1408 1281 Cilicia

69 1298 304 1352 latrocinia,
329 1299 434 1339 mihi
461 1299 645 1340 difficilis
672 1299 781 1340 ratio
809 1300 1145 1354 administrandi,
1171 1299 1284 1353 quod
1309 1314 1407 1353 pau—

71 1371 142 1397 cos
174 1357 260 1397 dies
292 1357 501 1398 habebam
530 1358 717 1411 reliquos
744 1359 872 1399 annui
897 1359 1097 1414 muneris,
1128 1358 1235 1399 illud
1267 1360 1409 1398 autem

19 1432 52 1456 20
72 1415 386 1470 difficillimum,
428 1416 727 1470 relinquendus
769 1419 858 1458 erat
903 1431 951 1458 ex
993 1420 1164 1458 senatus
1202 1416 1407 1471 consulto,

74 1473 147 1526 qui
166 1476 388 1526 praeesset.
433 1473 554 1514 Nihjl
578 1475 718 1515 minus
743 1475 916 1529 probari
941 1478 1109 1529 poterat
1133 1490 1259 1529 quam
1285 1489 1408 1529 quae-

74 1534 164 1572 stor
190 1531 427 1572 Mescinius.
471 1531 582 1573 Nam
609 1533 657 1574 de
678 1531 820 1575 Caelio
845 1534 955 1574 nihil
973 1534 1256 1575 audiebamus.
1306 1532 1408 1574 Rec-

73 1589 289 1630 tissimum
327 1590 549 1631 videbatur
587 1591 762 1633 fratrem
802 1606 897 1632 cum
936 1592 1114 1645 imperio
1152 1592 1408 1645 relinquere,

74 1647 121 1688 in
160 1662 244 1702 quo
285 1649 421 1689 multa
463 1649 660 1703 molesta,
703 1650 909 1691 discessus
949 1653 1113 1704 noster,
1157 1650 1259 1691 belli
1302 1650 1407 1703 peri-

22 1722 56 1749 25
75 1706 228 1762 culum,
259 1707 445 1747 militum
471 1707 734 1762 improbitas,
769 1711 957 1749 sescenta
982 1711 1208 1762 praeterea.
1260 1706 1293 1748 O
1320 1722 1409 1748 rem

75 1767 213 1805 totam
254 1766 459 1806 odiosam!
523 1764 603 1806 Sed
642 1766 744 1807 haec
783 1767 955 1807 fortuna
994 1767 1166 1821 viderit,
1209 1765 1409 1820 quoniam

76 1823 254 1864 consilio
286 1838 373 1864 non
403 1824 586 1864 multum
617 1824 682 1864 uti
711 1824 819 1865 licet.

163 1881 239 1936 Tu,
270 1882 437 1935 quando
463 1881 644 1923 Romam
677 1882 830 1935 salvus,
860 1885 908 1923 ut
935 1897 1070 1936 spero,
1100 1882 1267 1935 venisti,
1298 1881 1408 1922 vide-

77 1938 165 1993 bis,
195 1942 243 1979 ut
276 1940 403 1994 soles,
436 1941 594 1996 omnia,
626 1955 731 1994 quae
764 1941 984 1995 intelleges
1016 1943 1163 1981 nostra
1193 1915 1409 1994 interesse,

24 2014 57 2039 30
76 1996 283 2050 imprimis
309 1998 358 2039 de
383 1999 522 2040 Tullia
547 2013 651 2053 mea,
683 1999 800 2040 cuius
827 1999 876 2040 de
902 1999 1145 2040 condicione
1172 1998 1272 2052 quid
1302 1975 1409 2038 mihi

75 2055 276 2110 placeret,
319 2057 469 2110 scripsi
512 2058 563 2098 ad
606 2057 863 2112 Telentiam,
912 2071 1006 2098 cum
1056 2060 1104 2097 tu
1147 2056 1192 2097 in
1236 2055 1409 2097 Graecia

77 2127 188 2154 esses
198 2113 385 2168 3deinde
417 2116 465 2156 de
496 2115 657 2157 honore
693 2118 852 2156 nostro
916 2114 1035 2181 Quod
1074 2115 1184 2156 enim
1221 2117 1270 2155 tu
1307 2114 1409 2160 afui-

74 2171 144 2270 ls—lti,
175 2186 340 2226 vereor,
370 2175 419 2213 ut
452 2175 554 2215 satis
587 2174 810 2228 diligenter
844 2176 983 2215 actum
1013 2174 1059 2214 in
1091 2175 1240 2214 senatu
1272 2173 1328 2214 sit
1359 2172 1408 2214 de

109 2230 230 2271 tteris
262 2231 377 2271 meis.

1434 666 1475 696 10

23 2303 57 2329 85
163 2287 274 2329 Illud
317 2291 533 2342 praeterea
575 2291 898 2345 μυστικώτερον
943 2289 993 2331 ad
1036 2292 1078 2331 te
1120 2290 1318 2345 scribam,
1360 2292 1408 2330 tu
1434 2300 1453 2330 3

147 2362 208 2389 cio.
228 2364 312 2395 epist.
331 2364 370 2389 ΙΙ.
1154 2362 1194 2391 12
