<?xml version="1.0" encoding="UTF-8"?>
<!DOCTYPE html PUBLIC "-//W3C//DTD XHTML 1.0 Transitional//EN"
    "http://www.w3.org/TR/xhtml1/DTD/xhtml1-transitional.dtd">
<html xmlns="http://www.w3.org/1999/xhtml" xml:lang="en" lang="en">
 <head>
  <title>
</title>
<meta http-equiv="Content-Type" content="text/html;charset=utf-8" />
  <meta name='ocr-system' content='tesseract 3.04.00' />
  <meta name='ocr-capabilities' content='ocr_page ocr_carea ocr_par ocr_line ocrx_word'/>
</head>
<body>
  <div class='ocr_page' id='page_1' title='image "./p2scriptaquaemanse03ciceuoft_0470.png"; bbox 0 0 1665 2553; ppageno 0'>
   <div class='ocr_carea' id='block_1_1' title="bbox 196 65 1112 109">
    <p class='ocr_par' dir='ltr' id='par_1_1' title="bbox 196 65 1112 109">
     <span class='ocr_line' id='line_1_1' title="bbox 196 65 1112 109; baseline -0.012 1"><span class='ocrx_word' id='word_1_1' title='bbox 196 68 281 109; x_wconf 74' lang='grc'>288</span> <span class='ocrx_word' id='word_1_2' title='bbox 621 67 670 102; x_wconf 88' lang='lat' dir='ltr'>M.</span> <span class='ocrx_word' id='word_1_3' title='bbox 692 67 834 102; x_wconf 88' lang='lat' dir='ltr'><strong><em>TULLI</em></strong></span> <span class='ocrx_word' id='word_1_4' title='bbox 860 65 1112 101; x_wconf 86' lang='lat' dir='ltr'>CICERONIS</span> 
     </span>
    </p>
   </div>
   <div class='ocr_carea' id='block_1_2' title="bbox 196 161 1545 323">
    <p class='ocr_par' dir='ltr' id='par_1_2' title="bbox 196 161 1545 323">
     <span class='ocr_line' id='line_1_2' title="bbox 196 161 1544 219; baseline -0.002 -14"><span class='ocrx_word' id='word_1_5' title='bbox 196 164 320 205; x_wconf 89' lang='lat' dir='ltr'>tiam</span> <span class='ocrx_word' id='word_1_6' title='bbox 369 164 469 219; x_wconf 69' lang='lat' dir='ltr'>illi,</span> <span class='ocrx_word' id='word_1_7' title='bbox 523 177 684 217; x_wconf 90' lang='lat' dir='ltr'>neque</span> <span class='ocrx_word' id='word_1_8' title='bbox 735 163 864 203; x_wconf 86' lang='lat' dir='ltr'>enim</span> <span class='ocrx_word' id='word_1_9' title='bbox 915 162 1069 203; x_wconf 88' lang='lat' dir='ltr'>aliter</span> <span class='ocrx_word' id='word_1_10' title='bbox 1118 162 1286 202; x_wconf 87' lang='lat' dir='ltr'>facere</span> <span class='ocrx_word' id='word_1_11' title='bbox 1337 161 1544 215; x_wconf 87' lang='lat' dir='ltr'>poterit.</span> 
     </span>
     <span class='ocr_line' id='line_1_3' title="bbox 197 220 1545 276; baseline -0.002 -12"><span class='ocrx_word' id='word_1_12' title='bbox 197 223 358 264; x_wconf 87' lang='lat' dir='ltr'>Tanta</span> <span class='ocrx_word' id='word_1_13' title='bbox 397 223 504 264; x_wconf 87' lang='lat' dir='ltr'>eius</span> <span class='ocrx_word' id='word_1_14' title='bbox 542 222 851 276; x_wconf 86' lang='lat' dir='ltr'>humanitas,</span> <span class='ocrx_word' id='word_1_15' title='bbox 890 221 932 261; x_wconf 87' lang='lat' dir='ltr'>is</span> <span class='ocrx_word' id='word_1_16' title='bbox 966 234 1156 276; x_wconf 87' lang='lat' dir='ltr'>sensus,</span> <span class='ocrx_word' id='word_1_17' title='bbox 1195 234 1248 261; x_wconf 86' lang='lat' dir='ltr'>ea</span> <span class='ocrx_word' id='word_1_18' title='bbox 1279 220 1330 261; x_wconf 88' lang='lat' dir='ltr'>in</span> <span class='ocrx_word' id='word_1_19' title='bbox 1361 235 1436 261; x_wconf 89' lang='lat' dir='ltr'>me</span> <span class='ocrx_word' id='word_1_20' title='bbox 1470 222 1545 261; x_wconf 86' lang='lat' dir='ltr'>est</span> 
     </span>
     <span class='ocr_line' id='line_1_4' title="bbox 197 281 590 323; baseline -0.005 0"><span class='ocrx_word' id='word_1_21' title='bbox 197 281 590 323; x_wconf 80' lang='lat' dir='ltr'>benevolentia’</span> 
     </span>
    </p>
   </div>
   <div class='ocr_carea' id='block_1_3' title="bbox 419 396 1600 595">
    <p class='ocr_par' dir='ltr' id='par_1_3' title="bbox 419 396 1600 595">
     <span class='ocr_line' id='line_1_5' title="bbox 804 396 940 438; baseline 0 0"><span class='ocrx_word' id='word_1_22' title='bbox 804 396 940 438; x_wconf 83' lang='lat' dir='ltr'><strong>XVII.</strong></span> 
     </span>
     <span class='ocr_line' id='line_1_6' title="bbox 419 478 1600 522; baseline -0.004 -9"><span class='ocrx_word' id='word_1_23' title='bbox 419 479 493 514; x_wconf 84' lang='lat' dir='ltr'>Scr.</span> <span class='ocrx_word' id='word_1_24' title='bbox 514 479 554 512; x_wconf 68' lang='lat' dir='ltr'>in</span> <span class='ocrx_word' id='word_1_25' title='bbox 582 479 782 513; x_wconf 74' lang='lat' dir='ltr'>Formiano</span> <span class='ocrx_word' id='word_1_26' title='bbox 815 478 874 512; x_wconf 92' lang='lat' dir='ltr'>VI</span> <span class='ocrx_word' id='word_1_27' title='bbox 895 478 943 512; x_wconf 88' lang='lat' dir='ltr'>K.</span> <span class='ocrx_word' id='word_1_28' title='bbox 965 478 1056 522; x_wconf 50' lang='lat' dir='ltr'>App</span> <span class='ocrx_word' id='word_1_29' title='bbox 1078 489 1111 512; x_wconf 83' lang='lat' dir='ltr'>a.</span> <span class='ocrx_word' id='word_1_30' title='bbox 1134 480 1205 512; x_wconf 77' lang='lat'>705</span> <span class='ocrx_word' id='word_1_31' title='bbox 1233 479 1323 520; x_wconf 73' lang='lat'><em>(49).</em></span> <span class='ocrx_word' id='word_1_32' title='bbox 1584 483 1600 508; x_wconf 86' lang='lat'>5</span> 
     </span>
     <span class='ocr_line' id='line_1_7' title="bbox 602 559 1147 595; baseline -0.004 0"><span class='ocrx_word' id='word_1_33' title='bbox 602 560 793 595; x_wconf 83' lang='lat' dir='ltr'><strong><em>CICERO</em></strong></span> <span class='ocrx_word' id='word_1_34' title='bbox 819 559 1013 594; x_wconf 86' lang='lat' dir='ltr'><strong><em>ATTICO</em></strong></span> <span class='ocrx_word' id='word_1_35' title='bbox 1039 559 1147 594; x_wconf 84' lang='lat' dir='ltr'><strong><em>SAL.</em></strong></span> 
     </span>
    </p>
   </div>
   <div class='ocr_carea' id='block_1_4' title="bbox 157 627 1600 1614">
    <p class='ocr_par' dir='ltr' id='par_1_4' title="bbox 157 627 1600 1614">
     <span class='ocr_line' id='line_1_8' title="bbox 289 627 1546 687; baseline -0.002 -13"><span class='ocrx_word' id='word_1_36' title='bbox 289 633 537 675; x_wconf 72' lang='lat' dir='ltr'>Trebatium</span> <span class='ocrx_word' id='word_1_37' title='bbox 578 627 625 673; x_wconf 56' lang='grc' dir='ltr'>νΥΙ</span> <span class='ocrx_word' id='word_1_38' title='bbox 656 632 751 673; x_wconf 84' lang='lat' dir='ltr'>Kal.</span> <span class='ocrx_word' id='word_1_39' title='bbox 761 667 771 687; x_wconf 93' lang='lat'>,</span> <span class='ocrx_word' id='word_1_40' title='bbox 810 647 893 686; x_wconf 91' lang='lat' dir='ltr'>quo</span> <span class='ocrx_word' id='word_1_41' title='bbox 927 632 992 672; x_wconf 88' lang='lat' dir='ltr'>die</span> <span class='ocrx_word' id='word_1_42' title='bbox 1023 631 1100 672; x_wconf 87' lang='lat' dir='ltr'>has</span> <span class='ocrx_word' id='word_1_43' title='bbox 1133 631 1297 672; x_wconf 72' lang='lat' dir='ltr'><strong>litteras</strong></span> <span class='ocrx_word' id='word_1_44' title='bbox 1330 630 1442 686; x_wconf 89' lang='lat' dir='ltr'>dedi,</span> <span class='ocrx_word' id='word_1_45' title='bbox 1480 645 1546 671; x_wconf 84' lang='lat' dir='ltr'>ex-</span> 
     </span>
     <span class='ocr_line' id='line_1_9' title="bbox 201 689 1546 747; baseline -0.002 -14"><span class='ocrx_word' id='word_1_46' title='bbox 201 693 455 747; x_wconf 86' lang='lat' dir='ltr'>spectabam.</span> <span class='ocrx_word' id='word_1_47' title='bbox 522 692 589 733; x_wconf 84' lang='lat' dir='ltr'>Ex</span> <span class='ocrx_word' id='word_1_48' title='bbox 629 692 718 732; x_wconf 88' lang='lat' dir='ltr'>eius</span> <span class='ocrx_word' id='word_1_49' title='bbox 756 691 909 732; x_wconf 86' lang='lat' dir='ltr'>nuntio</span> <span class='ocrx_word' id='word_1_50' title='bbox 949 691 1140 743; x_wconf 86' lang='lat' dir='ltr'>Matique</span> <span class='ocrx_word' id='word_1_51' title='bbox 1178 690 1335 730; x_wconf 90' lang='lat' dir='ltr'>litteris</span> <span class='ocrx_word' id='word_1_52' title='bbox 1374 689 1546 730; x_wconf 88' lang='lat' dir='ltr'>medita-</span> 
     </span>
     <span class='ocr_line' id='line_1_10' title="bbox 199 748 1545 805; baseline -0.002 -13"><span class='ocrx_word' id='word_1_53' title='bbox 199 752 290 805; x_wconf 90' lang='lat' dir='ltr'>bor,</span> <span class='ocrx_word' id='word_1_54' title='bbox 323 766 405 805; x_wconf 91' lang='lat' dir='ltr'>quo</span> <span class='ocrx_word' id='word_1_55' title='bbox 438 751 563 792; x_wconf 87' lang='lat' dir='ltr'>modo</span> <span class='ocrx_word' id='word_1_56' title='bbox 597 765 692 791; x_wconf 85' lang='lat' dir='ltr'>cum</span> <span class='ocrx_word' id='word_1_57' title='bbox 723 750 797 791; x_wconf 88' lang='lat' dir='ltr'>illo</span> <span class='ocrx_word' id='word_1_58' title='bbox 830 750 992 803; x_wconf 84' lang='lat' dir='ltr'>loquar.</span> <span class='ocrx_word' id='word_1_59' title='bbox 1056 748 1090 789; x_wconf 89' lang='grc' dir='ltr'>Ο</span> <span class='ocrx_word' id='word_1_60' title='bbox 1122 752 1291 802; x_wconf 89' lang='lat' dir='ltr'>tempus</span> <span class='ocrx_word' id='word_1_61' title='bbox 1323 749 1545 789; x_wconf 86' lang='lat' dir='ltr'>miserum!</span> 
     </span>
     <span class='ocr_line' id='line_1_11' title="bbox 200 807 1599 864; baseline -0.001 -13"><span class='ocrx_word' id='word_1_62' title='bbox 200 809 289 851; x_wconf 86' lang='lat' dir='ltr'>Nec</span> <span class='ocrx_word' id='word_1_63' title='bbox 322 810 492 864; x_wconf 89' lang='lat' dir='ltr'>dubito,</span> <span class='ocrx_word' id='word_1_64' title='bbox 531 810 635 863; x_wconf 89' lang='lat' dir='ltr'>quin</span> <span class='ocrx_word' id='word_1_65' title='bbox 668 825 690 850; x_wconf 91' lang='lat' dir='ltr'>a</span> <span class='ocrx_word' id='word_1_66' title='bbox 722 824 788 849; x_wconf 89' lang='lat' dir='ltr'>me</span> <span class='ocrx_word' id='word_1_67' title='bbox 820 808 1065 862; x_wconf 83' lang='lat' dir='ltr'>contendat,</span> <span class='ocrx_word' id='word_1_68' title='bbox 1106 808 1157 848; x_wconf 86' lang='lat' dir='ltr'>ad</span> <span class='ocrx_word' id='word_1_69' title='bbox 1188 808 1338 848; x_wconf 87' lang='lat' dir='ltr'>urbem</span> <span class='ocrx_word' id='word_1_70' title='bbox 1368 807 1544 848; x_wconf 85' lang='lat' dir='ltr'>veniam.</span> <span class='ocrx_word' id='word_1_71' title='bbox 1566 824 1599 849; x_wconf 93' lang='lat'>10</span> 
     </span>
     <span class='ocr_line' id='line_1_12' title="bbox 202 866 1546 920; baseline -0.003 -10"><span class='ocrx_word' id='word_1_72' title='bbox 202 869 405 911; x_wconf 84' lang='lat' dir='ltr'>Senatum</span> <span class='ocrx_word' id='word_1_73' title='bbox 451 868 562 909; x_wconf 88' lang='lat' dir='ltr'>enim</span> <span class='ocrx_word' id='word_1_74' title='bbox 606 868 809 909; x_wconf 79' lang='lat' dir='ltr'>Kalendis</span> <span class='ocrx_word' id='word_1_75' title='bbox 854 867 961 908; x_wconf 84' lang='lat' dir='ltr'>velle</span> <span class='ocrx_word' id='word_1_76' title='bbox 1006 881 1049 908; x_wconf 89' lang='lat' dir='ltr'>se</span> <span class='ocrx_word' id='word_1_77' title='bbox 1093 867 1359 920; x_wconf 71' lang='lat' dir='ltr'>frequentem</span> <span class='ocrx_word' id='word_1_78' title='bbox 1403 866 1546 907; x_wconf 81' lang='lat' dir='ltr'>adesse</span> 
     </span>
     <span class='ocr_line' id='line_1_13' title="bbox 201 925 1547 981; baseline -0.002 -13"><span class='ocrx_word' id='word_1_79' title='bbox 201 929 330 968; x_wconf 86' lang='lat' dir='ltr'>etiam</span> <span class='ocrx_word' id='word_1_80' title='bbox 372 927 557 968; x_wconf 84' lang='lat' dir='ltr'>Formiis</span> <span class='ocrx_word' id='word_1_81' title='bbox 601 926 811 981; x_wconf 82' lang='lat' dir='ltr'>proscribi</span> <span class='ocrx_word' id='word_1_82' title='bbox 855 926 992 967; x_wconf 86' lang='lat' dir='ltr'>iussit.</span> <span class='ocrx_word' id='word_1_83' title='bbox 1064 925 1182 980; x_wconf 81' lang='lat' dir='ltr'>Ergo</span> <span class='ocrx_word' id='word_1_84' title='bbox 1228 925 1266 966; x_wconf 88' lang='lat' dir='ltr'>ei</span> <span class='ocrx_word' id='word_1_85' title='bbox 1307 925 1547 980; x_wconf 82' lang='lat' dir='ltr'>negandum</span> 
     </span>
     <span class='ocr_line' id='line_1_14' title="bbox 202 984 1547 1040; baseline -0.002 -13"><span class='ocrx_word' id='word_1_86' title='bbox 202 987 294 1027; x_wconf 79' lang='lat' dir='ltr'>est?</span> <span class='ocrx_word' id='word_1_87' title='bbox 358 985 438 1027; x_wconf 72' lang='lat' dir='ltr'>Sed</span> <span class='ocrx_word' id='word_1_88' title='bbox 480 986 581 1040; x_wconf 89' lang='lat' dir='ltr'>quid</span> <span class='ocrx_word' id='word_1_89' title='bbox 623 985 866 1039; x_wconf 75' lang='lat' dir='ltr'>praeripio‘.&gt;</span> <span class='ocrx_word' id='word_1_90' title='bbox 918 984 1075 1026; x_wconf 75' lang='lat' dir='ltr'>Statim</span> <span class='ocrx_word' id='word_1_91' title='bbox 1116 984 1167 1025; x_wconf 88' lang='lat' dir='ltr'>ad</span> <span class='ocrx_word' id='word_1_92' title='bbox 1206 986 1249 1025; x_wconf 89' lang='lat' dir='ltr'>te</span> <span class='ocrx_word' id='word_1_93' title='bbox 1288 984 1547 1038; x_wconf 80' lang='lat' dir='ltr'>perscribam</span> 
     </span>
     <span class='ocr_line' id='line_1_15' title="bbox 203 1042 1548 1097; baseline -0.002 -11"><span class='ocrx_word' id='word_1_94' title='bbox 203 1046 354 1086; x_wconf 87' lang='lat' dir='ltr'>omnia.</span> <span class='ocrx_word' id='word_1_95' title='bbox 416 1045 485 1085; x_wconf 74' lang='lat' dir='ltr'>Ex</span> <span class='ocrx_word' id='word_1_96' title='bbox 523 1045 638 1085; x_wconf 86' lang='lat' dir='ltr'>illius</span> <span class='ocrx_word' id='word_1_97' title='bbox 680 1058 872 1085; x_wconf 84' lang='lat' dir='ltr'>sermone</span> <span class='ocrx_word' id='word_1_98' title='bbox 905 1047 1109 1097; x_wconf 84' lang='lat' dir='ltr'>statuam,</span> <span class='ocrx_word' id='word_1_99' title='bbox 1146 1042 1411 1096; x_wconf 83' lang='lat' dir='ltr'>Arpinumne</span> <span class='ocrx_word' id='word_1_100' title='bbox 1441 1042 1548 1083; x_wconf 84' lang='lat' dir='ltr'>mihi</span> 
     </span>
     <span class='ocr_line' id='line_1_16' title="bbox 202 1101 1598 1156; baseline -0.001 -12"><span class='ocrx_word' id='word_1_101' title='bbox 202 1104 385 1144; x_wconf 85' lang='lat' dir='ltr'>eundum</span> <span class='ocrx_word' id='word_1_102' title='bbox 429 1104 485 1144; x_wconf 90' lang='lat' dir='ltr'>sit</span> <span class='ocrx_word' id='word_1_103' title='bbox 524 1118 578 1143; x_wconf 87' lang='lat' dir='ltr'>an</span> <span class='ocrx_word' id='word_1_104' title='bbox 616 1117 698 1156; x_wconf 89' lang='lat' dir='ltr'>quo</span> <span class='ocrx_word' id='word_1_105' title='bbox 737 1103 831 1144; x_wconf 87' lang='lat' dir='ltr'>alio.</span> <span class='ocrx_word' id='word_1_106' title='bbox 893 1102 1004 1143; x_wconf 80' lang='lat' dir='ltr'>Volo</span> <span class='ocrx_word' id='word_1_107' title='bbox 1046 1101 1240 1146; x_wconf 64' lang='lat' dir='ltr'>Ciceroni&gt;</span> <span class='ocrx_word' id='word_1_108' title='bbox 1274 1116 1368 1142; x_wconf 87' lang='lat' dir='ltr'>meo</span> <span class='ocrx_word' id='word_1_109' title='bbox 1399 1104 1546 1156; x_wconf 80' lang='lat' dir='ltr'>togam</span> <span class='ocrx_word' id='word_1_110' title='bbox 1565 1119 1598 1144; x_wconf 89' lang='lat'>15</span> 
     </span>
     <span class='ocr_line' id='line_1_17' title="bbox 157 1159 1547 1216; baseline -0.002 -13"><span class='ocrx_word' id='word_1_111' title='bbox 157 1196 174 1204; x_wconf 74' lang='grc'>-</span> <span class='ocrx_word' id='word_1_112' title='bbox 203 1178 354 1216; x_wconf 87' lang='lat' dir='ltr'>puram</span> <span class='ocrx_word' id='word_1_113' title='bbox 399 1162 514 1215; x_wconf 88' lang='lat' dir='ltr'>dare,</span> <span class='ocrx_word' id='word_1_114' title='bbox 563 1162 661 1202; x_wconf 87' lang='lat' dir='ltr'>istic</span> <span class='ocrx_word' id='word_1_115' title='bbox 704 1164 820 1214; x_wconf 87' lang='lat' dir='ltr'>puto.</span> <span class='ocrx_word' id='word_1_116' title='bbox 890 1161 971 1214; x_wconf 86' lang='lat' dir='ltr'>Tu,</span> <span class='ocrx_word' id='word_1_117' title='bbox 1025 1175 1199 1214; x_wconf 87' lang='lat' dir='ltr'>quaeso,</span> <span class='ocrx_word' id='word_1_118' title='bbox 1244 1160 1401 1214; x_wconf 80' lang='lat' dir='ltr'>cogita,</span> <span class='ocrx_word' id='word_1_119' title='bbox 1446 1159 1547 1214; x_wconf 88' lang='lat' dir='ltr'>quid</span> 
     </span>
     <span class='ocr_line' id='line_1_18' title="bbox 204 1217 1547 1261; baseline -0.002 0"><span class='ocrx_word' id='word_1_120' title='bbox 204 1221 361 1261; x_wconf 91' lang='lat' dir='ltr'>deinde.</span> <span class='ocrx_word' id='word_1_121' title='bbox 424 1219 537 1261; x_wconf 78' lang='lat' dir='ltr'>Nam</span> <span class='ocrx_word' id='word_1_122' title='bbox 576 1235 643 1260; x_wconf 90' lang='lat' dir='ltr'>me</span> <span class='ocrx_word' id='word_1_123' title='bbox 680 1219 876 1260; x_wconf 85' lang='lat' dir='ltr'>hebetem</span> <span class='ocrx_word' id='word_1_124' title='bbox 907 1219 1126 1260; x_wconf 84' lang='lat' dir='ltr'>molestiae</span> <span class='ocrx_word' id='word_1_125' title='bbox 1159 1218 1442 1259; x_wconf 89' lang='lat' dir='ltr'>reddiderunt.</span> <span class='ocrx_word' id='word_1_126' title='bbox 1507 1217 1547 1258; x_wconf 93' lang='lat' dir='ltr'>A</span> 
     </span>
     <span class='ocr_line' id='line_1_19' title="bbox 204 1276 1547 1332; baseline -0.002 -12"><span class='ocrx_word' id='word_1_127' title='bbox 204 1278 332 1320; x_wconf 84' lang='lat' dir='ltr'>Curio</span> <span class='ocrx_word' id='word_1_128' title='bbox 376 1279 504 1319; x_wconf 72' lang='lat' dir='ltr'>velim</span> <span class='ocrx_word' id='word_1_129' title='bbox 549 1279 654 1319; x_wconf 89' lang='lat' dir='ltr'>scire</span> <span class='ocrx_word' id='word_1_130' title='bbox 699 1279 847 1332; x_wconf 84' lang='lat' dir='ltr'>ecquid</span> <span class='ocrx_word' id='word_1_131' title='bbox 886 1278 937 1318; x_wconf 88' lang='lat' dir='ltr'>ad</span> <span class='ocrx_word' id='word_1_132' title='bbox 973 1281 1015 1319; x_wconf 89' lang='lat' dir='ltr'>te</span> <span class='ocrx_word' id='word_1_133' title='bbox 1054 1278 1260 1331; x_wconf 88' lang='lat' dir='ltr'>scriptum</span> <span class='ocrx_word' id='word_1_134' title='bbox 1299 1277 1354 1318; x_wconf 88' lang='lat' dir='ltr'>sit</span> <span class='ocrx_word' id='word_1_135' title='bbox 1393 1277 1442 1317; x_wconf 89' lang='lat' dir='ltr'>de</span> <span class='ocrx_word' id='word_1_136' title='bbox 1480 1276 1547 1317; x_wconf 91' lang='lat' dir='ltr'>Ti-</span> 
     </span>
     <span class='ocr_line' id='line_1_20' title="bbox 203 1336 1547 1391; baseline -0.002 -12"><span class='ocrx_word' id='word_1_137' title='bbox 203 1353 314 1379; x_wconf 88' lang='lat' dir='ltr'>rone.</span> <span class='ocrx_word' id='word_1_138' title='bbox 378 1337 445 1378; x_wconf 88' lang='lat' dir='ltr'>Ad</span> <span class='ocrx_word' id='word_1_139' title='bbox 482 1352 549 1378; x_wconf 90' lang='lat' dir='ltr'>me</span> <span class='ocrx_word' id='word_1_140' title='bbox 587 1337 698 1378; x_wconf 89' lang='lat' dir='ltr'>enim</span> <span class='ocrx_word' id='word_1_141' title='bbox 739 1337 830 1390; x_wconf 86' lang='lat' dir='ltr'>ipse</span> <span class='ocrx_word' id='word_1_142' title='bbox 862 1337 962 1377; x_wconf 89' lang='lat' dir='ltr'>Tiro</span> <span class='ocrx_word' id='word_1_143' title='bbox 994 1337 1054 1377; x_wconf 90' lang='lat' dir='ltr'>ita</span> <span class='ocrx_word' id='word_1_144' title='bbox 1088 1336 1276 1391; x_wconf 75' lang='lat' dir='ltr'>scripsit,</span> <span class='ocrx_word' id='word_1_145' title='bbox 1312 1338 1361 1376; x_wconf 89' lang='lat' dir='ltr'>ut</span> <span class='ocrx_word' id='word_1_146' title='bbox 1391 1350 1547 1389; x_wconf 79' lang='lat' dir='ltr'>verear,</span> 
     </span>
     <span class='ocr_line' id='line_1_21' title="bbox 204 1395 1600 1450; baseline -0.001 -12"><span class='ocrx_word' id='word_1_147' title='bbox 204 1397 305 1450; x_wconf 90' lang='lat' dir='ltr'>quid</span> <span class='ocrx_word' id='word_1_148' title='bbox 337 1399 448 1450; x_wconf 79' lang='lat' dir='ltr'>agat.</span> <span class='ocrx_word' id='word_1_149' title='bbox 512 1395 593 1445; x_wconf 86' lang='lat' dir='ltr'>Qui</span> <span class='ocrx_word' id='word_1_150' title='bbox 626 1399 767 1436; x_wconf 87' lang='lat' dir='ltr'>autem</span> <span class='ocrx_word' id='word_1_151' title='bbox 799 1396 975 1436; x_wconf 79' lang='lat' dir='ltr'>veniunt</span> <span class='ocrx_word' id='word_1_152' title='bbox 1006 1395 1120 1449; x_wconf 84' lang='lat' dir='ltr'>inde,</span> <span class='ocrx_word' id='word_1_153' title='bbox 1158 1395 1409 1448; x_wconf 76' lang='grc' dir='ltr'><em>κινδυνώδη</em></span> <span class='ocrx_word' id='word_1_154' title='bbox 1442 1408 1545 1435; x_wconf 83' lang='lat' dir='ltr'>nun-</span> <span class='ocrx_word' id='word_1_155' title='bbox 1567 1413 1600 1437; x_wconf 76' lang='lat'>20</span> 
     </span>
     <span class='ocr_line' id='line_1_22' title="bbox 202 1453 1544 1509; baseline -0.002 -13"><span class='ocrx_word' id='word_1_156' title='bbox 202 1457 324 1496; x_wconf 84' lang='lat' dir='ltr'>tiant.</span> <span class='ocrx_word' id='word_1_157' title='bbox 377 1454 484 1496; x_wconf 78' lang='lat' dir='ltr'>Sane</span> <span class='ocrx_word' id='word_1_158' title='bbox 517 1455 561 1495; x_wconf 90' lang='lat' dir='ltr'>in</span> <span class='ocrx_word' id='word_1_159' title='bbox 592 1455 758 1509; x_wconf 80' lang='lat' dir='ltr'>magnis</span> <span class='ocrx_word' id='word_1_160' title='bbox 792 1454 903 1494; x_wconf 86' lang='lat' dir='ltr'>curis</span> <span class='ocrx_word' id='word_1_161' title='bbox 931 1454 1057 1495; x_wconf 84' lang='lat' dir='ltr'>etiam</span> <span class='ocrx_word' id='word_1_162' title='bbox 1082 1453 1184 1494; x_wconf 84' lang='lat' dir='ltr'>haec</span> <span class='ocrx_word' id='word_1_163' title='bbox 1210 1468 1276 1494; x_wconf 88' lang='lat' dir='ltr'>me</span> <span class='ocrx_word' id='word_1_164' title='bbox 1302 1453 1544 1494; x_wconf 82' lang='lat' dir='ltr'>sollicitant.</span> 
     </span>
     <span class='ocr_line' id='line_1_23' title="bbox 202 1511 1547 1567; baseline -0.001 -13"><span class='ocrx_word' id='word_1_165' title='bbox 202 1513 254 1555; x_wconf 90' lang='lat' dir='ltr'>In</span> <span class='ocrx_word' id='word_1_166' title='bbox 290 1514 367 1554; x_wconf 86' lang='lat' dir='ltr'>hac</span> <span class='ocrx_word' id='word_1_167' title='bbox 406 1513 516 1554; x_wconf 88' lang='lat' dir='ltr'>enim</span> <span class='ocrx_word' id='word_1_168' title='bbox 555 1514 728 1554; x_wconf 83' lang='lat' dir='ltr'>fortuna</span> <span class='ocrx_word' id='word_1_169' title='bbox 766 1513 962 1567; x_wconf 85' lang='lat' dir='ltr'>perutilis</span> <span class='ocrx_word' id='word_1_170' title='bbox 1002 1513 1091 1553; x_wconf 91' lang='lat' dir='ltr'>eius</span> <span class='ocrx_word' id='word_1_171' title='bbox 1131 1515 1172 1554; x_wconf 91' lang='lat' dir='ltr'>et-</span> <span class='ocrx_word' id='word_1_172' title='bbox 1212 1526 1339 1566; x_wconf 84' lang='lat' dir='ltr'>opera</span> <span class='ocrx_word' id='word_1_173' title='bbox 1377 1514 1418 1553; x_wconf 88' lang='lat' dir='ltr'>et</span> <span class='ocrx_word' id='word_1_174' title='bbox 1449 1511 1547 1552; x_wconf 90' lang='lat' dir='ltr'>fide-</span> 
     </span>
     <span class='ocr_line' id='line_1_24' title="bbox 202 1573 457 1614; baseline 0 -1"><span class='ocrx_word' id='word_1_175' title='bbox 202 1573 302 1613; x_wconf 83' lang='lat' dir='ltr'>litas</span> <span class='ocrx_word' id='word_1_176' title='bbox 336 1575 457 1614; x_wconf 86' lang='lat' dir='ltr'>esset.</span> 
     </span>
    </p>
   </div>
   <div class='ocr_carea' id='block_1_5' title="bbox 505 1690 1599 1888">
    <p class='ocr_par' dir='ltr' id='par_1_5' title="bbox 505 1690 1599 1888">
     <span class='ocr_line' id='line_1_25' title="bbox 799 1690 956 1732; baseline -0.006 0"><span class='ocrx_word' id='word_1_177' title='bbox 799 1690 956 1732; x_wconf 79' lang='lat' dir='ltr'>XVIII.</span> 
     </span>
     <span class='ocr_line' id='line_1_26' title="bbox 505 1770 1599 1815; baseline -0.005 -9"><span class='ocrx_word' id='word_1_178' title='bbox 505 1770 579 1806; x_wconf 81' lang='lat' dir='ltr'>Ser.</span> <span class='ocrx_word' id='word_1_179' title='bbox 601 1771 740 1815; x_wconf 75' lang='lat' dir='ltr'>Arpini</span> <span class='ocrx_word' id='word_1_180' title='bbox 770 1771 804 1804; x_wconf 74' lang='lat' dir='ltr'><strong><em>V</em></strong></span> <span class='ocrx_word' id='word_1_181' title='bbox 828 1771 874 1805; x_wconf 87' lang='lat' dir='ltr'>K.</span> <span class='ocrx_word' id='word_1_182' title='bbox 896 1771 987 1815; x_wconf 74' lang='lat' dir='ltr'>Apr.</span> <span class='ocrx_word' id='word_1_183' title='bbox 1008 1782 1040 1805; x_wconf 83' lang='grc' dir='ltr'>α.</span> <span class='ocrx_word' id='word_1_184' title='bbox 1064 1772 1135 1805; x_wconf 81' lang='lat'>705</span> <span class='ocrx_word' id='word_1_185' title='bbox 1162 1772 1252 1812; x_wconf 69' lang='lat'><em>(49).</em></span> <span class='ocrx_word' id='word_1_186' title='bbox 1567 1775 1599 1802; x_wconf 66' lang='grc' dir='ltr'>ΞΕ</span> 
     </span>
     <span class='ocr_line' id='line_1_27' title="bbox 609 1851 1146 1888; baseline -0.004 -1"><span class='ocrx_word' id='word_1_187' title='bbox 609 1852 798 1888; x_wconf 84' lang='lat' dir='ltr'>CICERO</span> <span class='ocrx_word' id='word_1_188' title='bbox 822 1852 1014 1887; x_wconf 85' lang='lat' dir='ltr'><strong><em>ATTICO</em></strong></span> <span class='ocrx_word' id='word_1_189' title='bbox 1040 1851 1146 1886; x_wconf 82' lang='lat' dir='ltr'><strong><em>SAL.</em></strong></span> 
     </span>
    </p>
   </div>
   <div class='ocr_carea' id='block_1_6' title="bbox 206 1921 1600 2329">
    <p class='ocr_par' dir='ltr' id='par_1_6' title="bbox 206 1921 1600 2329">
     <span class='ocr_line' id='line_1_28' title="bbox 294 1921 1548 1979; baseline -0.003 -13"><span class='ocrx_word' id='word_1_190' title='bbox 294 1924 535 1979; x_wconf 87' lang='lat' dir='ltr'>Utrumque</span> <span class='ocrx_word' id='word_1_191' title='bbox 574 1939 623 1966; x_wconf 80' lang='lat' dir='ltr'>ex</span> <span class='ocrx_word' id='word_1_192' title='bbox 662 1927 736 1965; x_wconf 89' lang='lat' dir='ltr'>tuo</span> <span class='ocrx_word' id='word_1_193' title='bbox 770 1924 965 1978; x_wconf 80' lang='lat' dir='ltr'>consilio3</span> <span class='ocrx_word' id='word_1_194' title='bbox 1009 1938 1108 1964; x_wconf 83' lang='lat' dir='ltr'>nam</span> <span class='ocrx_word' id='word_1_195' title='bbox 1141 1926 1182 1964; x_wconf 86' lang='lat' dir='ltr'>et</span> <span class='ocrx_word' id='word_1_196' title='bbox 1215 1922 1351 1963; x_wconf 87' lang='lat' dir='ltr'>oratio</span> <span class='ocrx_word' id='word_1_197' title='bbox 1384 1921 1467 1963; x_wconf 88' lang='lat' dir='ltr'>fuit</span> <span class='ocrx_word' id='word_1_198' title='bbox 1501 1936 1548 1963; x_wconf 87' lang='lat' dir='ltr'>ea</span> 
     </span>
     <span class='ocr_line' id='line_1_29' title="bbox 206 1981 1548 2039; baseline -0.002 -15"><span class='ocrx_word' id='word_1_199' title='bbox 206 1987 366 2039; x_wconf 85' lang='lat' dir='ltr'>nostra,</span> <span class='ocrx_word' id='word_1_200' title='bbox 397 1986 445 2024; x_wconf 90' lang='lat' dir='ltr'>ut</span> <span class='ocrx_word' id='word_1_201' title='bbox 478 1984 582 2024; x_wconf 90' lang='lat' dir='ltr'>bene</span> <span class='ocrx_word' id='word_1_202' title='bbox 614 1984 758 2037; x_wconf 90' lang='lat' dir='ltr'>potius</span> <span class='ocrx_word' id='word_1_203' title='bbox 791 1983 862 2023; x_wconf 86' lang='grc'>1110</span> <span class='ocrx_word' id='word_1_204' title='bbox 894 1983 943 2023; x_wconf 91' lang='lat' dir='ltr'>de</span> <span class='ocrx_word' id='word_1_205' title='bbox 975 1983 1099 2023; x_wconf 85' lang='lat' dir='ltr'>nobis</span> <span class='ocrx_word' id='word_1_206' title='bbox 1130 1981 1394 2022; x_wconf 73' lang='lat' dir='ltr'>existimaret</span> <span class='ocrx_word' id='word_1_207' title='bbox 1421 1995 1548 2035; x_wconf 85' lang='lat' dir='ltr'>quam</span> 
     </span>
     <span class='ocr_line' id='line_1_30' title="bbox 207 2038 1547 2097; baseline -0.001 -16"><span class='ocrx_word' id='word_1_208' title='bbox 207 2041 368 2096; x_wconf 81' lang='lat' dir='ltr'>gratias</span> <span class='ocrx_word' id='word_1_209' title='bbox 401 2045 557 2097; x_wconf 78' lang='lat' dir='ltr'>ageret,</span> <span class='ocrx_word' id='word_1_210' title='bbox 587 2044 629 2082; x_wconf 90' lang='lat' dir='ltr'>et</span> <span class='ocrx_word' id='word_1_211' title='bbox 660 2042 705 2082; x_wconf 88' lang='lat' dir='ltr'>in</span> <span class='ocrx_word' id='word_1_212' title='bbox 737 2056 784 2082; x_wconf 90' lang='lat' dir='ltr'>eo</span> <span class='ocrx_word' id='word_1_213' title='bbox 818 2041 1064 2094; x_wconf 84' lang='lat' dir='ltr'>mansimus,</span> <span class='ocrx_word' id='word_1_214' title='bbox 1095 2055 1147 2081; x_wconf 89' lang='lat' dir='ltr'>ne</span> <span class='ocrx_word' id='word_1_215' title='bbox 1181 2040 1233 2080; x_wconf 88' lang='lat' dir='ltr'>ad</span> <span class='ocrx_word' id='word_1_216' title='bbox 1258 2040 1418 2080; x_wconf 84' lang='lat' dir='ltr'>urbem.</span> <span class='ocrx_word' id='word_1_217' title='bbox 1467 2038 1547 2080; x_wconf 84' lang='lat' dir='ltr'>Illa</span> 
     </span>
     <span class='ocr_line' id='line_1_31' title="bbox 206 2097 1600 2156; baseline 0 -16"><span class='ocrx_word' id='word_1_218' title='bbox 206 2100 459 2156; x_wconf 84' lang='lat' dir='ltr'>fefellerunt,</span> <span class='ocrx_word' id='word_1_219' title='bbox 491 2101 657 2141; x_wconf 85' lang='lat' dir='ltr'>facilem</span> <span class='ocrx_word' id='word_1_220' title='bbox 685 2100 798 2154; x_wconf 86' lang='lat' dir='ltr'>quod</span> <span class='ocrx_word' id='word_1_221' title='bbox 823 2102 1082 2153; x_wconf 86' lang='lat' dir='ltr'>putaramus.</span> <span class='ocrx_word' id='word_1_222' title='bbox 1133 2097 1255 2139; x_wconf 86' lang='lat' dir='ltr'>Nihil</span> <span class='ocrx_word' id='word_1_223' title='bbox 1281 2098 1368 2139; x_wconf 89' lang='lat' dir='ltr'>vidi</span> <span class='ocrx_word' id='word_1_224' title='bbox 1393 2098 1546 2139; x_wconf 86' lang='lat' dir='ltr'>minus.</span> <span class='ocrx_word' id='word_1_225' title='bbox 1567 2115 1600 2140; x_wconf 83' lang='lat'>30</span> 
     </span>
     <span class='ocr_line' id='line_1_32' title="bbox 207 2156 1547 2212; baseline -0.001 -15"><span class='ocrx_word' id='word_1_226' title='bbox 207 2157 411 2199; x_wconf 84' lang='lat' dir='ltr'>Damnari</span> <span class='ocrx_word' id='word_1_227' title='bbox 462 2173 505 2200; x_wconf 88' lang='lat' dir='ltr'>se</span> <span class='ocrx_word' id='word_1_228' title='bbox 553 2161 702 2199; x_wconf 84' lang='lat' dir='ltr'>nostro</span> <span class='ocrx_word' id='word_1_229' title='bbox 746 2158 921 2212; x_wconf 88' lang='lat' dir='ltr'>iudicio,</span> <span class='ocrx_word' id='word_1_230' title='bbox 959 2157 1166 2198; x_wconf 87' lang='lat' dir='ltr'>tardiores</span> <span class='ocrx_word' id='word_1_231' title='bbox 1210 2156 1302 2197; x_wconf 82' lang='lat' dir='ltr'>fore</span> <span class='ocrx_word' id='word_1_232' title='bbox 1346 2157 1547 2210; x_wconf 87' lang='lat' dir='ltr'>reliquos,</span> 
     </span>
     <span class='ocr_line' id='line_1_33' title="bbox 209 2215 1546 2270; baseline -0.001 -15"><span class='ocrx_word' id='word_1_233' title='bbox 209 2216 244 2255; x_wconf 91' lang='lat' dir='ltr'>si</span> <span class='ocrx_word' id='word_1_234' title='bbox 275 2231 353 2256; x_wconf 85' lang='lat' dir='ltr'>nos</span> <span class='ocrx_word' id='word_1_235' title='bbox 382 2231 469 2258; x_wconf 85' lang='lat' dir='ltr'>non</span> <span class='ocrx_word' id='word_1_236' title='bbox 494 2218 746 2269; x_wconf 79' lang='lat' dir='ltr'>veniremus,</span> <span class='ocrx_word' id='word_1_237' title='bbox 779 2216 924 2257; x_wconf 89' lang='lat' dir='ltr'>dicere.</span> <span class='ocrx_word' id='word_1_238' title='bbox 975 2216 1070 2270; x_wconf 78' lang='lat' dir='ltr'>Ego</span> <span class='ocrx_word' id='word_1_239' title='bbox 1099 2215 1349 2256; x_wconf 86' lang='lat' dir='ltr'>dissimilem</span> <span class='ocrx_word' id='word_1_240' title='bbox 1375 2215 1546 2255; x_wconf 88' lang='lat' dir='ltr'>illorum</span> 
     </span>
     <span class='ocr_line' id='line_1_34' title="bbox 209 2271 1546 2329; baseline 0.001 -16"><span class='ocrx_word' id='word_1_241' title='bbox 209 2287 298 2314; x_wconf 83' lang='lat' dir='ltr'>esse</span> <span class='ocrx_word' id='word_1_242' title='bbox 328 2289 505 2316; x_wconf 84' lang='lat' dir='ltr'>causam.</span> <span class='ocrx_word' id='word_1_243' title='bbox 557 2275 664 2316; x_wconf 80' lang='lat' dir='ltr'>Cum</span> <span class='ocrx_word' id='word_1_244' title='bbox 690 2275 836 2329; x_wconf 86' lang='lat' dir='ltr'>multa,</span> <span class='ocrx_word' id='word_1_245' title='bbox 863 2275 988 2315; x_wconf 64' lang='lat' dir='ltr'>‘Veni</span> <span class='ocrx_word' id='word_1_246' title='bbox 1013 2274 1146 2328; x_wconf 80' lang='lat' dir='ltr'>igitur</span> <span class='ocrx_word' id='word_1_247' title='bbox 1173 2276 1214 2315; x_wconf 89' lang='lat' dir='ltr'>et</span> <span class='ocrx_word' id='word_1_248' title='bbox 1241 2288 1317 2329; x_wconf 84' lang='lat' dir='ltr'>age</span> <span class='ocrx_word' id='word_1_249' title='bbox 1342 2273 1391 2314; x_wconf 91' lang='lat' dir='ltr'>de</span> <span class='ocrx_word' id='word_1_250' title='bbox 1418 2271 1546 2326; x_wconf 88' lang='lat' dir='ltr'>pace.&#39;</span> 
     </span>
    </p>
   </div>
  </div>
 </body>
</html>
