1665 2553
351 598 426 651 M.
465 598 717 651 TULLI
757 597 1206 651 CICERONIS

276 704 786 751 EPISTULARUM
830 704 919 750 AD
963 703 1286 769 ATTICUM

547 806 721 848 LIBER
754 806 1012 848 TERTIUS.

764 993 796 1035 I.

364 1075 438 1110 Ser.
465 1076 506 1109 in
530 1076 656 1110 itinere
680 1075 731 1108 in.
758 1086 802 1108 m.
829 1075 920 1119 Apr.
947 1086 980 1108 a.
1009 1077 1082 1109 696
1108 1076 1200 1118 (58).

535 1155 702 1191 CICERO
729 1155 902 1191 ATTICO
930 1155 1027 1190 SAL.

201 1228 309 1271 Cum
346 1231 469 1270 antea
505 1229 687 1270 maxime
721 1231 870 1270 nostra
900 1229 1106 1270 interesse
1139 1227 1379 1268 arbitrabar
1410 1229 1453 1268 te

114 1303 205 1330 esse
234 1288 470 1344 nobiscum,
499 1290 593 1328 tum
623 1302 737 1342 vero,
767 1290 815 1328 ut
841 1287 926 1342 legi
951 1287 1230 1341 rogationem,
1260 1286 1453 1327 intellexi

114 1348 165 1388 ad
196 1347 278 1388 iter
309 1347 369 1402 id,
406 1346 519 1401 quod
550 1347 773 1401 constitui,
808 1346 918 1386 nihil
948 1345 1055 1386 mihi
1087 1345 1275 1399 optatius
1308 1344 1453 1386 cadere

59 1421 94 1445 ιο
114 1420 258 1460 posse,
299 1420 426 1459 quam
461 1407 510 1446 ut
547 1407 596 1446 tu
632 1420 699 1446 me
738 1419 865 1459 quam
908 1404 1094 1458 primum
1138 1418 1454 1458 consequerere,

113 1466 180 1519 ut,
217 1478 312 1505 cum
350 1478 400 1504 ex
435 1462 562 1504 Italia
592 1464 772 1517 profecti
803 1478 1010 1519 essemus,
1048 1463 1135 1503 sive
1165 1477 1241 1516 per
1271 1462 1453 1516 Epirum

113 1523 196 1564 iter
216 1524 327 1563 esset
347 1522 596 1576 faciendum,
620 1525 694 1563 tuo
718 1524 975 1576 tuorumque
996 1521 1205 1575 praesidio
1226 1523 1454 1574 uteremur,

115 1581 204 1622 sive
242 1580 356 1621 aliud
393 1581 494 1634 quid
530 1581 737 1635 agendum
777 1583 907 1635 esset,
944 1582 1107 1621 certum
1146 1579 1371 1621 eonsilium
1403 1579 1452 1620 de

114 1641 190 1680 tua
222 1639 433 1681 sententia
465 1653 610 1693 capere
641 1643 874 1693 possemus.
926 1637 1060 1686 Quam
1093 1638 1146 1679 ob
1177 1652 1267 1679 rem
1298 1640 1341 1678 te
1368 1651 1454 1692 oro,

62 1712 96 1738 15
116 1697 187 1739 des
225 1712 414 1753 operam,
450 1700 498 1738 ut
534 1713 601 1739 me
640 1697 787 1738 statim
820 1711 1094 1751 consequare3
1133 1696 1245 1750 quod
1276 1710 1323 1737 eo
1356 1696 1454 1736 faoi-

115 1756 198 1797 Iius
240 1758 381 1811 potes,
426 1756 627 1810 quoniam
665 1756 714 1797 de
754 1755 970 1810 provincia
1007 1754 1254 1796 Macedonia
1289 1754 1455 1808 perlata

114 1814 183 1855 Iex
222 1817 295 1856 est.
357 1813 558 1855 Pluribus
595 1814 736 1855 verbis
768 1817 908 1855 tecum
941 1827 1127 1869 agerem,
1161 1813 1247 1854 nisi
1277 1827 1354 1866 pro
1386 1826 1453 1853 me

117 1873 226 1927 apud
255 1875 298 1915 te
330 1888 397 1914 res
429 1874 522 1927 ipsa
552 1873 808 1926 loqueretur.

755 2000 808 2042 Π.

63 2100 98 2124 20
358 2081 432 2116 Ser.
458 2082 499 2116 in
523 2082 649 2116 itinere
681 2081 739 2115 VI
757 2081 814 2115 Id.
842 2080 931 2125 Apr.
959 2092 991 2115 α.
1020 2082 1093 2114 696
1119 2081 1211 2122 (58).

541 2162 708 2198 CICERO
735 2162 906 2197 ATTICO
935 2161 1032 2196 SAL.

206 2232 377 2275 Itineris
414 2235 552 2275 nostri
589 2249 713 2276 causa
750 2234 851 2289 fuit,
888 2233 1001 2287 quod
1037 2247 1125 2274 non
1153 2232 1364 2274 habebam
1394 2232 1455 2274 lo-

119 2306 233 2347 cum,
269 2292 343 2333 ubi
380 2306 456 2346 pro
488 2307 581 2334 meo
612 2293 703 2334 iure
736 2293 894 2333 diutius
927 2306 1017 2333 esse
1049 2305 1219 2345 possem
1251 2306 1378 2345 quam
1408 2292 1451 2332 in
