1665 2553
215 87 301 128 510
641 85 689 120 Μ.
717 85 857 120 TULLI
883 84 1131 120 CICERONIS

787 225 892 267 XIII
907 224 981 282 (a).

501 307 572 342 Ser.
593 308 734 352 Aquini
758 307 823 341 IV
843 307 899 341 Id.
921 307 1013 341 Noc.
1034 318 1067 341 a.
1090 309 1161 341 710
1188 309 1275 350 (44).

618 388 808 423 CICERO
832 388 1023 423 ATTICO
1047 388 1156 424 SAL.

306 460 340 502 O
385 475 528 502 casum
564 460 809 502 mirificum!
858 472 888 501 V
924 459 1023 501 Idus
1061 475 1156 502 cum
1194 463 1291 501 ante
1328 460 1465 501 lucem
1502 459 1551 501 de

220 520 475 562 Sinuessano
514 519 789 560 surrexissem
825 520 1115 574 venissemque
1153 518 1337 560 diluculo
1370 519 1423 560 ad
1452 533 1553 572 pon·
1589 536 1606 561 5

217 583 304 620 tem
334 579 548 633 Tirenum,
579 578 652 634 qui
683 580 746 618 est
778 577 1027 633 Menturnis,
1059 578 1104 618 111
1135 592 1219 632 quo
1252 577 1386 619 flexus
1412 579 1475 617 est
1501 576 1551 617 ad

217 639 298 678 iter
340 637 544 692 Arpinas,
593 637 761 678 obviam
810 636 916 677 mihi
959 637 1009 677 fit
1052 637 1320 691 tabellarius,
1370 636 1442 689 qui
1485 649 1551 676 me

219 697 394 737 offendit
432 696 625 749 Ἧολιχὸν
662 698 800 737 πλόον
839 695 1131 750 ὁρμαίνοντα’.
1193 694 1253 735 Α1
1290 709 1367 750 ego
1407 694 1552 735 statim

219 754 377 810 eCedo',
412 755 605 809 inquam,
642 754 694 795 ‘si
731 754 831 808 quid
863 754 915 794 ab
946 753 1119 794 Attico.⁹
1181 752 1381 794 Nondum
1412 753 1552 807 legere

217 817 478 868 poteramus3
508 828 608 854 nam
633 816 674 853 et
697 813 859 853 lumina
885 812 1189 866 dimiseramus,
1213 826 1289 853 1166
1315 811 1417 852 satis
1442 811 1550 851 luce·
1571 828 1604 851 ιο

219 874 301 914 bat.
352 872 459 914 Cum
490 875 631 912 autem
661 871 831 926 luceret,
863 874 960 912 31116
987 872 1143 925 scripta
1170 870 1350 924 epistula
1376 884 1426 910 ex
1453 869 1551 910 dua-

218 932 297 973 bus
329 931 414 972 tuis
444 931 561 985 prior
591 930 697 971 mihi
728 930 813 985 legi
845 933 993 984 coepta
1019 933 1093 971 est.
1143 929 1223 970 Illa
1249 929 1437 970 omnium
1463 927 1550 982 qui-

219 991 311 1031 dem
344 989 669 1044 elegantissima.
719 987 784 1029 Ne
815 989 894 1029 sim
927 989 1080 1042 salvus,
1113 988 1148 1029 si
1180 988 1302 1029 aliter
1335 986 1472 1028 scribo
1505 1000 1552 1027 ac

219 1050 366 1090 sentio.
423 1047 544 1089 Nihil
574 1048 659 1102 legi
689 1048 927 1088 humanius.
977 1046 1125 1101 Itaque
1157 1047 1334 1101 veniam,
1366 1059 1448 1099 quo
1481 1058 1551 1085 vo-

218 1123 299 1162 caS,
329 1107 453 1149 modo
486 1107 677 1147 adiutore
714 1109 766 1147 te.
830 1106 910 1148 Sed
940 1106 1050 1147 nihil
1081 1108 1169 1146 tam
1202 1104 1552 1159 ἀπροςδιόνυσον
1570 1118 1603 1144 15

218 1167 323 1207 1111111
366 1166 505 1220 primo
549 1165 772 1205 videbatur
810 1179 935 1218 quam
974 1165 1027 1205 ad
1065 1179 1133 1205 eas
1170 1163 1354 1217 litteras,
1399 1162 1552 1215 quibus

218 1239 296 1279 ego
335 1240 359 1265 a
395 1227 438 1265 16
475 1223 698 1264 consilium
730 1223 950 1277 petieram,
988 1226 1030 1264 te
1061 1222 1166 1262 mihi
1197 1222 1281 1262 ista
1310 1220 1550 1261 rescribere.

173 1314 190 1324 2
218 1284 326 1324 Ecce
369 1283 451 1323 tibi
495 1281 644 1336 altera,
683 1296 765 1334 qua
808 1281 992 1322 hortaris
1035 1279 1142 1333 ‘noco’
1189 1280 1427 1333 ἠνεμόεντα
1464 1280 1552 1319 Μί-

217 1357 375 1397 μαντα,
413 1342 552 1394 νήσου
592 1339 660 1381 ἐπὶ
700 1339 901 1393 Ψυρίης’,
941 1339 1126 1392 Appiam
1160 1338 1319 1379 scilicet
1351 1336 1423 1379 ςἐπ’
1459 1336 1552 1391 ἀρι-

219 1400 326 1455 στέρ’
362 1400 543 1454 ἔχοντα’.
587 1397 735 1452 Itaque
761 1413 809 1439 eo
835 1398 901 1438 die
925 1398 1062 1438 mansi
1088 1397 1259 1450 Aquini.
1310 1395 1552 1450 Longulum
1571 1412 1605 1436 20

219 1474 317 1500 sane
356 1459 437 1499 iter
475 1460 516 1498 61
552 1457 621 1498 via
657 1457 776 1497 mala.
845 1455 946 1497 Inde
986 1456 1191 1510 postridie
1229 1469 1351 1496 mane
1387 1453 1552 1508 profici-

218 1532 337 1559 scens
367 1517 445 1558 has
477 1516 642 1557 litteras
675 1516 778 1556 dedi.

761 1643 903 1685 xnra
936 1642 1012 1699 (b).

440 1725 513 1760 Ser.
534 1726 575 1759 in
599 1725 777 1769 Arpinati
800 1724 874 1758 III
893 1724 949 1757 Id.
971 1723 1062 1758 Nov.
1085 1735 1117 1757 a.
1141 1724 1212 1757 710
1239 1723 1326 1765 (44).

617 1805 807 1841 CICERO
831 1804 1023 1839 ATTICO
1048 1803 1156 1839 SAL.
1571 1808 1605 1834 25

304 1879 328 1905 ’³²
354 1878 377 1904 ³³⁴
401 1878 425 1904 ⁹⁵
458 1881 499 1919 et
531 1878 711 1932 quidem,
742 1880 792 1918 ut
823 1891 847 1918 3
877 1891 944 1918 1116
978 1876 1235 1916 dimitterem
1260 1873 1553 1929 invitissimus,

217 1938 406 1979 fecerunt
436 1937 583 1978 Erotis
616 1937 793 1977 litterae.
843 1934 950 1976 Rem
981 1934 1061 1975 tibi
1093 1933 1192 1974 Tiro
1224 1932 1425 1973 narrabit.
1477 1931 1553 1986 Tu,

218 1996 320 2050 quid
350 1996 588 2036 faciendum
615 1995 682 2047 sit,
713 1994 885 2035 videbis.
947 1992 1181 2045 Praeterea,
1212 1991 1427 2045 possimne
1458 2004 1553 2043 pro-

217 2055 312 2108 pius
339 2054 531 2095 accedere
552 2052 681 2109 (malo
708 2053 819 2093 enim
846 2066 936 2092 esse
961 2051 1005 2091 in
1024 2049 1262 2091 Tusculano
1289 2051 1361 2089 aut
1387 2048 1552 2102 uspiam

217 2114 262 2153 in
300 2111 582 2168 suburbano),
620 2127 672 2152 an
710 2111 838 2152 etiam
874 2110 1042 2164 longius
1084 2107 1377 2149 discedendum
1417 2109 1552 2160 puteS,
1571 2123 1605 2148 30

218 2171 363 2212 crebro
403 2171 454 2211 ad
485 2185 552 2211 me
583 2169 710 2211 velim
743 2169 912 2210 scribas.
974 2167 1071 2208 Erit
1104 2169 1245 2208 autem
1277 2165 1449 2219 cotidie,
1485 2164 1553 2205 6111

172 2241 191 2270 -3
219 2229 300 2269 des.
364 2228 484 2278 Quod
522 2232 736 2282 praeterea
773 2227 976 2280 consulis,
1015 2225 1116 2279 quid
1153 2225 1234 2265 tibi
1273 2237 1463 2265 censeam
1494 2223 1552 2263 fa-

219 2287 435 2343 ciundum,
475 2287 643 2328 difficile
676 2289 757 2341 est,
797 2300 893 2327 cum
925 2284 1069 2326 absim.
1131 2282 1293 2324 Verum
1322 2285 1476 2335 tamen,
1516 2280 1553 2321 si
