1665 2553
383 101 724 136 EPISTULARUM
750 101 814 136 AD
840 102 1041 137 BRUTUM
1067 103 1100 137 11
1124 108 1157 147 4,
1185 108 1215 138 5.
1373 105 1456 146 559

120 202 340 241 certamen.
403 197 453 239 Id
484 198 673 252 profecto
704 197 871 239 nullum
902 200 1024 251 esset,
1054 199 1138 239 nisi
1169 201 1262 239 tum
1294 214 1457 241 conser-

120 260 242 299 vatus
285 260 394 298 esset
432 256 656 298 Antonius.
721 256 801 298 Sed
838 256 940 298 haec
979 257 1149 311 omitto,
1192 272 1258 298 res
1291 259 1403 299 enim
1435 274 1458 300 a

120 319 162 358 te
194 319 314 371 gesta
346 315 631 356 memorabilis
663 318 704 356 et
735 329 866 369 paene
898 315 1088 357 caelestis
1120 316 1286 370 repellit
1314 331 1457 358 omnes

121 374 487 429 reprehensiones,
531 374 687 428 quippe
732 389 837 428 quae
880 389 932 416 ne
975 374 1097 415 laude
1141 375 1311 429 quidem
1354 376 1456 417 satis

86 435 271 477 5idonea
315 433 435 474 adfici
478 434 626 487 possit.
687 432 909 474 Exstitisti
951 448 1086 487 nuper
1128 434 1251 475 vultu
1296 449 1457 488 severo,

124 492 371 546 exercitum,
409 492 570 547 copias,
605 492 794 545 legiones
825 492 996 532 idoneas
1027 507 1102 546 per
1132 495 1174 533 te
1206 493 1324 534 brevi
1356 496 1458 534 tem-

123 566 225 606 pore
274 551 538 604 comparasti.
608 550 663 591 Di
707 550 983 591 immortales!
1041 551 1112 605 qui
1155 551 1227 592 ille
1270 552 1459 605 nuntius,

125 624 230 664 quae
262 610 360 650 illae
384 610 564 662 litterae,
596 623 701 662 quae
725 609 889 650 laetitia
915 612 1098 664 senatus,
1130 624 1235 664 quae
1262 610 1459 651 alacritas

124 668 309 710 civitatis
351 670 455 709 erat!
499 667 607 708 nihil
645 683 846 721 umquam
886 668 973 709 vidi
1010 671 1098 708 tam
1136 668 1326 710 omnium
1364 683 1459 710 con-

74 745 106 769 io
126 727 319 768 sensione
349 727 577 767 laudatum.
639 726 746 767 Erat
779 727 1036 780 exspectatio
1068 727 1343 781 reliquiarum
1373 727 1459 768 An-

125 786 235 839 toni,
279 800 403 839 quem
448 785 641 839 equitatu
684 785 1010 839 legionibusque
1052 800 1206 840 maona
1251 801 1301 827 ex
1338 789 1458 840 parte

127 844 343 898 spoliaras.
392 843 457 885 Ea
489 858 656 897 quoque
687 843 837 885 habuit
870 844 1030 885 exitum
1062 845 1303 898 optabilem.
1348 844 1460 886 Nam

126 906 223 944 tuae
253 903 438 956 litterae,
480 917 586 956 quae
616 902 816 943 recitatae
848 902 891 943 in
923 906 1071 944 senatu
1103 906 1222 958 sunt,
1258 906 1299 944 et
1329 904 1459 957 impe-

126 961 281 1002 ratoris
314 964 355 1002 et
385 961 570 1001 militum
600 961 800 1001 virtutem
834 964 875 1002 et
906 961 1159 1002 industriam
1191 939 1376 1016 thorum,
1415 961 1461 1002 in
1499 998 1507 1001 .

75 1037 106 1062 15
128 1020 282 1074 quibus
308 1019 521 1060 Ciceronis
547 1020 642 1073 mei,
667 1019 888 1060 declamant
939 1019 1098 1068 Quodsi
1122 1021 1208 1061 tuis
1233 1020 1461 1074 placuisset

127 1079 176 1119 de
206 1079 274 1119 his
305 1078 459 1119 litteris
491 1054 651 1132 referri,
688 1081 730 1119 et
759 1078 843 1119 nisi
876 1079 919 1119 in
950 1081 1116 1132 tempus
1148 1079 1461 1120 turbulentissi—

125 1152 243 1178 mum
267 1140 365 1191 post
391 1137 620 1178 discessum
644 1136 806 1178 Pansae
832 1137 1016 1178 consulis
1040 1137 1299 1192 incidissent,
1323 1137 1460 1178 honos

128 1210 295 1250 quoque
336 1196 474 1236 iustus
519 1199 559 1236 et
602 1195 769 1236 debitus
814 1196 877 1236 dis
915 1196 1230 1237 immortalibus
1270 1196 1460 1237 decretus

128 1257 248 1295 esset.
310 1254 419 1295 Ecce
456 1254 537 1294 tibi
568 1252 673 1294 Idib.
706 1254 839 1307 April.
879 1254 1048 1295 advolat
1084 1269 1206 1295 mane
1244 1253 1364 1296 Celer
1394 1254 1460 1295 Pi-

76 1330 108 1354 20
127 1313 229 1368 lius,
267 1313 340 1366 qui
376 1312 459 1367 vir,
501 1312 542 1352 di
582 1312 703 1367 boni,
741 1327 867 1366 quam
898 1313 1057 1367 gravis,
1096 1328 1222 1367 quam
1252 1316 1462 1366 constanS,

129 1386 256 1425 quam
296 1371 504 1412 bonarum
540 1371 585 1411 in
615 1386 660 1411 re
691 1371 861 1425 publica
891 1372 1094 1425 partium!
1142 1371 1226 1412 Hic
1257 1372 1461 1425 epistulas

130 1429 265 1470 adfert
301 1429 422 1482 duas,
458 1444 586 1469 unam
624 1432 698 1470 tuo
734 1430 920 1483 nomine,
958 1430 1132 1471 alteram
1164 1430 1346 1484 Antoni,
1390 1430 1462 1471 dat

131 1486 309 1529 Servilio
352 1487 525 1528 tribuno
563 1487 719 1542 plebis,
754 1488 826 1528 ille
863 1487 1063 1529 Cornuto.
1131 1487 1382 1529 Recitantur
1418 1488 1463 1528 in

131 1549 288 1587 senatu.
351 1545 606 1586 ‘ANTONIVS
638 1546 843 1587 PRocos.’
892 1546 1048 1601 Magna
1080 1547 1315 1600 admiratio,
1345 1550 1393 1587 ut
1427 1547 1463 1587 si

79 1621 111 1647 25
132 1607 242 1646 esset
278 1604 502 1645 recitatum
534 1603 836 1645 ‘DOLABELLA
866 1605 1169 1659 IMPERATOR’3
1201 1620 1225 1645 a
1257 1619 1339 1658 quo
1373 1605 1462 1658 qui-

132 1664 227 1704 dem
269 1665 471 1704 venerant
510 1662 738 1715 tabellarii,
785 1662 856 1703 sed
892 1677 1015 1703 nemo
1052 1662 1135 1703 Pili
1173 1663 1343 1717 similis,
1391 1663 1462 1716 qui

131 1721 319 1775 proferre
367 1722 532 1762 litteras
582 1720 752 1761 auderet
796 1724 868 1761 aut
911 1721 1235 1775 magistratibus
1279 1721 1461 1762 reddere.

132 1780 246 1821 Tuae
277 1780 507 1820 recitantur
538 1779 684 1820 breves
716 1779 813 1819 illae
845 1779 1023 1833 quidem,
1057 1780 1127 1820 sed
1158 1779 1203 1820 in
1227 1778 1463 1820 Antonium

133 1838 357 1879 admodum
386 1838 511 1879 lenes.
554 1837 836 1878 Vehementer
867 1838 1098 1878 admiratus
1125 1840 1306 1879 senatus.
1355 1838 1464 1879 Mihi

81 1914 115 1938 30
135 1899 275 1938 autem
304 1911 391 1937 non
422 1898 512 1937 erat
544 1896 815 1949 explicatum,
857 1896 956 1949 quid
988 1910 1164 1950 agerem.
1226 1896 1372 1937 Falsas
1406 1896 1464 1937 di-

135 1955 297 1996 cerem?
350 1955 468 2008 quid,
513 1954 547 1994 si
585 1958 632 1995 tu
669 1969 738 1995 eas
777 1954 1082 2008 adprobasses‘?
1132 1953 1463 1995 Confirmarem‘?

134 2027 222 2054 non
270 2015 360 2054 erat
403 2013 623 2066 dignitatis
665 2015 773 2053 tuae.
843 2011 992 2066 Itaque
1035 2013 1107 2053 ille
1149 2013 1236 2053 dies
1282 2013 1461 2054 silentio.

135 2070 344 2112 Postridie
394 2074 533 2111 autem
582 2085 677 2112 cum
721 2085 857 2111 sermo
903 2071 1199 2126 increbuisset,
1248 2070 1464 2125 Piliusque

138 2129 281 2170 oculos
319 2129 608 2170 vehementius
638 2129 860 2170 hominum
897 2129 1158 2182 offendisset,
1201 2132 1349 2170 natum
1380 2144 1466 2170 om-

85 2204 117 2229 35
136 2187 237 2228 nino
282 2190 345 2228 est
388 2188 641 2241 principium
685 2203 709 2229 a
750 2202 826 2228 me.
888 2186 952 2227 De
988 2187 1239 2241 proconsule
1275 2187 1464 2229 Antonio

137 2245 281 2286 multa
356 2244 518 2286 Sestius
568 2260 715 2287 causae
764 2260 849 2286 non
899 2245 1031 2286 defuit
1079 2249 1177 2299 post
1226 2261 1310 2301 me,
1359 2261 1466 2300 cum,

138 2306 296 2358 quanto
336 2318 458 2344 suum
494 2304 646 2358 filium,
685 2307 842 2358 quanto
881 2318 1022 2345 meum
1061 2304 1106 2345 in
1135 2304 1323 2358 periculo
1354 2305 1467 2346 futu-
