1665 2553
189 59 275 100 344
611 58 659 92 M.
686 58 827 92 TULLI
853 57 1100 92 CICERONIS

188 155 284 196 istis
326 153 567 208 persuaderi
610 153 728 194 nullo
767 153 892 194 modo
930 153 1067 206 possit
1105 167 1170 208 ea,
1214 168 1320 207 quae
1356 154 1526 211 faciant,

188 213 294 254 mihi
326 212 497 267 probari
529 226 665 266 posse,
698 226 868 265 quoquo
900 211 1025 252 modo
1051 211 1211 265 loquar.
1262 212 1357 267 Ego
1382 216 1525 254 tamen

188 274 284 312 utar
316 271 620 324 moderatione,
663 285 744 324 qua
776 273 943 325 potero3
988 284 1262 325 quamquam,
1299 271 1400 325 quid
1431 287 1525 313 mea

189 330 372 384 intersit,
402 332 451 370 ut
482 344 628 370 eorum
661 329 803 369 odium
837 329 1021 384 subeam,
1050 343 1138 369 non
1168 329 1380 384 intellego.

278 388 336 429 Te
367 389 479 428 iusta
511 402 635 428 causa
666 387 872 440 impediri,
905 402 987 441 quo
1018 387 1159 428 minus
1186 388 1237 428 ad
1261 403 1339 429 nos
1368 389 1524 444 venias,
1561 407 1578 432 5

190 447 324 501 video,
354 447 479 500 idque
511 446 617 486 mihi
648 446 769 486 valde
799 446 1028 486 molestum
1061 448 1134 486 est.
1184 446 1312 487 Illum
1344 447 1396 487 ab
1427 446 1523 488 Ale-

190 506 365 546 xandria
402 505 644 545 discessisse
680 519 804 545 nemo
836 505 1025 559 nuntiat,
1062 507 1311 558 constatque
1347 519 1400 546 ne
1431 520 1524 559 pro-

190 563 346 604 fectum
378 564 546 617 quidem
577 563 685 603 illim
718 578 971 617 quemquam
996 565 1094 617 post
1120 562 1219 604 Idus
1245 563 1423 604 Martias
1449 578 1525 605 nec

189 625 287 676 post
330 621 428 663 Idus
460 621 677 662 Decembr.
717 622 768 662 ab
807 622 880 662 illo
919 621 1038 662 datas
1076 621 1183 662 ullas
1220 621 1395 663 litteras.
1458 623 1524 663 Ex

191 695 274 734 quo
306 680 519 735 intellegis
552 680 658 721 illud
689 680 738 722 de
770 680 925 721 litteris
958 695 991 720 a.
1019 680 1054 721 d.
1075 691 1105 719 V
1130 679 1229 721 Idus
1255 679 1374 721 Febr.
1402 681 1525 737 datis,
1544 700 1578 724 10

191 739 301 793 quod
326 740 448 780 inane
475 742 598 793 esset,
630 739 795 779 etiamsi
820 754 967 780 verum
994 741 1114 792 esset,
1139 753 1226 779 non
1250 753 1396 780 verum
1422 754 1523 781 esse.

189 797 233 838 L.
261 798 504 839 Terentium
537 798 779 838 discessisse
812 812 860 838 ex
892 796 1037 838 Africa
1063 797 1217 838 scimus
1242 796 1524 852 Paestumque

188 857 363 898 venisse.
425 856 533 905 Quid
573 856 608 897 is
645 856 805 897 adferat
843 859 915 897 aut
957 870 1039 910 quo
1077 856 1202 896 modo
1244 857 1410 912 exierit,
1452 859 1525 898 aut

190 916 289 969 quid
320 916 364 956 in
395 914 539 956 Africa
570 915 657 969 fiat,
690 915 794 956 scire
823 915 960 956 velim.
1011 914 1179 955 Dicitur
1205 915 1316 955 enim
1342 930 1415 968 per
1441 914 1525 956 Na-

189 974 341 1014 sidium
375 974 553 1014 emissus
587 988 686 1014 esse.
737 973 787 1014 Id
819 974 942 1028 quale
973 973 1039 1027 sit,
1071 973 1209 1027 velim,
1242 973 1278 1014 si
1303 974 1525 1029 inveneris,
1544 992 1577 1018 15

189 1032 239 1073 ad
280 1048 345 1073 me
379 1033 548 1073 scribas.
611 1031 674 1072 De
705 1031 778 1073 HS
811 1035 858 1086 ff,
899 1035 947 1072 ut
981 1032 1149 1086 scribis,
1184 1032 1345 1073 faciam.
1407 1032 1522 1074 Vale.

192 1103 288 1131 XVII
320 1090 412 1132 Kal.
441 1090 684 1139 Quinctiles.

780 1205 936 1247 XVIII.

424 1286 497 1321 Ser.
519 1287 701 1321 Brzmdisi
727 1287 815 1320 XII
837 1287 883 1320 K.
910 1287 1030 1331 Quint.
1050 1299 1082 1321 (1.
1106 1290 1177 1321 707
1204 1289 1292 1330 (47).

612 1367 779 1402 CICERO
805 1367 978 1402 ATTICO
1007 1368 1102 1402 SAL.
1544 1379 1578 1403 20

278 1440 341 1481 De
373 1440 489 1481 illius
521 1439 776 1480 Alexandria
808 1440 993 1480 discessu
1024 1440 1131 1480 nihil
1164 1440 1297 1481 adhuc
1328 1442 1522 1497 rumoris,

191 1502 419 1552 contraque
464 1499 607 1551 opinio
650 1499 771 1539 valde
812 1513 901 1539 esse
940 1498 1200 1552 impeditum.
1263 1498 1412 1553 Itaque
1448 1514 1524 1541 nec

189 1558 335 1612 mitto,
374 1560 422 1597 ut
454 1557 775 1611 constitueram,
807 1555 1050 1597 Ciceronem
1084 1560 1124 1598 et
1156 1560 1197 1598 te
1229 1570 1347 1611 rogo,
1378 1560 1425 1598 ut
1457 1573 1523 1599 me

189 1616 285 1656 hinc
329 1616 534 1669 expedias.
598 1614 782 1663 Quodvis
827 1616 937 1656 enim
983 1616 1237 1669 supplicium
1279 1616 1413 1656 levius
1458 1620 1522 1657 est

188 1674 268 1715 hac
304 1674 607 1727 permansione.
669 1674 759 1714 Hac
792 1674 841 1714 de
872 1689 916 1714 re
949 1676 989 1714 et
1022 1674 1073 1714 ad
1103 1673 1339 1714 Antonium
1372 1675 1522 1728 scripsi
1542 1693 1575 1719 25

191 1736 231 1773 et
275 1733 325 1773 ad
361 1733 543 1773 Balbum
584 1735 625 1773 et
663 1733 714 1773 ad
746 1732 940 1786 Oppium.
1004 1731 1100 1773 Sive
1139 1732 1251 1773 enim
1288 1732 1446 1773 bellum
1478 1734 1523 1774 in

189 1791 313 1832 Italia
344 1792 535 1832 futurum
568 1793 650 1846 est,
691 1792 778 1831 sive
809 1791 1016 1832 classibus
1047 1793 1205 1845 utetur,
1234 1790 1302 1831 hic
1335 1805 1424 1832 esse
1455 1807 1521 1833 me

190 1850 363 1890 minime
395 1849 605 1903 convenit3
638 1864 817 1902 quorum
842 1850 1023 1890 fortasse
1048 1852 1274 1902 utrumque
1301 1849 1392 1904 erit,
1423 1850 1522 1891 alte-

144 1921 162 1948 1
191 1924 284 1949 111111
326 1911 446 1949 certe.
508 1907 703 1948 Intellexi
736 1909 906 1949 omnino
940 1922 988 1948 ex
1021 1907 1132 1961 Oppi
1164 1922 1364 1961 sermone,
1398 1923 1521 1962 quem

190 1968 238 2007 tu
269 1967 374 2007 mihi
407 1966 624 2021 scripsisti,
657 1981 762 2020 quae
793 1967 974 2007 istorum
1000 1966 1063 2007 ira
1089 1969 1211 2020 esset,
1243 1966 1326 2020 sed,
1356 1970 1404 2007 ut
1431 1982 1521 2008 eam
1540 1985 1574 2010 30

191 2025 347 2079 flectas,
384 2028 426 2066 te
458 2039 573 2079 rogo.
635 2023 757 2065 Nihil
788 2026 958 2066 omnino
991 2025 1075 2065 iam
1107 2027 1301 2078 exspecto
1332 2025 1416 2065 nisi
1447 2026 1522 2066 mi-

194 2098 345 2138 serum,
377 2083 448 2124 sed
478 2083 558 2124 hoc
589 2083 806 2137 perditius,
837 2084 882 2124 in
914 2098 996 2137 quo
1022 2097 1134 2124 nunc
1161 2097 1265 2136 sum,
1296 2083 1388 2124 fieri
1413 2084 1522 2125 nihil

191 2144 342 2194 potest.
405 2141 540 2190 Quare
573 2145 614 2182 et
646 2156 739 2182 cum
769 2141 959 2183 Antonio
991 2142 1164 2195 loquare
1194 2141 1321 2182 velim
1354 2145 1396 2183 et
1427 2156 1521 2183 cum

191 2200 284 2239 istis
311 2203 351 2239 et
371 2214 471 2254 rem,
501 2204 547 2240 w}
570 2201 742 2255 poteris,
769 2200 961 2254 expedias
989 2203 1030 2241 et
1054 2200 1159 2240 mihi
1186 2214 1312 2254 quam
1338 2201 1521 2254 primum
1656 2208 1661 2267 ,ἴ

192 2257 241 2297 de
273 2258 467 2298 omnibus
499 2258 624 2299 rebus
657 2259 871 2300 rescribas.
930 2257 1045 2300 Vale.
1106 2270 1171 2299 XII
1202 2258 1294 2299 Kal.
1323 2258 1519 2307 Quinctil.
1540 2275 1574 2301 35
1656 2272 1663 2294 ·,

1657 2327 1663 2370 ἐ
