1665 2553
282 65 625 100 EPISTULARUM
650 64 715 99 AD
742 63 959 99 ATTICUM
983 64 1034 99 IV
1062 68 1117 109 17,
1146 68 1199 99 18.
1337 65 1420 106 125

71 176 143 203 rus
174 175 261 203 non
291 161 440 202 fecisse
471 161 680 202 videntur.
748 160 851 202 Tres
883 160 1096 202 candidati
1132 161 1223 201 fore
1255 161 1316 201 rei
1348 176 1422 214 pu-

70 221 290 274 tabantur,
333 219 551 261 Domitius
592 235 615 260 a
652 219 872 274 Memmio,
918 219 1120 261 Messalla
1158 234 1182 259 a
1221 218 1266 267 Q.
1298 218 1422 260 Pom-

71 279 165 333 peio
198 278 323 333 Rufo,
356 278 537 320 Scaurus
571 294 594 319 a
620 278 784 319 Triario
818 281 892 318 aut
925 293 948 319 a
979 277 1025 318 L.
1053 276 1244 319 Caesare.
1296 276 1421 326 <Quid

71 338 262 392 poteris’,
294 337 475 393 inquies,
508 337 599 391 epro
632 337 685 378 iis
719 337 905 378 dice1·e‘.>'
966 335 1033 377 Ne
1062 337 1214 390 vivam,
1245 337 1283 378 si
1316 337 1422 391 scio3

35 397 116 440 5in
147 396 232 437 illis
276 396 445 450 quidem
483 396 621 437 tribus
661 395 783 437 libris
844 409 950 450 quos
982 398 1031 436 tu
1063 395 1272 450 dilaudas,
1312 395 1422 436 nihil

71 469 247 510 reperio.

790 430 801 451 7

162 512 381 568 Cognosce
422 516 570 554 cetera.
642 513 709 554 Ex
757 513 902 554 fratris
949 513 1107 554 litteris
1157 512 1424 554 incredibilia
1446 524 1465 554 6
1487 524 1634 554 (XV113)

73 572 279 626 quaedam
311 573 360 612 de
387 570 580 613 Caesaris
607 572 653 612 in
678 587 743 612 me
771 586 911 613 amore
938 572 1131 627 cognovi,
1163 586 1295 626 eaque
1322 574 1422 613 sunt

72 631 207 684 ipsius
240 630 432 672 Caesaris
464 630 692 672 uberrimis
730 631 886 671 litteris
926 631 1185 672 confirmata.
1254 630 1423 671 Britan-

21 708 53 732 ιο
72 689 157 730 11101
188 689 291 730 belli
324 689 461 730 exitus
503 692 790 745 exspectatur3
831 692 998 730 constat
1039 689 1150 730 enim
1189 689 1328 730 aditus
1360 689 1422 730 in-

74 748 190 789 sulae
223 762 313 789 esse
343 748 533 789 munitos
565 748 755 789 mirificis
787 747 984 789 molibus.
1034 747 1180 789 Etiam
1205 748 1313 789 illud
1337 748 1423 788 iam

73 806 291 862 cognitum
324 810 406 861 est,
446 821 583 861 neque
616 807 782 861 argenti
815 807 1047 860 scripulum
1086 821 1176 848 esse
1207 806 1344 847 ullum
1376 806 1422 847 in

72 866 146 906 illa
171 865 312 906 insula
330 880 467 919 neque
496 865 629 906 ullam
649 880 766 919 spem
791 866 968 919 praedae
994 865 1078 906 nisi
1105 879 1155 906 ex
1180 865 1421 919 mancipiis3

75 939 124 965 ex
157 924 311 978 quibus
341 924 484 965 nullos
516 927 620 978 puto
653 927 695 964 te
726 924 882 965 litteris
917 927 990 965 aut
1026 923 1198 965 musicis
1232 924 1420 965 eruditos

20 999 53 1025 15
74 986 328 1036 exspectare.
377 982 535 1024 Paulus
567 983 613 1024 in
643 983 780 1024 medio
812 983 906 1024 foro
932 983 1151 1024 basilicam
1175 983 1261 1023 iam
1286 997 1418 1036 paene
1447 994 1466 1024 7
1486 993 1569 1023 <XVI
1590 994 1633 1025 14)

74 1042 222 1082 refecit
261 1042 394 1082 isdem
435 1041 622 1095 antiquis
664 1041 888 1096 columnis,
933 1041 1052 1082 illam
1093 1044 1253 1096 autem,
1294 1056 1421 1095 quam

73 1100 243 1154 locavit,
273 1100 375 1141 facit
407 1100 882 1155 magnificentissimam.
940 1099 1050 1148 Quid
1081 1100 1281 1154 quaeris?
1312 1100 1422 1140 nihil

75 1159 239 1213 gratius
269 1159 344 1200 illo
376 1161 664 1213 monumento,
695 1159 805 1199 nihil
836 1159 1077 1213 gloriosius.
1139 1158 1289 1212 Itaque
1322 1157 1421 1199 Cae-

75 1217 180 1258 saris
213 1217 354 1272 amici,
391 1232 459 1259 me
491 1218 582 1259 dico
617 1220 657 1258 et
691 1217 892 1271 Oppium,
931 1217 1186 1271 dirumparis
1218 1217 1334 1271 licet,
1375 1218 1421 1258 2'72

21 1294 54 1318 20
74 1278 398 1317 monumentum
436 1276 565 1331 illud,
607 1277 720 1330 quod
752 1280 799 1317 tu
831 1276 980 1317 tollere
1010 1276 1209 1317 laudibus
1242 1276 1422 1331 solebas,

74 1337 123 1375 ut
162 1335 302 1376 forum
341 1335 579 1375 laxaremus
621 1337 662 1375 et
707 1349 841 1389 usque
892 1335 943 1375 ad
992 1335 1148 1375 atrium
1188 1334 1421 1375 Libertatis

75 1393 396 1447 explicaremus,
427 1393 759 1447 contempsimus
787 1394 1018 1434 sexcenties
1043 1392 1136 1449 HS,
1169 1407 1263 1433 cum
1283 1393 1421 1446 priva-

75 1451 132 1492 tis
172 1466 259 1492 non
296 1454 466 1505 poterat
507 1452 688 1507 transigi
728 1452 890 1493 minore
923 1452 1111 1506 pecunia.
1173 1452 1420 1493 Efficiemus

76 1525 165 1550 rem
197 1510 566 1565 gloriosissimam,
597 1525 696 1551 nam
727 1511 773 1551 in
804 1526 951 1564 campo
980 1510 1136 1552 Martio
1171 1513 1317 1564 saepta
1348 1510 1421 1550 tri-

24 1586 56 1612 25
76 1569 192 1609 butis
226 1569 410 1610 comitiis
441 1584 676 1610 marmorea
708 1584 854 1610 sumus
886 1572 928 1610 et
959 1572 1072 1610 tecta
1103 1569 1259 1609 facturi
1290 1583 1422 1622 eaque

76 1627 294 1682 cingemus
322 1627 485 1668 excelsa
510 1628 690 1682 porticu,
720 1631 768 1668 ut
793 1628 908 1668 mille
933 1642 1135 1681 passuum
1161 1627 1420 1668 conficiatur.

78 1685 214 1727 Simul
234 1686 489 1741 adiungetur
514 1686 612 1727 huic
638 1687 755 1740 operi
775 1687 877 1726 villa
903 1686 1030 1726 etiam
1050 1685 1230 1739 publica.
1274 1684 1422 1726 Dices:

78 1744 203 1793 ‘Quid
245 1745 350 1786 mihi
391 1744 472 1785 hoc
513 1747 835 1785 monumentum
876 1744 1109 1798 p1·oderit‘?'
1170 1743 1288 1797 †Ad
1320 1743 1422 1797 quid

77 1803 121 1843 id
162 1803 406 1844 laboramus
449 1817 516 1844 res
556 1802 780 1844 Romanas.
844 1801 945 1843 Non
985 1802 1097 1843 enim
1137 1804 1180 1842 te
1220 1804 1327 1855 puto
1372 1801 1421 1842 de

24 1879 58 1904 30
77 1861 226 1916 lustro,
259 1862 373 1916 quod
403 1862 487 1902 iam
517 1861 782 1915 desperatum
814 1863 890 1916 est,
922 1863 996 1901 aut
1021 1861 1071 1902 de
1102 1860 1281 1914 iudiciis,
1315 1874 1421 1914 quae

76 1919 168 1975 lege
199 1921 229 1975 †
255 1919 403 1962 Coctia
433 1920 552 1976 fiant,
585 1934 793 1974 quaerere.

669 2024 826 2066 XVHI.

368 2094 443 2129 Ser.
470 2095 607 2130 Romae
631 2105 684 2129 ex.
711 2105 755 2128 m.
786 2093 857 2128 Oct.
885 2106 917 2127 α.
947 2097 1019 2127 700
1046 2095 1136 2136 (54).

480 2151 670 2187 CICERO
695 2151 888 2186 ATTICO
913 2151 1022 2185 SAL.

25 2229 59 2255 :35
168 2212 191 2238 ἧς
210 2211 233 2237 ’³‘
253 2211 277 2237 ‘¹‘
296 2212 325 2265 †
345 2210 469 2253 Nunc
494 2215 542 2253 ut
564 2212 806 2267 opinionem
834 2211 991 2252 habeas
1018 2225 1170 2265 rerum,
1201 2210 1420 2252 ferendum
1447 2222 1464 2252 1
1487 2223 1570 2253 (XVI
1589 2222 1615 2253 9)

80 2273 153 2312 est.
226 2269 417 2325 Quaeris,
465 2285 542 2325 ego
589 2286 655 2312 me
702 2273 750 2311 ut
799 2270 1012 2325 gesserim.
1081 2267 1338 2311 Constanter
1379 2272 1420 2311 et
