1665 2553
206 86 263 128 80
628 86 676 121 M.
704 86 845 121 TULLI
870 85 1119 121 CICERONIS

205 181 284 223 bus
322 181 403 223 hoc
440 184 556 223 metu
588 181 749 223 adiecto
780 196 928 223 maneo
961 181 1284 223 Thessalonicae
1316 196 1544 236 suspensus

204 255 283 281 nec
314 240 445 282 audeo
480 241 715 295 quicquam.

294 298 421 340 Nunc
446 299 497 340 ad
524 314 583 354 ea,
615 313 721 353 quae
747 298 966 352 scripsisti.
1018 298 1290 353 Tryphonem
1316 298 1545 340 Caecilium

205 372 293 398 non
335 358 432 398 vidi.
508 356 753 398 Sermonem
800 359 924 397 tuum
967 359 1009 398 et
1052 356 1228 412 Pompei
1271 358 1453 412 cognovi
1494 373 1546 399 ex

206 416 293 456 tuis
331 416 499 457 litteris.
560 415 728 457 Motum
765 415 811 456 in
849 430 894 456 re
930 415 1101 469 publica
1138 430 1226 457 non
1262 419 1430 457 tantum
1466 430 1544 471 ego
1583 432 1599 458 5

206 475 446 528 impendere
489 474 628 529 video,
671 477 877 528 quantum
919 476 967 515 tu
1008 477 1081 515 aut
1124 474 1239 516 vides
1281 477 1354 516 aut
1391 475 1442 516 ad
1478 489 1545 516 me

207 533 510 574 consolandum
552 533 698 574 adfers.
767 532 949 587 Tigrane
987 533 1099 574 enim
1139 533 1332 588 neglecto
1377 533 1545 574 sublata

208 594 308 632 sunt
335 592 485 633 omnia.
535 590 720 632 Varroni
745 606 812 632 me
837 591 958 632 iubes
984 605 1107 646 agere
1138 592 1307 646 gratias.
1357 591 1544 647 Faciam3

204 650 309 691 item
340 649 552 704 Hypsaeo.
615 649 736 698 Quod
775 650 942 705 suades,
981 663 1035 691 ne
1069 650 1240 705 longius
1273 651 1546 706 discedamus,

206 709 307 749 dum
345 712 437 749 acta
473 708 631 749 mensis
669 708 757 749 Mai
800 708 851 748 ad
892 722 972 749 nos
1008 708 1291 764 perferantur,
1332 712 1437 763 puto
1476 724 1544 750 me
1563 726 1597 751 10

205 767 267 808 ita
299 781 389 808 esse
419 768 649 822 facturum,
681 766 770 823 sed,
801 767 893 821 ubi,
923 767 1112 808 nondum
1145 767 1294 822 statui,
1325 770 1452 822 atque
1481 767 1544 808 ita

205 826 455 879 perturbato
489 840 582 866 sum
614 825 755 866 animo
788 825 837 866 de
869 825 1039 881 Quinto,
1070 828 1118 866 ut
1148 825 1257 866 nihil
1285 840 1435 880 queam
1461 829 1543 867 sta-

206 886 337 938 tuere,
369 884 440 925 sed
471 886 614 925 tamen
646 884 792 925 statim
823 886 865 925 te
895 884 1047 925 faciam
1078 884 1309 925 certiorem.

294 942 363 983 Ex
389 943 667 997 epistularum
692 957 880 983 mearum
904 943 1190 984 inconstantia
1220 945 1325 997 puto
1356 945 1399 984 te
1430 957 1542 984 men-

206 1000 262 1041 tis
293 1015 410 1042 meae
441 1004 606 1042 motum
637 1001 794 1057 videre,
827 1001 916 1055 qui,
948 1002 1029 1042 etsi
1059 1001 1296 1042 incredibili
1327 1004 1368 1042 et
1401 1001 1542 1057 singu·
1561 1018 1594 1044 15

204 1059 284 1100 lari
323 1060 563 1101 calamitate
601 1059 794 1100 adflictus
834 1074 946 1115 sum,
982 1062 1124 1101 tamen
1159 1074 1247 1101 non
1276 1062 1364 1101 tam
1396 1062 1460 1101 est
1491 1075 1541 1102 ex

204 1117 375 1158 miseria
425 1133 552 1172 quam
601 1133 651 1159 ex
701 1118 846 1171 culpae
887 1120 1058 1159 nostrae
1100 1119 1389 1159 recordatione
1431 1133 1541 1160 com—

204 1179 357 1217 motus.
421 1176 551 1217 Cuius
591 1176 702 1217 enim
740 1177 893 1217 scelere
926 1176 1099 1230 impulsi
1131 1191 1178 1217 ac
1208 1177 1365 1231 proditi
1397 1177 1542 1233 simus,

205 1234 291 1274 iam
327 1234 517 1288 profecto
554 1234 690 1290 vides,
733 1237 859 1288 atque
901 1235 1065 1275 utinam
1109 1235 1193 1276 iam
1230 1237 1326 1276 ante
1363 1235 1540 1276 vidisses

204 1306 340 1346 neque
377 1295 519 1334 totum
557 1293 744 1333 animum
783 1296 906 1333 tuum
944 1293 1075 1334 errori
1111 1308 1273 1334 mecum
1311 1293 1439 1334 simul
1473 1293 1540 1334 de-
1559 1311 1593 1336 20

205 1350 356 1392 disses!
419 1350 572 1405 Quare,
610 1366 705 1392 cum
741 1366 808 1392 me
840 1351 1054 1392 adflictum
1085 1354 1126 1392 et
1157 1352 1393 1393 confectum
1422 1352 1542 1393 luctu

206 1409 368 1465 audies,
412 1409 653 1451 existimato
697 1424 765 1450 me
806 1410 1027 1451 stultitiae>
1053 1425 1170 1451 meae
1212 1424 1391 1465 poenam
1433 1411 1542 1452 ferre

207 1468 378 1522 gravius
417 1482 544 1522 quam
582 1469 738 1523 eventi,
777 1468 888 1522 quod
925 1468 964 1509 ei
995 1469 1257 1524 crediderim,
1295 1484 1420 1523 quem
1451 1483 1541 1510 esse

204 1526 414 1567 nefarium
443 1541 531 1568 non
560 1527 756 1580 putarim.
818 1526 887 1568 Me
924 1529 966 1568 et
998 1541 1189 1569 meorum
1219 1527 1428 1569 malorum
1457 1541 1542 1568 ine-

204 1585 340 1626 moria
378 1587 419 1626 et
456 1587 594 1626 metus
633 1586 682 1626 de
717 1586 848 1626 fratre
883 1585 929 1626 in
966 1586 1186 1627 scribendo
1223 1586 1409 1640 impedit.
1476 1585 1541 1627 Tu
1560 1601 1593 1627 25

204 1643 289 1684 ista
327 1643 467 1684 omnia
503 1644 598 1685 vide
636 1646 677 1685 et
715 1644 913 1699 guberna.
981 1644 1177 1685 Terentia
1217 1645 1299 1685 tibi
1334 1644 1540 1685 maximas

205 1702 365 1756 gratias
393 1703 491 1757 agit.
532 1702 792 1743 Litterarum
818 1702 1068 1759 exemplum,
1094 1717 1197 1757 quas
1224 1702 1276 1744 ad
1292 1701 1540 1756 Pompeium

204 1760 368 1817 scripsi,
397 1761 495 1801 misi
526 1760 617 1801 tibi.
673 1759 785 1802 Data
814 1772 883 1802 ΙΠΙ
907 1760 1000 1802 Kal.
1031 1760 1175 1802 Iunias
1207 1761 1539 1804 Thessalonicae.

836 1877 908 1919 IX.
1144 1912 1146 1914 .

450 1956 523 1992 Ser.
554 1958 824 1992 Thessalonicae
848 1958 905 1992 Id.
932 1958 1015 1992 Iun.
1043 1969 1076 1992 a.
1105 1960 1177 1992 696
1203 1959 1295 2002 (58).
1559 1964 1593 1989 30

626 2037 796 2073 CICERO
823 2038 995 2074 ATTICO
1024 2038 1119 2073 SAL.

292 2108 474 2157 Quintus
511 2111 643 2151 frater
680 2124 774 2151 cum
811 2125 861 2151 ex
892 2110 996 2152 Asia
1027 2110 1288 2151 discessisset
1319 2112 1417 2152 ante
1447 2109 1539 2151 Kal.

203 2166 337 2208 Maias
371 2171 412 2208 et
443 2168 633 2210 Athenas
664 2169 850 2210 venisset
885 2168 1050 2223 Idibus,
1094 2169 1214 2209 valde
1253 2169 1336 2210 fuit
1373 2168 1411 2209 ei
1445 2182 1540 2223 pro-

203 2225 445 2280 perandum,
471 2240 523 2268 ne
550 2227 650 2281 quid
676 2227 827 2268 absens
855 2227 1059 2281 acciperet
1085 2227 1352 2283 calamitatis,
1383 2226 1420 2268 si
1446 2226 1540 2280 quis

202 2282 313 2323 forte
349 2284 518 2340 fuisset,
562 2285 634 2339 qui
671 2287 893 2327 contentus
930 2285 1088 2326 nostris
1126 2286 1249 2327 malis
1290 2299 1378 2326 non
1414 2287 1534 2325 esset.
1554 2299 1587 2326 35
