1665 2553
205 82 261 123 48
635 83 682 118 M.
709 82 848 117 TULLI
875 82 1123 118 CICERONIS

206 192 333 232 quam
383 180 522 218 essent
569 178 728 233 inania,
776 193 871 219 cum
918 178 1114 219 omnibus
1154 178 1290 220 Musis
1338 179 1548 221 rationem

156 247 178 278 3
205 236 361 277 habere
394 237 548 291 cogito.
611 237 675 277 Tu
718 240 860 278 tamen
899 237 949 277 de
980 236 1128 278 Curtio
1172 237 1223 278 ad
1259 252 1325 278 me
1365 239 1548 279 rescribe

206 296 380 347 certius,
422 298 463 335 et
495 309 606 336 nunc
639 295 734 349 quis
773 296 817 336 in
849 296 939 336 eius
970 295 1110 337 locum
1141 298 1334 352 paretur,
1374 300 1416 338 et
1447 297 1549 351 quid

206 354 256 394 de
274 353 318 395 P.
341 352 490 394 Clodio
522 354 610 409 fiat,
642 357 683 395 et
711 354 863 408 omnia,
897 369 1022 408 quem
1049 355 1099 395 ad
1124 355 1297 396 modum
1322 355 1548 412 polliceris,

207 411 277 454 ἐπὶ
298 416 456 466 σχολῆς
483 412 631 467 scribe,
657 415 711 468 et,
738 428 820 466 quo
850 413 915 453 die
942 412 1079 455 Roma
1104 415 1147 454 te
1172 413 1386 454 exiturum
1412 417 1548 470 putes,
1586 432 1601 457 5

206 471 333 512 velim
366 472 417 512 ad
449 485 514 511 me
549 471 727 526 scribas,
768 474 817 512 ut
849 472 1072 513 certiorem
1101 474 1144 512 te
1181 472 1350 528 faciam,
1392 473 1547 527 quibus

206 530 251 570 in
282 530 387 571 locis
419 530 588 570 futurus
632 530 729 585 sim,
771 530 1082 585 epistulamque
1121 531 1266 571 statim
1303 531 1375 572 des
1414 532 1463 572 de
1494 532 1547 572 iis

206 589 352 642 rebus,
393 588 441 628 de
474 588 628 642 quibus
663 589 713 630 ad
744 591 786 629 te
820 589 980 643 scripsi.
1043 588 1176 630 Valde
1207 590 1319 630 enim
1351 593 1548 644 exspecto

207 650 304 688 tuas
337 647 515 688 litteras.

844 764 916 806 VI.
1570 785 1603 809 ιο

551 845 624 880 Ser.
653 846 746 880 Anti
770 857 813 879 m.
840 847 932 890 Apr.
960 858 992 880 α.
1021 848 1092 879 695
1120 848 1210 889 (59).

633 927 802 962 CICERO
829 926 1001 962 ATTICO
1030 927 1126 962 SAL.

163 1010 181 1041 1
300 999 420 1048 Quod
451 1000 533 1041 tibi
560 1001 850 1054 superioribus
882 1000 1039 1041 litteris
1066 1001 1357 1055 promiseram,
1388 1001 1478 1042 fore
1503 1004 1551 1042 ut

212 1073 316 1112 opus
349 1061 535 1100 exstaret
565 1058 692 1099 huius
730 1058 1103 1114 peregrinationis,
1141 1059 1251 1099 nihil
1281 1059 1365 1100 iam
1396 1073 1549 1114 magno

211 1132 336 1171 opere
369 1118 591 1171 confirmo,
624 1118 684 1158 sic
716 1118 827 1158 enim
856 1131 948 1157 sum
975 1118 1218 1171 complexus
1247 1118 1392 1173 otium,
1423 1121 1471 1158 ut
1497 1118 1549 1159 ab
1571 1135 1603 1160 15

210 1190 258 1216 eo
291 1176 433 1217 divelli
466 1191 552 1216 non
585 1191 745 1229 queam.
807 1175 956 1229 Itaque
998 1178 1070 1216 aut
1107 1176 1229 1216 libris
1270 1190 1337 1216 me
1377 1176 1550 1231 delecto,

212 1249 393 1288 quorum
412 1234 548 1275 habeo
564 1234 668 1274 Anti
688 1234 885 1275 festivam
905 1234 1081 1289 copiam,
1107 1237 1179 1275 aut
1200 1234 1354 1275 fluctus
1375 1250 1550 1275 numero

211 1292 330 1348 (nam
362 1293 413 1334 ad
444 1294 622 1334 lacertas
656 1293 884 1347 captandas
916 1296 1190 1347 tempestates
1216 1307 1302 1333 non
1335 1296 1433 1334 sunt
1464 1293 1551 1334 ido-

210 1350 350 1408 neae),
392 1367 415 1393 a
447 1352 665 1393 scribendo
698 1366 874 1406 prorsus
906 1351 1107 1392 abhorret
1140 1351 1316 1392 animus.
1378 1351 1551 1393 Etenim

210 1411 505 1465 γεωγραφικά,
539 1425 645 1465 quae
671 1411 986 1465 constitueram,
1010 1421 1213 1465 magnum
1240 1425 1345 1463 opus
1372 1413 1446 1451 est.
1484 1410 1551 1451 Ita
1572 1428 1605 1452 20

211 1469 331 1510 valde
363 1469 690 1525 Eratosthenes,
728 1484 851 1523 quem
881 1469 987 1510 mihi
1019 1484 1341 1525 proposueram,
1379 1484 1402 1510 a
1435 1468 1551 1511 Sera-

211 1528 337 1582 pione
370 1531 411 1568 et
444 1528 496 1569 ab
522 1527 769 1582 Hipparcho
803 1528 1134 1582 reprehenditur.
1186 1527 1295 1576 Quid
1327 1541 1483 1583 censes,
1515 1528 1551 1568 si

212 1586 427 1640 Tyrannio
461 1587 710 1628 accesserit?
761 1587 820 1627 Et
850 1587 1019 1627 hercule
1052 1589 1152 1627 sunt
1182 1601 1249 1627 res
1282 1586 1474 1627 difficiles
1502 1586 1552 1626 ad

211 1645 506 1699 explicandum
549 1648 590 1687 et
637 1646 850 1700 ὁμοειδεῖς
890 1660 966 1686 nec
1012 1648 1099 1686 tam
1140 1647 1320 1699 possunt
1360 1644 1551 1698 ἀνθηρο-

212 1709 496 1759 γραφεῖσθαι,
524 1719 650 1758 quam
675 1704 939 1758 videbantur,
972 1707 1026 1758 et,
1053 1704 1166 1758 quod
1191 1705 1316 1757 caput
1343 1705 1419 1757 est,
1446 1703 1551 1743 mihi
1573 1720 1605 1745 25

213 1763 385 1817 quaevis
420 1764 523 1804 satis
556 1763 668 1804 iusta
695 1778 819 1804 causa
845 1763 1035 1803 cessandi
1067 1765 1143 1818 est,
1176 1763 1249 1816 qui
1274 1761 1402 1802 etiam
1433 1761 1551 1802 dubi-

212 1824 311 1877 tem,
343 1837 396 1862 an
427 1821 497 1862 hic
528 1821 633 1862 Anti
665 1821 881 1862 considam
913 1824 954 1862 et
984 1821 1066 1862 hoc
1097 1824 1266 1874 tempus
1305 1833 1426 1861 omne
1458 1834 1553 1860 con-

215 1894 397 1936 sumam,
446 1880 521 1921 ubi
565 1880 734 1935 quidem
778 1894 855 1935 ego
900 1880 1069 1920 mallem
1113 1878 1382 1920 duumvirum
1427 1893 1552 1932 quam

166 1948 186 1977 -2
213 1937 373 1979 Romae
413 1939 554 1980 fuisse.
618 1938 682 1979 Tu
722 1953 821 1980 vero
864 1938 1096 1992 sapientior
1135 1937 1338 1978 Buthroti
1381 1937 1552 1978 domum

213 1997 385 2049 parasti.
450 1995 549 2052 Sed,
588 1997 694 2038 mihi
726 1997 864 2052 crede,
903 1996 1096 2050 proxima
1127 1998 1191 2036 est
1223 1995 1288 2036 illi
1319 1995 1551 2049 municipio
1572 2012 1605 2037 30

212 2054 315 2096 haec
333 2056 577 2097 Antiatium
602 2056 760 2097 civitas.
799 2055 907 2096 Esse
932 2055 1073 2096 locum
1096 2056 1184 2094 tam
1209 2068 1342 2108 prope
1362 2053 1553 2108 Romam,

214 2113 289 2153 ubi
319 2114 445 2154 multi
478 2115 581 2169 sint,
614 2114 688 2168 qui
718 2113 941 2155 Vatinium
971 2127 1202 2166 numquam
1233 2112 1434 2165 viderint,
1478 2112 1553 2152 ubi

214 2185 336 2211 nemo
370 2173 426 2213 sit
459 2176 625 2226 praeter
662 2187 746 2227 me,
785 2172 857 2226 qui
895 2185 1148 2225 quemquam
1179 2185 1229 2211 ex
1261 2171 1418 2226 viginti
1449 2170 1552 2211 viris

213 2229 358 2270 vivum
389 2233 430 2270 et
461 2231 625 2272 salvum
655 2231 775 2285 velit,
814 2230 888 2271 ubi
918 2244 984 2270 me
1016 2230 1256 2283 interpellet
1288 2243 1430 2283 nemo,
1462 2228 1553 2268 dili-

214 2290 318 2341 gant
345 2291 505 2330 omnes!
555 2289 649 2345 Hic,
678 2289 749 2330 hic
779 2289 981 2329 nimirum
1005 2287 1302 2342 πολιτευτεόν;
1333 2301 1431 2328 nam
1456 2287 1553 2327 istic
1572 2302 1605 2328 35
