1665 2553
211 837 229 865 [ὓ

207 2004 227 2033 :0

256 84 341 125 380
678 85 727 118 M.
754 84 895 118 TULLI
920 83 1168 119 CICERONIS

254 195 355 221 nam
386 180 494 235 legis
527 180 688 234 studeO,
722 194 849 234 quam
881 183 928 221 ut
959 180 1141 221 maxime
1169 179 1374 234 adsequar
1400 178 1595 221 ἀποθέω-

257 250 340 280 σιν,
404 238 522 288 Quod
556 241 761 294 poteram,
794 239 830 279 si
861 239 906 279 in
937 239 1029 292 ipsa
1060 239 1162 280 villa
1192 239 1390 292 facerem3
1432 238 1517 293 sed,
1547 242 1595 279 ut

257 311 381 351 saepe
412 298 544 338 locuti
576 312 733 352 sumus,
779 297 1133 338 commutationes
1167 297 1434 338 dominorum
1466 297 1596 338 refor-

255 356 381 397 mido.
431 355 482 396 In
514 370 615 410 agro
647 355 902 409 ubicumque
935 356 1082 410 fecero,
1114 356 1221 396 mihi
1251 356 1395 397 videor
1421 355 1595 409 adsequi

256 428 394 469 posse,
424 417 472 455 ut
504 414 733 468 posteritas
765 414 921 455 habeat
945 415 1204 469 religionem.
1255 413 1347 456 Hae
1372 428 1487 455 meae
1512 414 1595 455 tibi
1632 431 1648 457 5

256 473 440 527 ineptiae
480 472 635 529 (fateor
674 472 803 526 enim)
842 473 1037 514 ferendae
1076 476 1192 528 sunt3
1235 488 1334 514 nam
1369 472 1505 514 habeo
1541 487 1595 514 ne

256 546 324 572 me
356 532 525 586 quidem
555 532 707 587 ipsum,
740 532 910 585 quicum
942 535 1029 572 tam
1063 533 1259 573 audacter
1290 531 1595 573 communicem

257 605 384 644 quam
416 593 559 631 tecum.
582 629 586 632 ,
613 590 688 632 Sin
720 590 800 631 tibi
832 605 910 645 res,
944 591 978 631 si
1010 591 1140 645 locus,
1174 590 1210 631 si
1235 590 1482 631 institutum
1508 590 1595 644 pla-

257 652 334 704 cet,
364 649 469 704 lege,
507 663 674 703 quaeso,
707 649 844 703 legem
875 649 1065 703 mihique
1097 664 1188 690 eam
1219 649 1353 690 mitte.
1418 649 1463 690 Si
1495 648 1594 703 quid

255 707 301 748 in
341 710 525 748 mentem
558 710 715 763 veniet,
755 722 838 762 quo
872 709 997 749 modo
1031 723 1122 749 eam
1155 708 1338 763 effugere
1368 707 1595 762 possimus,
1616 725 1644 749 rc

255 769 434 807 utemur.

344 824 411 865 Ad
443 825 625 866 Brutum
664 825 701 866 si
733 825 834 879 quid
866 826 1040 880 scribes,
1080 826 1165 867 nisi
1197 825 1381 866 alienum
1411 825 1596 880 putabis,

258 883 484 938 obiurgato
519 898 626 940 eum,
658 884 770 938 quod
802 884 847 925 in
881 884 1068 926 Cumano
1096 899 1186 925 esse
1212 884 1398 925 noluerit
1423 887 1597 938 propter

258 956 349 982 eam
391 957 578 997 causam,
622 957 748 996 quam
786 942 867 983 tibi
904 943 1020 984 dixit.
1085 942 1304 997 Cogitanti
1341 942 1454 984 enim
1491 942 1596 983 mihi

256 1001 366 1041 nihil
397 1004 486 1042 tam
517 1002 682 1042 videtur
714 1002 906 1055 potuisse
937 1002 1073 1043 facere
1103 1002 1270 1043 rustice.
1332 1001 1411 1057 Et,
1449 1001 1485 1042 si
1516 1001 1596 1042 tibi
1615 1018 1641 1044 ιε

256 1059 440 1113 placebit
473 1060 531 1100 sic
563 1074 686 1114 agere
718 1060 768 1101 de
799 1060 910 1114 fano,
948 1063 996 1101 ut
1028 1061 1254 1116 coepimus,
1291 1060 1417 1101 velim
1451 1060 1596 1101 cohor-

257 1120 346 1158 tere
392 1121 432 1158 et
477 1133 654 1159 exacuas
700 1117 927 1159 Cluatium.
989 1118 1118 1174 Nam,
1163 1119 1330 1160 etiamsi
1375 1119 1458 1160 alio
1503 1119 1596 1159 loco

256 1176 453 1231 placebit,
484 1177 600 1217 illius
633 1177 758 1217 nobis
792 1192 918 1231 opera
950 1178 1210 1231 consilioque
1243 1177 1449 1218 utendum
1479 1179 1596 1231 puto.

257 1234 321 1274 Tu
353 1235 405 1275 ad
436 1235 582 1275 villam
614 1235 794 1276 fortasse
828 1250 928 1276 cras.

819 1351 1037 1394 XXXVII.
1617 1369 1641 1394 2(

598 1431 671 1466 Ser.
693 1432 757 1465 JV
778 1433 876 1467 Non.
898 1432 993 1466 Mai.
1016 1445 1047 1467 (ι.
1073 1436 1142 1467 709
1170 1435 1258 1476 (45).

652 1513 844 1548 CICERO
868 1514 1061 1549 ATTICO
1087 1515 1193 1550 SAL.

345 1584 384 1626 A
427 1587 469 1626 te
512 1585 605 1626 heri
649 1585 752 1626 duas
795 1586 999 1640 epistulas
1045 1586 1205 1640 accepi,
1249 1586 1426 1627 alteram
1463 1586 1596 1640 pridie

257 1644 398 1684 datam
430 1643 591 1697 Hilaro,
625 1644 801 1685 alteram
833 1645 978 1686 eodem
1011 1644 1077 1685 die
1105 1644 1341 1698 tabellario,
1374 1644 1596 1698 accepique

257 1702 308 1742 ab
341 1702 540 1756 Aegypta
565 1703 719 1744 liberto
747 1703 893 1744 eodem
919 1703 984 1743 die
1010 1703 1163 1744 Piliam
1190 1705 1231 1744 et
1257 1702 1445 1744 Atticam
1470 1703 1595 1756 plane
1614 1720 1641 1746 25

256 1761 365 1801 belle
409 1775 453 1801 se
490 1761 654 1802 habere.
719 1760 841 1810 Quod
880 1761 987 1802 mihi
1024 1762 1148 1802 Bruti
1186 1761 1368 1815 litteras,
1413 1764 1594 1816 gratum.

255 1819 323 1859 Ad
354 1833 421 1859 me
453 1834 621 1873 quoque
652 1820 787 1874 misit3
820 1834 926 1874 quae
957 1820 1124 1861 litterae
1150 1820 1256 1860 mihi
1281 1819 1470 1860 redditae
1496 1823 1596 1860 sunt

256 1878 384 1918 tertio
424 1878 585 1918 decimo
625 1878 701 1919 die.
764 1878 872 1919 Eam
913 1879 1049 1932 ipsam
1082 1879 1132 1919 ad
1164 1882 1206 1919 te
1238 1878 1465 1932 epistulam
1497 1878 1594 1919 misi

256 1938 298 1976 et
331 1936 382 1976 ad
414 1951 506 1976 eam
539 1937 777 1990 exemplum
808 1951 999 1977 mearum
1030 1938 1281 1978 litterarum.

337 1993 401 2034 De
432 1994 550 2049 fano,
589 1995 625 2035 si
656 1995 764 2035 nihil
796 1995 902 2036 mihi
932 1995 1157 2036 hortorum
1188 1995 1370 2048 invenis,
1402 1996 1474 2048 qui
1506 1995 1593 2049 qui·
1613 2012 1640 2038 a<

255 2051 349 2092 dem
393 2052 474 2093 tibi
518 2053 757 2094 inveniendi
803 2056 921 2109 sunt,
958 2054 992 2095 si
1030 2068 1097 2094 me
1138 2054 1247 2094 tanti
1286 2053 1408 2109 facis,
1446 2053 1627 2107 quanti.

255 2113 365 2150 celte
397 2111 512 2165 facis,
553 2111 672 2152 valde
703 2112 839 2165 probo
872 2112 1081 2153 rationem
1113 2115 1231 2153 tuam
1263 2112 1313 2152 de
1344 2112 1592 2153 Tusculano.

254 2167 455 2215 Quamvis
488 2170 672 2223 prudens
705 2170 757 2210 ad
789 2171 1061 2225 cogitandum
1094 2171 1170 2225 sis,
1209 2171 1318 2211 sicut
1349 2184 1411 2225 es,
1442 2173 1595 2226 tamen,

252 2226 337 2266 nisi
378 2241 555 2281 magnae
594 2242 717 2269 curae
755 2204 866 2269 tibiD
874 2232 1002 2283 esset,
1041 2232 1089 2269 ut
1121 2243 1198 2284 ego
1232 2205 1508 2282 consequerer
1540 2228 1594 2283 id,

255 2284 368 2335 quod
399 2299 554 2339 magno
588 2301 712 2339 opere
744 2287 913 2341 vellem,
949 2302 1183 2341 numquam
1215 2302 1262 2328 ea
1293 2302 1360 2327 ies
1393 2287 1473 2328 tibi
1505 2289 1593 2327 tam
1612 2303 1641 2329 35
