1665 2553
327 98 664 133 EPISTULARUM
690 100 753 133 AD
780 99 994 134 ATTICUM
1019 100 1052 134 Π
1080 104 1133 144 15,
1164 104 1216 135 16.
1388 101 1442 141 59

106 196 247 249 potest
297 194 522 249 sustinere3
572 195 734 249 reliqua
784 195 921 236 omnis
971 196 1201 237 multitudo
1255 196 1306 236 ab
1357 196 1442 237 illis

107 253 368 294 abalienetur
409 267 578 294 necesse
629 256 702 294 est.
776 253 1000 295 Praeterea
1045 254 1081 295 si
1125 255 1211 295 ulla
1254 269 1322 296 res
1367 258 1444 309 est,

107 325 212 365 quae
243 311 452 352 bonorum
479 312 655 366 animos,
688 327 793 366 quos
818 312 904 353 iam
929 313 1050 354 video
1077 327 1167 354 esse
1194 316 1442 367 commotos,

105 369 394 411 vehementius
438 371 574 424 possit
618 371 854 427 incendere,
898 370 1001 412 haec
1044 374 1155 413 certe
1200 374 1264 412 est
1309 374 1350 413 et
1393 386 1441 412 eo

69 445 86 471 5
106 428 259 483 magiS,
297 428 409 482 quod
440 429 641 482 portoriis
673 428 821 470 Italiae
854 429 1052 485 sublatis,
1090 444 1191 485 agro
1226 429 1440 484 Campano

106 487 239 527 diviso
279 487 390 540 quod
426 488 609 542 vectigal
647 491 837 541 superest
875 488 1152 529 domesticum
1185 491 1352 542 praeter
1383 489 1441 529 vi-

106 545 361 586 censimam?
395 560 500 599 quae
525 546 631 586 mihi
656 546 822 587 videtur
847 561 930 587 una
956 547 1226 588 contiuncula
1259 547 1440 588 clamore

104 604 428 658 pedisequorum
453 607 698 645 nostrorum
725 619 814 646 6336
839 606 1038 659 peritura.
1074 604 1241 647 Gnaeus
1272 606 1441 660 quidem

103 665 248 704 noster
279 663 363 703 iam
394 663 517 717 plane
551 664 650 717 quid
682 664 838 718 cogitet
869 664 1028 719 nesci03

51 761 85 785 ιο
281 745 417 800 (φυσᾷ
448 746 529 799 γὰρ
564 744 615 786 οὐ
649 752 898 799 σμικροῖσιν
930 745 1152 794 αὐλίσκοις
1185 747 1260 799 ἔτι,

280 802 369 845 ἀλλ’
409 802 580 857 ἀγρίαις
613 804 795 857 φύσαισι
827 806 1036 859 φορβειᾶς
1068 804 1206 859 ἄτερ·’

106 897 178 951 qui
211 896 378 951 quidem
411 896 539 937 ctiam
570 896 680 937 istuc
718 897 865 938 adduci
901 897 1099 951 potuerit.
1162 895 1274 937 Nam
1306 896 1439 938 adhuc

103 955 206 997 haec
246 955 484 1009 ἐσοφίζετο,
532 969 575 995 36
617 955 732 1010 leges
777 954 968 996 Caesaris
1012 955 1209 1011 probare,
1253 956 1438 996 actiones
1485 1006 1493 1009 μ

104 1015 243 1068 ipsum
269 1016 483 1067 praestare
508 1013 674 1068 debere,
707 1014 917 1068 agrariam
941 1014 1079 1068 legem
1106 1014 1188 1055 sibi
1219 1014 1439 1069 placuisse,

51 1088 84 1113 15
105 1072 290 1126 potuerit
316 1071 517 1112 intercedi
541 1086 681 1126 necne,
712 1072 821 1112 nihil
853 1072 904 1112 ad
936 1083 979 1113 se
1011 1072 1240 1127 pertinere,
1267 1073 1315 1113 de
1341 1086 1438 1127 rege

104 1130 388 1171 Alexandrino
427 1130 634 1184 placuisse
673 1130 756 1171 sibi
793 1130 1018 1184 aliquando
1054 1131 1221 1185 confici,
1258 1129 1438 1171 Bibulus

104 1189 153 1229 de
190 1189 302 1230 caelo
339 1191 432 1229 tum
470 1191 678 1229 servasset
718 1203 865 1244 necne,
909 1189 991 1230 sibi
1032 1189 1316 1243 quaerendum
1352 1203 1439 1230 non

103 1247 250 1302 fuisse3
277 1247 325 1288 de
350 1247 585 1301 publicanis
615 1247 800 1288 voluisse
831 1261 871 1289 86
901 1247 965 1288 illi
998 1248 1135 1288 ordini
1162 1247 1438 1303 commodare,

105 1305 205 1359 quid
235 1306 427 1346 futurum
458 1305 596 1356 fuerit,
629 1305 666 1346 si
690 1305 869 1346 Bibulus
902 1309 995 1346 tum
1026 1306 1071 1346 in
1101 1307 1242 1346 forum
1273 1306 1438 1347 descen-

51 1382 84 1405 -20
105 1365 253 1419 disset,
285 1378 327 1404 se
360 1363 545 1405 divinare
576 1378 663 1405 non
693 1364 893 1417 potuisse.
956 1363 1081 1405 Nunc
1110 1379 1221 1419 vero,
1255 1363 1437 1418 Sampsi—

104 1437 277 1476 cerame,
308 1422 408 1475 quid
433 1422 572 1463 dices?
604 1423 786 1476 vectigal
810 1426 852 1463 te
876 1423 1001 1464 nobis
1033 1423 1078 1463 in
1108 1425 1253 1464 monte
1283 1422 1437 1463 Antili-

105 1481 214 1521 bano
259 1480 548 1535 constituisse,
591 1481 681 1536 agri
723 1480 926 1535 Campani
970 1481 1225 1522 abstulisse?
1300 1480 1436 1530 Quid?

103 1538 184 1580 1106
216 1553 340 1593 quem
372 1539 423 1579 ad
454 1539 625 1580 modum
658 1539 899 1580 obtinebis?
960 1539 1210 1594 ‘Oppressos
1242 1541 1347 1594 vos’,
1377 1540 1437 1580 in-

106 1597 210 1652 quit,
248 1597 414 1638 ‘tenebo
456 1598 640 1638 exercitu
678 1596 895 1639 Caesaris.'
962 1596 1063 1639 Non
1098 1598 1334 1640 mehercule
1370 1613 1437 1639 me

51 1672 85 1697 25
105 1659 153 1696 tu
191 1655 359 1710 quidem
402 1658 490 1696 tam
532 1656 616 1697 isto
667 1656 851 1697 exercitu
896 1671 1022 1710 quam
1064 1656 1243 1711 ingratis
1285 1656 1436 1697 animis

106 1728 251 1755 eorum
281 1714 520 1768 hominum,
559 1714 630 1768 qui
664 1715 929 1768 appellantur
962 1715 1080 1769 boni,
1112 1715 1185 1768 qui
1216 1715 1321 1755 mihi
1350 1729 1438 1755 non

105 1772 229 1814 modo
254 1772 549 1827 praemiorum,
581 1772 654 1813 sed
676 1787 729 1814 ne
761 1787 1002 1814 sermonum
1036 1772 1203 1826 quidem
1234 1787 1436 1826 umquam

106 1831 290 1872 fructum
314 1831 449 1871 ullum
475 1834 547 1871 aut
574 1831 754 1885 gratiam
778 1831 1046 1871 rettulerunt.
1091 1830 1250 1879 Quodsi
1275 1831 1319 1870 in
1345 1845 1436 1871 eam

107 1902 173 1929 me
200 1892 364 1942 partem
394 1889 626 1944 incitarem,
656 1889 845 1943 profecto
877 1889 962 1930 iam
994 1889 1179 1942 aliquam
1210 1889 1437 1942 reperirem

54 1963 89 1988 30
107 1946 329 1988 resistendi
353 1947 475 1988 viam.
529 1946 653 1988 Nunc
677 1962 850 2001 prorsus
876 1947 956 1989 1106
983 1947 1126 2001 statui,
1151 1949 1211 2002 ut,
1237 1947 1437 2000 quoniam

108 2007 227 2045 tanta
257 2005 542 2047 controversia
575 2008 638 2047 est
669 2005 944 2061 Dicaearcho,
980 2005 1180 2046 familiari
1211 2008 1305 2060 tuo,
1343 2019 1437 2046 cum

108 2062 418 2119 Theophrasto,
455 2064 588 2105 amico
626 2079 738 2120 11160,
774 2067 821 2105 ut
859 2065 930 2104 ille
961 2066 1059 2104 tuus
1092 2064 1170 2104 τὸν
1200 2064 1437 2118 πρακτικὸν

108 2123 207 2174 βίον
237 2121 362 2176 longe
394 2123 589 2164 omnibus
623 2125 864 2177 anteponat,
893 2123 962 2163 hic
993 2125 1134 2163 autem
1165 2122 1242 2163 τὸν
1272 2126 1437 2177 θεωρη-

108 2181 248 2232 τικόν,
285 2180 452 2233 utrique
489 2196 512 2221 a
543 2195 609 2222 me
640 2196 732 2222 mos
765 2184 909 2235 gestus
942 2194 1032 2221 esse
1063 2180 1265 2221 videatur.
1326 2179 1435 2221 Puto

56 2253 88 2279 35
109 2237 218 2278 enim
243 2252 310 2278 me
328 2236 583 2280 Dicaearcho
604 2240 779 2280 adfatim
807 2239 909 2280 satis
935 2238 1099 2293 fecisse3
1126 2238 1303 2292 respicio
1326 2253 1437 2280 nunc

108 2295 159 2336 ad
182 2295 291 2337 hanc
316 2295 533 2352 familiam,
559 2312 664 2351 quae
689 2298 795 2338 mihi
819 2311 905 2338 non
931 2297 1068 2351 modo,
1093 2299 1141 2337 ut
1165 2297 1437 2351 requiescam,
