1665 2553
189 85 273 126 212
645 83 693 117 Μ.
719 83 748 118 T
751 83 860 118 ULLI
885 80 1132 118 CICERONIS

192 179 433 234 accipienda
464 179 591 234 plaga
623 181 697 220 est.
753 177 908 220 Sumus
941 177 1053 219 enim
1084 177 1297 232 flagitiose
1327 177 1527 232 imparati

190 254 285 280 cum
317 253 341 279 a
371 238 582 279 militibus
613 240 707 278 tum
739 252 761 278 a
787 236 979 302 pecunia3
1012 251 1138 290 quam
1166 236 1333 291 quidem
1360 250 1528 278 omnem

190 312 277 339 non
306 297 432 339 modo
464 297 693 351 privatam,
734 310 840 350 quae
871 296 917 336 in
946 294 1051 336 urbe
1084 297 1159 350 est,
1191 295 1263 336 sed
1295 294 1422 336 etiam
1453 309 1528 349 pu·

189 356 357 411 blicam
389 370 494 409 quae
527 356 572 396 in
602 354 762 395 aerario
791 356 866 408 est,
897 353 962 394 illi
987 353 1245 408 reliquimus.
1300 352 1526 408 Pompeius

191 415 242 456 ad
281 415 469 470 legiones
499 413 716 468 Appianas
749 414 813 454 est
844 413 1076 467 profectus,
1119 411 1354 453 Labienum
1386 426 1527 453 secum
1564 429 1581 454 5

190 473 330 515 habet.
399 473 493 527 Ego
541 475 635 512 tuas
680 471 899 525 opiniones
945 471 994 512 de
1035 445 1103 512 his
1147 470 1274 512 rebus
1320 473 1526 525 exspecto.

191 531 383 573 Formias
416 546 480 572 1116
513 531 714 572 continuo
747 529 929 584 recipere
961 528 1210 584 cogitabam.

803 645 916 687 XVI.

460 726 533 762 Ser,
557 727 704 761 Calibus
727 726 802 761 III
823 727 869 761 K
893 726 997 761 Febr.
1020 738 1052 760 a.
1077 728 1147 761 705
1174 728 1265 770 (49).

613 807 780 843 CICERO
807 807 980 842 ATTICO
1008 807 1105 842 SAL.
1548 815 1583 840 10

148 894 166 925 1
284 880 438 921 Omnes
484 880 668 922 arbitror
711 880 816 921 mihi
860 882 957 921 tuas
1000 880 1166 921 litteras
1204 879 1388 920 redditas
1427 893 1529 934 esse,

195 940 267 982 sed
298 940 455 994 primas
484 942 766 994 praepostere,
797 939 981 993 reliquas
1009 938 1167 993 ordine,
1199 952 1281 992 quo
1308 940 1407 979 sunt
1431 937 1530 979 mis-

196 1013 265 1040 sae
296 1013 369 1053 per
395 998 646 1040 Terentiam.
704 996 767 1038 De
798 997 1008 1038 mandatis
1041 996 1233 1038 Caesaris
1266 996 1530 1050 adventuque

194 1056 371 1098 Labieni
408 1060 448 1097 et
485 1056 700 1110 responsis
742 1056 961 1097 consulum
1002 1070 1048 1097 ac
1077 1054 1254 1110 Pompei
1291 1055 1443 1109 scripsi
1479 1055 1531 1096 ad

195 1118 237 1157 te
276 1115 431 1156 litteris
464 1115 534 1170 iis,
573 1129 676 1168 quas
710 1130 743 1155 a.
770 1114 806 1156 d.
833 1127 863 1155 V
892 1114 985 1155 Kal,
1014 1113 1157 1168 Capua
1190 1114 1295 1168 dedi,
1325 1114 1530 1168 pluraque
1549 1130 1582 1156 15

149 1187 168 1217 2
195 1176 411 1228 praeterea
442 1174 486 1214 in
518 1173 689 1213 eandem
722 1172 946 1226 epistulam
977 1173 1144 1214 conieci.
1200 1172 1325 1213 Nunc
1354 1172 1431 1213 has
1465 1185 1530 1213 ex-

198 1232 478 1286 spectationes
503 1230 707 1272 habemus
735 1231 851 1286 duas,
882 1246 1020 1285 unam,
1054 1231 1154 1285 quid
1180 1229 1334 1272 Caesar
1359 1232 1528 1271 acturus

197 1292 271 1345 sit,
310 1305 405 1331 cum
446 1290 650 1344 acceperit
690 1303 752 1345 ea,
794 1303 900 1344 quae
937 1289 1152 1330 referenda
1196 1289 1247 1330 ad
1278 1289 1400 1329 illum
1432 1288 1529 1329 data

198 1351 296 1390 sunt
333 1347 378 1390 L.
414 1347 600 1403 Caesari,
643 1348 836 1403 alteram,
879 1348 978 1402 quid
1015 1347 1240 1402 Pompeius
1278 1349 1387 1402 agat.
1449 1345 1529 1395 Qui

197 1407 366 1461 quidem
404 1407 455 1448 ad
493 1421 560 1447 me
598 1406 745 1447 scribit
785 1407 929 1460 paucis
962 1406 1108 1447 diebus
1142 1421 1185 1447 se
1216 1406 1385 1446 firmum
1418 1419 1529 1446 exer·
1549 1423 1583 1448 20

196 1467 328 1507 citum
352 1465 599 1506 habiturum
627 1479 827 1519 spemque
853 1465 999 1520 adfert,
1032 1465 1066 1506 si
1092 1465 1134 1506 in
1156 1464 1355 1506 Picenum
1382 1478 1530 1519 agrum

196 1525 286 1578 ipse
323 1524 504 1579 venerit,
546 1538 624 1565 nos
661 1523 843 1565 Romam
879 1524 1090 1564 redituros
1129 1538 1228 1564 esse.
1296 1522 1530 1564 Labienum

198 1597 338 1624 secum
375 1582 503 1624 habet
533 1596 620 1624 non
650 1582 917 1624 dubitantem
942 1582 991 1623 de
1022 1581 1312 1623 imbecillitate
1339 1579 1529 1622 Caesaris

197 1641 432 1697 copiarum,
473 1641 591 1683 cuius
630 1641 812 1682 adventu
845 1639 1012 1682 Gnaeus
1043 1643 1188 1682 noster
1226 1639 1362 1682 multo
1400 1639 1529 1680 animi

197 1700 292 1754 plus
335 1699 476 1742 habet.
543 1698 634 1741 Nos
679 1715 702 1740 a
739 1699 982 1741 consulibus
1025 1697 1211 1753 Capuam
1246 1698 1388 1740 venire
1424 1697 1530 1739 iussi
1549 1714 1582 1740 25

200 1773 344 1800 sumus
378 1758 430 1799 ad
460 1757 607 1800 Nonas
639 1757 758 1799 Febr.

287 1816 431 1871 Capua
470 1817 685 1871 profectus
725 1832 819 1858 sum
854 1815 1046 1858 Formias
1088 1831 1122 1857 a.
1155 1816 1191 1857 d.
1222 1827 1273 1856 ΙΙΙ
1308 1813 1401 1855 Κ31.
1463 1814 1528 1856 Eo

199 1875 265 1916 die
302 1890 398 1917 cum
430 1874 603 1917 Calibus
635 1878 731 1916 tuas
763 1875 928 1916 litteras
958 1875 1063 1916 hora
1094 1874 1180 1916 fere
1209 1888 1321 1914 nona
1353 1873 1530 1927 accepis-

151 1945 172 1975 3
200 1948 300 1988 sem,
329 1934 406 1976 has
440 1934 587 1976 statim
619 1934 723 1976 dedi.
785 1933 849 1975 De
879 1933 1075 1975 Terentia
1107 1936 1148 1974 et
1179 1932 1317 1973 Tullia
1346 1931 1428 1973 tibi
1458 1931 1530 1973 ad—

199 1993 368 2034 sentior.
430 1992 499 2034 Ad
530 2007 634 2047 quas
667 1992 935 2047 scripseram,
973 1992 1024 2033 ad
1055 1994 1097 2032 te
1127 1993 1176 2032 ut
1206 1990 1421 2031 referrent.
1484 1989 1530 2032 Si
1548 2006 1582 2032 30

196 2051 385 2092 nondum
426 2051 639 2106 profectae
677 2054 793 2106 sunt,
830 2051 940 2091 nihil
978 2052 1057 2105 est,
1096 2049 1209 2104 quod
1247 2063 1291 2091 se
1321 2050 1529 2102 moveant,

199 2109 338 2163 quoad
367 2110 683 2167 perspiciamus,
715 2123 798 2165 quo
829 2109 912 2151 loci
944 2109 1000 2150 sit
1029 2122 1106 2150 res.
