<?xml version="1.0" encoding="UTF-8"?>
<!DOCTYPE html PUBLIC "-//W3C//DTD XHTML 1.0 Transitional//EN"
    "http://www.w3.org/TR/xhtml1/DTD/xhtml1-transitional.dtd">
<html xmlns="http://www.w3.org/1999/xhtml" xml:lang="en" lang="en">
 <head>
  <title>
</title>
<meta http-equiv="Content-Type" content="text/html;charset=utf-8" />
  <meta name='ocr-system' content='tesseract 3.04.00' />
  <meta name='ocr-capabilities' content='ocr_page ocr_carea ocr_par ocr_line ocrx_word'/>
</head>
<body>
  <div class='ocr_page' id='page_1' title='image "./p2scriptaquaemanse03ciceuoft_0175.png"; bbox 0 0 1665 2553; ppageno 0'>
   <div class='ocr_carea' id='block_1_1' title="bbox 367 48 1446 94">
    <p class='ocr_par' dir='ltr' id='par_1_1' title="bbox 367 48 1446 94">
     <span class='ocr_line' id='line_1_1' title="bbox 367 48 1446 94; baseline -0.004 -8"><span class='ocrx_word' id='word_1_1' title='bbox 367 49 706 86; x_wconf 83' lang='lat' dir='ltr'><strong>EPISTULARUM</strong></span> <span class='ocrx_word' id='word_1_2' title='bbox 731 49 796 84; x_wconf 93' lang='lat' dir='ltr'>AD</span> <span class='ocrx_word' id='word_1_3' title='bbox 821 48 1036 84; x_wconf 83' lang='lat' dir='ltr'>ATTICUM</span> <span class='ocrx_word' id='word_1_4' title='bbox 1060 49 1076 83; x_wconf 87' lang='grc' dir='ltr'>Ι</span> <span class='ocrx_word' id='word_1_5' title='bbox 1103 53 1133 94; x_wconf 86' lang='lat'>1,</span> <span class='ocrx_word' id='word_1_6' title='bbox 1161 53 1190 84; x_wconf 76' lang='lat'>2.</span> <span class='ocrx_word' id='word_1_7' title='bbox 1421 50 1446 91; x_wconf 81' lang='lat'><strong>3</strong></span> 
     </span>
    </p>
   </div>
   <div class='ocr_carea' id='block_1_2' title="bbox 61 143 1494 1315">
    <p class='ocr_par' dir='ltr' id='par_1_2' title="bbox 61 143 1494 1315">
     <span class='ocr_line' id='line_1_2' title="bbox 114 143 1493 201; baseline -0.001 -13"><span class='ocrx_word' id='word_1_8' title='bbox 114 146 238 189; x_wconf 84' lang='lat' dir='ltr'>fratri</span> <span class='ocrx_word' id='word_1_9' title='bbox 273 159 426 201; x_wconf 80' lang='lat' dir='ltr'>magno</span> <span class='ocrx_word' id='word_1_10' title='bbox 464 145 561 187; x_wconf 88' lang='lat' dir='ltr'>usui</span> <span class='ocrx_word' id='word_1_11' title='bbox 594 145 641 187; x_wconf 90' lang='lat' dir='ltr'>in</span> <span class='ocrx_word' id='word_1_12' title='bbox 669 145 827 187; x_wconf 89' lang='lat' dir='ltr'>nostris</span> <span class='ocrx_word' id='word_1_13' title='bbox 859 144 1151 199; x_wconf 89' lang='lat' dir='ltr'>petitionibus.</span> <span class='ocrx_word' id='word_1_14' title='bbox 1214 143 1321 186; x_wconf 80' lang='lat' dir='ltr'>Sane</span> <span class='ocrx_word' id='word_1_15' title='bbox 1354 160 1447 187; x_wconf 90' lang='lat' dir='ltr'>sum</span> <span class='ocrx_word' id='word_1_16' title='bbox 1472 156 1493 187; x_wconf 87' lang='lat'>4</span> 
     </span>
     <span class='ocr_line' id='line_1_3' title="bbox 114 203 1447 260; baseline -0.002 -14"><span class='ocrx_word' id='word_1_17' title='bbox 114 205 387 260; x_wconf 89' lang='lat' dir='ltr'>perturbatus</span> <span class='ocrx_word' id='word_1_18' title='bbox 425 219 519 246; x_wconf 85' lang='lat' dir='ltr'>eum</span> <span class='ocrx_word' id='word_1_19' title='bbox 555 204 690 258; x_wconf 89' lang='lat' dir='ltr'>ipsius</span> <span class='ocrx_word' id='word_1_20' title='bbox 728 203 871 258; x_wconf 82' lang='lat' dir='ltr'>Satyri</span> <span class='ocrx_word' id='word_1_21' title='bbox 907 203 1195 244; x_wconf 67' lang='lat' dir='ltr'>familiaritate</span> <span class='ocrx_word' id='word_1_22' title='bbox 1235 206 1327 245; x_wconf 89' lang='lat' dir='ltr'>tum</span> <span class='ocrx_word' id='word_1_23' title='bbox 1364 203 1447 245; x_wconf 92' lang='lat' dir='ltr'>Do-</span> 
     </span>
     <span class='ocr_line' id='line_1_4' title="bbox 115 261 1447 319; baseline 0 -15"><span class='ocrx_word' id='word_1_24' title='bbox 115 264 223 319; x_wconf 88' lang='lat' dir='ltr'>miti,</span> <span class='ocrx_word' id='word_1_25' title='bbox 253 263 298 304; x_wconf 92' lang='lat' dir='ltr'>in</span> <span class='ocrx_word' id='word_1_26' title='bbox 329 278 412 318; x_wconf 90' lang='lat' dir='ltr'>quo</span> <span class='ocrx_word' id='word_1_27' title='bbox 444 277 528 304; x_wconf 90' lang='lat' dir='ltr'>uno</span> <span class='ocrx_word' id='word_1_28' title='bbox 561 263 741 304; x_wconf 80' lang='lat' dir='ltr'>maxime</span> <span class='ocrx_word' id='word_1_29' title='bbox 773 262 950 304; x_wconf 86' lang='lat' dir='ltr'>ambitio</span> <span class='ocrx_word' id='word_1_30' title='bbox 982 265 1130 303; x_wconf 87' lang='lat' dir='ltr'>nostra</span> <span class='ocrx_word' id='word_1_31' title='bbox 1159 262 1323 304; x_wconf 87' lang='lat' dir='ltr'>nititur.</span> <span class='ocrx_word' id='word_1_32' title='bbox 1368 261 1447 304; x_wconf 93' lang='lat' dir='ltr'>De-</span> 
     </span>
     <span class='ocr_line' id='line_1_5' title="bbox 115 320 1447 376; baseline -0.002 -12"><span class='ocrx_word' id='word_1_33' title='bbox 115 322 349 364; x_wconf 84' lang='lat' dir='ltr'>monstravi</span> <span class='ocrx_word' id='word_1_34' title='bbox 373 322 475 364; x_wconf 84' lang='lat' dir='ltr'>haee</span> <span class='ocrx_word' id='word_1_35' title='bbox 501 320 682 363; x_wconf 82' lang='lat' dir='ltr'>Caecilio</span> <span class='ocrx_word' id='word_1_36' title='bbox 715 321 842 363; x_wconf 88' lang='lat' dir='ltr'>simul</span> <span class='ocrx_word' id='word_1_37' title='bbox 873 323 914 362; x_wconf 90' lang='lat' dir='ltr'>et</span> <span class='ocrx_word' id='word_1_38' title='bbox 944 321 1050 362; x_wconf 85' lang='lat' dir='ltr'>illud</span> <span class='ocrx_word' id='word_1_39' title='bbox 1082 321 1259 375; x_wconf 81' lang='lat' dir='ltr'>ostendi,</span> <span class='ocrx_word' id='word_1_40' title='bbox 1291 321 1328 362; x_wconf 91' lang='lat' dir='ltr'>si</span> <span class='ocrx_word' id='word_1_41' title='bbox 1357 321 1447 376; x_wconf 90' lang='lat' dir='ltr'>ipse</span> 
     </span>
     <span class='ocr_line' id='line_1_6' title="bbox 80 379 1447 435; baseline -0.003 -11"><span class='ocrx_word' id='word_1_42' title='bbox 80 398 95 425; x_wconf 92' lang='lat'>5</span> <span class='ocrx_word' id='word_1_43' title='bbox 115 395 223 422; x_wconf 89' lang='lat' dir='ltr'>unus</span> <span class='ocrx_word' id='word_1_44' title='bbox 255 395 350 422; x_wconf 83' lang='lat' dir='ltr'>eum</span> <span class='ocrx_word' id='word_1_45' title='bbox 381 381 454 422; x_wconf 84' lang='lat' dir='ltr'>illo</span> <span class='ocrx_word' id='word_1_46' title='bbox 486 395 570 422; x_wconf 89' lang='lat' dir='ltr'>uno</span> <span class='ocrx_word' id='word_1_47' title='bbox 603 380 889 435; x_wconf 71' lang='lat' dir='ltr'>contenderet,</span> <span class='ocrx_word' id='word_1_48' title='bbox 925 394 991 421; x_wconf 90' lang='lat' dir='ltr'>me</span> <span class='ocrx_word' id='word_1_49' title='bbox 1030 379 1068 421; x_wconf 90' lang='lat' dir='ltr'>ei</span> <span class='ocrx_word' id='word_1_50' title='bbox 1101 380 1204 420; x_wconf 90' lang='lat' dir='ltr'>satis</span> <span class='ocrx_word' id='word_1_51' title='bbox 1236 380 1447 420; x_wconf 79' lang='lat' dir='ltr'>facturum</span> 
     </span>
     <span class='ocr_line' id='line_1_7' title="bbox 114 438 1447 495; baseline -0.001 -15"><span class='ocrx_word' id='word_1_52' title='bbox 114 440 262 495; x_wconf 70' lang='lat' dir='ltr'>fuisse,</span> <span class='ocrx_word' id='word_1_53' title='bbox 286 454 399 481; x_wconf 88' lang='lat' dir='ltr'>nune</span> <span class='ocrx_word' id='word_1_54' title='bbox 417 440 462 480; x_wconf 85' lang='lat' dir='ltr'>in</span> <span class='ocrx_word' id='word_1_55' title='bbox 481 453 605 480; x_wconf 84' lang='lat' dir='ltr'>causa</span> <span class='ocrx_word' id='word_1_56' title='bbox 624 439 917 480; x_wconf 86' lang='lat' dir='ltr'>universorum</span> <span class='ocrx_word' id='word_1_57' title='bbox 936 438 1202 493; x_wconf 82' lang='lat' dir='ltr'>creditorum,</span> <span class='ocrx_word' id='word_1_58' title='bbox 1226 438 1447 479; x_wconf 89' lang='lat' dir='ltr'>hominum</span> 
     </span>
     <span class='ocr_line' id='line_1_8' title="bbox 114 496 1446 553; baseline -0.002 -13"><span class='ocrx_word' id='word_1_59' title='bbox 114 499 362 553; x_wconf 87' lang='lat' dir='ltr'>praesertim</span> <span class='ocrx_word' id='word_1_60' title='bbox 389 498 758 553; x_wconf 86' lang='lat' dir='ltr'>amplissimorum,</span> <span class='ocrx_word' id='word_1_61' title='bbox 784 498 856 552; x_wconf 89' lang='lat' dir='ltr'>qui</span> <span class='ocrx_word' id='word_1_62' title='bbox 882 497 972 538; x_wconf 89' lang='lat' dir='ltr'>sine</span> <span class='ocrx_word' id='word_1_63' title='bbox 998 511 1060 553; x_wconf 91' lang='lat' dir='ltr'>eo,</span> <span class='ocrx_word' id='word_1_64' title='bbox 1092 511 1216 551; x_wconf 87' lang='lat' dir='ltr'>quem</span> <span class='ocrx_word' id='word_1_65' title='bbox 1242 496 1446 539; x_wconf 80' lang='lat' dir='ltr'>Caecilius</span> 
     </span>
     <span class='ocr_line' id='line_1_9' title="bbox 116 556 1448 612; baseline -0.002 -14"><span class='ocrx_word' id='word_1_66' title='bbox 116 571 192 599; x_wconf 90' lang='lat' dir='ltr'>suo</span> <span class='ocrx_word' id='word_1_67' title='bbox 217 557 388 598; x_wconf 89' lang='lat' dir='ltr'>nomine</span> <span class='ocrx_word' id='word_1_68' title='bbox 413 557 666 612; x_wconf 77' lang='lat' dir='ltr'>perhiberet,</span> <span class='ocrx_word' id='word_1_69' title='bbox 693 556 814 597; x_wconf 82' lang='lat' dir='ltr'>facile</span> <span class='ocrx_word' id='word_1_70' title='bbox 840 571 1007 597; x_wconf 84' lang='lat' dir='ltr'>causam</span> <span class='ocrx_word' id='word_1_71' title='bbox 1033 570 1298 597; x_wconf 78' lang='lat' dir='ltr'>communem</span> <span class='ocrx_word' id='word_1_72' title='bbox 1324 556 1448 597; x_wconf 87' lang='lat' dir='ltr'>susti-</span> 
     </span>
     <span class='ocr_line' id='line_1_10' title="bbox 113 615 1447 671; baseline -0.001 -15"><span class='ocrx_word' id='word_1_73' title='bbox 113 619 279 671; x_wconf 91' lang='lat' dir='ltr'>nerent,</span> <span class='ocrx_word' id='word_1_74' title='bbox 316 630 497 670; x_wconf 89' lang='lat' dir='ltr'>aequum</span> <span class='ocrx_word' id='word_1_75' title='bbox 534 630 624 657; x_wconf 87' lang='lat' dir='ltr'>esse</span> <span class='ocrx_word' id='word_1_76' title='bbox 662 629 757 656; x_wconf 89' lang='lat' dir='ltr'>eum</span> <span class='ocrx_word' id='word_1_77' title='bbox 789 617 830 656; x_wconf 92' lang='lat' dir='ltr'>et</span> <span class='ocrx_word' id='word_1_78' title='bbox 863 615 1000 655; x_wconf 84' lang='lat' dir='ltr'>officio</span> <span class='ocrx_word' id='word_1_79' title='bbox 1032 629 1126 655; x_wconf 88' lang='lat' dir='ltr'>meo</span> <span class='ocrx_word' id='word_1_80' title='bbox 1159 615 1374 656; x_wconf 80' lang='lat' dir='ltr'>consulere</span> <span class='ocrx_word' id='word_1_81' title='bbox 1407 617 1447 655; x_wconf 89' lang='lat' dir='ltr'>et</span> 
     </span>
     <span class='ocr_line' id='line_1_11' title="bbox 61 673 1448 729; baseline -0.001 -13"><span class='ocrx_word' id='word_1_82' title='bbox 61 692 96 717; x_wconf 88' lang='lat'>10</span> <span class='ocrx_word' id='word_1_83' title='bbox 114 675 306 729; x_wconf 84' lang='lat' dir='ltr'>tempori.</span> <span class='ocrx_word' id='word_1_84' title='bbox 373 673 532 715; x_wconf 87' lang='lat' dir='ltr'>Durius</span> <span class='ocrx_word' id='word_1_85' title='bbox 571 673 754 728; x_wconf 79' lang='lat' dir='ltr'>accipere</span> <span class='ocrx_word' id='word_1_86' title='bbox 789 673 870 714; x_wconf 85' lang='lat' dir='ltr'>hoo</span> <span class='ocrx_word' id='word_1_87' title='bbox 907 673 1012 713; x_wconf 89' lang='lat' dir='ltr'>mihi</span> <span class='ocrx_word' id='word_1_88' title='bbox 1048 673 1163 714; x_wconf 85' lang='lat' dir='ltr'>visus</span> <span class='ocrx_word' id='word_1_89' title='bbox 1203 675 1284 729; x_wconf 91' lang='lat' dir='ltr'>est,</span> <span class='ocrx_word' id='word_1_90' title='bbox 1322 688 1448 728; x_wconf 86' lang='lat' dir='ltr'>quam</span> 
     </span>
     <span class='ocr_line' id='line_1_12' title="bbox 114 732 1447 788; baseline -0.002 -14"><span class='ocrx_word' id='word_1_91' title='bbox 114 734 277 788; x_wconf 85' lang='lat' dir='ltr'>vellem,</span> <span class='ocrx_word' id='word_1_92' title='bbox 302 735 344 774; x_wconf 90' lang='lat' dir='ltr'>et</span> <span class='ocrx_word' id='word_1_93' title='bbox 370 747 496 787; x_wconf 89' lang='lat' dir='ltr'>quam</span> <span class='ocrx_word' id='word_1_94' title='bbox 518 732 711 774; x_wconf 87' lang='lat' dir='ltr'>homines</span> <span class='ocrx_word' id='word_1_95' title='bbox 737 732 838 773; x_wconf 86' lang='lat' dir='ltr'>belli</span> <span class='ocrx_word' id='word_1_96' title='bbox 865 732 1014 787; x_wconf 80' lang='lat' dir='ltr'>solent,</span> <span class='ocrx_word' id='word_1_97' title='bbox 1039 734 1082 772; x_wconf 90' lang='lat' dir='ltr'>et</span> <span class='ocrx_word' id='word_1_98' title='bbox 1104 734 1252 786; x_wconf 85' lang='lat' dir='ltr'>postea</span> <span class='ocrx_word' id='word_1_99' title='bbox 1272 746 1447 786; x_wconf 83' lang='lat' dir='ltr'>prorsus</span> 
     </span>
     <span class='ocr_line' id='line_1_13' title="bbox 116 790 1448 845; baseline -0.001 -13"><span class='ocrx_word' id='word_1_100' title='bbox 116 791 167 832; x_wconf 89' lang='lat' dir='ltr'>ab</span> <span class='ocrx_word' id='word_1_101' title='bbox 188 792 388 832; x_wconf 89' lang='lat' dir='ltr'>instituta</span> <span class='ocrx_word' id='word_1_102' title='bbox 406 794 554 832; x_wconf 87' lang='lat' dir='ltr'>nostra</span> <span class='ocrx_word' id='word_1_103' title='bbox 572 806 802 845; x_wconf 74' lang='lat' dir='ltr'>paucorum</span> <span class='ocrx_word' id='word_1_104' title='bbox 822 790 983 831; x_wconf 86' lang='lat' dir='ltr'>dierum</span> <span class='ocrx_word' id='word_1_105' title='bbox 1002 791 1303 831; x_wconf 75' lang='lat' dir='ltr'>consuetudine</span> <span class='ocrx_word' id='word_1_106' title='bbox 1322 791 1448 845; x_wconf 78' lang='lat' dir='ltr'>longe</span> 
     </span>
     <span class='ocr_line' id='line_1_14' title="bbox 114 850 283 905; baseline 0 -14"><span class='ocrx_word' id='word_1_107' title='bbox 114 850 283 905; x_wconf 81' lang='lat' dir='ltr'>refugit.</span> 
     </span>
     <span class='ocr_line' id='line_1_15' title="bbox 202 907 1447 964; baseline -0.002 -15"><span class='ocrx_word' id='word_1_108' title='bbox 202 908 293 949; x_wconf 87' lang='lat' dir='ltr'>Abs</span> <span class='ocrx_word' id='word_1_109' title='bbox 320 911 362 949; x_wconf 89' lang='lat' dir='ltr'>te</span> <span class='ocrx_word' id='word_1_110' title='bbox 386 911 499 964; x_wconf 91' lang='lat' dir='ltr'>peto,</span> <span class='ocrx_word' id='word_1_111' title='bbox 529 910 577 949; x_wconf 93' lang='lat' dir='ltr'>ut</span> <span class='ocrx_word' id='word_1_112' title='bbox 602 907 707 948; x_wconf 88' lang='lat' dir='ltr'>mihi</span> <span class='ocrx_word' id='word_1_113' title='bbox 732 907 813 948; x_wconf 84' lang='lat' dir='ltr'>hoo</span> <span class='ocrx_word' id='word_1_114' title='bbox 837 907 1031 961; x_wconf 79' lang='lat' dir='ltr'>ignoseas</span> <span class='ocrx_word' id='word_1_115' title='bbox 1062 909 1103 948; x_wconf 91' lang='lat' dir='ltr'>et</span> <span class='ocrx_word' id='word_1_116' title='bbox 1134 921 1200 947; x_wconf 90' lang='lat' dir='ltr'>me</span> <span class='ocrx_word' id='word_1_117' title='bbox 1232 907 1447 948; x_wconf 81' lang='lat' dir='ltr'>existimes</span> 
     </span>
     <span class='ocr_line' id='line_1_16' title="bbox 63 965 1494 1020; baseline -0.002 -10"><span class='ocrx_word' id='word_1_118' title='bbox 63 985 96 1011; x_wconf 86' lang='lat'>15</span> <span class='ocrx_word' id='word_1_119' title='bbox 115 967 378 1008; x_wconf 85' lang='lat' dir='ltr'>humanitate</span> <span class='ocrx_word' id='word_1_120' title='bbox 410 981 500 1008; x_wconf 91' lang='lat' dir='ltr'>esse</span> <span class='ocrx_word' id='word_1_121' title='bbox 519 966 807 1020; x_wconf 87' lang='lat' dir='ltr'>prohibitum,</span> <span class='ocrx_word' id='word_1_122' title='bbox 837 980 889 1006; x_wconf 91' lang='lat' dir='ltr'>ne</span> <span class='ocrx_word' id='word_1_123' title='bbox 921 968 1068 1006; x_wconf 84' lang='lat' dir='ltr'>eontra</span> <span class='ocrx_word' id='word_1_124' title='bbox 1094 965 1215 1006; x_wconf 80' lang='lat' dir='ltr'>amici</span> <span class='ocrx_word' id='word_1_125' title='bbox 1242 980 1449 1006; x_wconf 86' lang='lat' dir='ltr'>summam</span> <span class='ocrx_word' id='word_1_126' title='bbox 1486 1004 1494 1008; x_wconf 74' lang='lat'>-</span> 
     </span>
     <span class='ocr_line' id='line_1_17' title="bbox 117 1024 1448 1079; baseline -0.002 -13"><span class='ocrx_word' id='word_1_127' title='bbox 117 1025 473 1067; x_wconf 77' lang='lat' dir='ltr'>existimationem</span> <span class='ocrx_word' id='word_1_128' title='bbox 502 1025 739 1065; x_wconf 90' lang='lat' dir='ltr'>miserrimo</span> <span class='ocrx_word' id='word_1_129' title='bbox 773 1024 861 1064; x_wconf 91' lang='lat' dir='ltr'>eius</span> <span class='ocrx_word' id='word_1_130' title='bbox 893 1026 1083 1078; x_wconf 91' lang='lat' dir='ltr'>tempore</span> <span class='ocrx_word' id='word_1_131' title='bbox 1114 1024 1317 1079; x_wconf 80' lang='lat' dir='ltr'>venirem,</span> <span class='ocrx_word' id='word_1_132' title='bbox 1354 1039 1448 1065; x_wconf 83' lang='lat' dir='ltr'>eum</span> 
     </span>
     <span class='ocr_line' id='line_1_18' title="bbox 115 1082 1448 1131; baseline -0.002 -6"><span class='ocrx_word' id='word_1_133' title='bbox 115 1084 151 1125; x_wconf 89' lang='lat' dir='ltr'>is</span> <span class='ocrx_word' id='word_1_134' title='bbox 172 1084 312 1125; x_wconf 82' lang='lat' dir='ltr'>omnia</span> <span class='ocrx_word' id='word_1_135' title='bbox 332 1098 407 1125; x_wconf 85' lang='lat' dir='ltr'>sua</span> <span class='ocrx_word' id='word_1_136' title='bbox 433 1084 571 1124; x_wconf 84' lang='lat' dir='ltr'>studia</span> <span class='ocrx_word' id='word_1_137' title='bbox 598 1085 638 1124; x_wconf 92' lang='lat' dir='ltr'>et</span> <span class='ocrx_word' id='word_1_138' title='bbox 665 1082 802 1124; x_wconf 81' lang='lat' dir='ltr'>officia</span> <span class='ocrx_word' id='word_1_139' title='bbox 827 1083 874 1122; x_wconf 87' lang='lat' dir='ltr'>in</span> <span class='ocrx_word' id='word_1_140' title='bbox 896 1097 962 1123; x_wconf 87' lang='lat' dir='ltr'>me</span> <span class='ocrx_word' id='word_1_141' title='bbox 988 1082 1247 1129; x_wconf 80' lang='lat' dir='ltr'>contulisset.</span> <span class='ocrx_word' id='word_1_142' title='bbox 1289 1082 1448 1131; x_wconf 83' lang='lat' dir='ltr'>Quodsi</span> 
     </span>
     <span class='ocr_line' id='line_1_19' title="bbox 114 1141 1448 1197; baseline -0.002 -13"><span class='ocrx_word' id='word_1_143' title='bbox 114 1143 230 1184; x_wconf 84' lang='lat' dir='ltr'>voles</span> <span class='ocrx_word' id='word_1_144' title='bbox 260 1143 306 1184; x_wconf 91' lang='lat' dir='ltr'>in</span> <span class='ocrx_word' id='word_1_145' title='bbox 335 1156 402 1183; x_wconf 90' lang='lat' dir='ltr'>me</span> <span class='ocrx_word' id='word_1_146' title='bbox 433 1156 523 1183; x_wconf 91' lang='lat' dir='ltr'>esse</span> <span class='ocrx_word' id='word_1_147' title='bbox 554 1142 712 1197; x_wconf 88' lang='lat' dir='ltr'>durior,</span> <span class='ocrx_word' id='word_1_148' title='bbox 743 1141 1016 1182; x_wconf 86' lang='lat' dir='ltr'>ambitionem</span> <span class='ocrx_word' id='word_1_149' title='bbox 1046 1141 1217 1195; x_wconf 87' lang='lat' dir='ltr'>putabis</span> <span class='ocrx_word' id='word_1_150' title='bbox 1246 1142 1351 1182; x_wconf 89' lang='lat' dir='ltr'>mihi</span> <span class='ocrx_word' id='word_1_151' title='bbox 1378 1142 1448 1182; x_wconf 91' lang='lat' dir='ltr'>ob-</span> 
     </span>
     <span class='ocr_line' id='line_1_20' title="bbox 117 1199 1448 1256; baseline -0.002 -14"><span class='ocrx_word' id='word_1_152' title='bbox 117 1201 288 1242; x_wconf 87' lang='lat' dir='ltr'>stitisse.</span> <span class='ocrx_word' id='word_1_153' title='bbox 355 1201 450 1255; x_wconf 83' lang='lat' dir='ltr'>Ego</span> <span class='ocrx_word' id='word_1_154' title='bbox 495 1202 635 1241; x_wconf 89' lang='lat' dir='ltr'>autem</span> <span class='ocrx_word' id='word_1_155' title='bbox 678 1200 880 1256; x_wconf 82' lang='lat' dir='ltr'>arbitror,</span> <span class='ocrx_word' id='word_1_156' title='bbox 929 1199 1096 1240; x_wconf 88' lang='lat' dir='ltr'>etiamsi</span> <span class='ocrx_word' id='word_1_157' title='bbox 1134 1199 1178 1240; x_wconf 86' lang='lat' dir='ltr'>id.</span> <span class='ocrx_word' id='word_1_158' title='bbox 1221 1200 1296 1256; x_wconf 90' lang='lat' dir='ltr'>sit,</span> <span class='ocrx_word' id='word_1_159' title='bbox 1342 1200 1448 1241; x_wconf 86' lang='lat' dir='ltr'>mihi</span> 
     </span>
     <span class='ocr_line' id='line_1_21' title="bbox 65 1259 551 1315; baseline -0.006 -13"><span class='ocrx_word' id='word_1_160' title='bbox 65 1278 99 1302; x_wconf 81' lang='lat'>20</span> <span class='ocrx_word' id='word_1_161' title='bbox 116 1259 418 1315; x_wconf 82' lang='lat' dir='ltr'>ignoscendum</span> <span class='ocrx_word' id='word_1_162' title='bbox 450 1273 551 1314; x_wconf 87' lang='lat' dir='ltr'>esse,</span> 
     </span>
    </p>
   </div>
   <div class='ocr_carea' id='block_1_3' title="bbox 399 1349 1173 1407">
    <p class='ocr_par' dir='ltr' id='par_1_3' title="bbox 399 1349 1173 1407">
     <span class='ocr_line' id='line_1_22' title="bbox 399 1349 1161 1371; baseline -0.009 0"><span class='ocrx_word' id='word_1_163' title='bbox 399 1352 410 1371; x_wconf 75' lang='lat' dir='ltr'>t</span> <span class='ocrx_word' id='word_1_164' title='bbox 434 1352 443 1367; x_wconf 74' lang='lat'>²</span> <span class='ocrx_word' id='word_1_165' title='bbox 499 1351 509 1369; x_wconf 63' lang='lat' dir='ltr'>x</span> <span class='ocrx_word' id='word_1_166' title='bbox 582 1353 590 1367; x_wconf 76' lang='lat'>⁵</span> <span class='ocrx_word' id='word_1_167' title='bbox 658 1353 668 1368; x_wconf 74' lang='lat' dir='ltr'>e</span> <span class='ocrx_word' id='word_1_168' title='bbox 740 1353 750 1366; x_wconf 67' lang='lat' dir='ltr'>r</span> <span class='ocrx_word' id='word_1_169' title='bbox 892 1351 900 1366; x_wconf 72' lang='lat'><em>9</em></span> <span class='ocrx_word' id='word_1_170' title='bbox 939 1349 950 1365; x_wconf 66' lang='lat' dir='ltr'>x</span> <span class='ocrx_word' id='word_1_171' title='bbox 1075 1353 1085 1365; x_wconf 85' lang='lat' dir='ltr'><em>l</em></span> <span class='ocrx_word' id='word_1_172' title='bbox 1149 1352 1161 1369; x_wconf 74' lang='lat'><em>9</em></span> 
     </span>
     <span class='ocr_line' id='line_1_23' title="bbox 423 1352 1173 1407; baseline -0.003 -13"><span class='ocrx_word' id='word_1_173' title='bbox 423 1367 513 1394; x_wconf 79' lang='grc' dir='ltr'><em>επει</em></span> <span class='ocrx_word' id='word_1_174' title='bbox 545 1368 624 1407; x_wconf 89' lang='grc' dir='ltr'>ουχ</span> <span class='ocrx_word' id='word_1_175' title='bbox 657 1367 822 1407; x_wconf 79' lang='grc' dir='ltr'><em>ιερηιον</em></span> <span class='ocrx_word' id='word_1_176' title='bbox 854 1352 957 1394; x_wconf 80' lang='grc' dir='ltr'><em>ουδε</em></span> <span class='ocrx_word' id='word_1_177' title='bbox 988 1353 1138 1405; x_wconf 82' lang='grc' dir='ltr'><em>βοειην</em></span> <span class='ocrx_word' id='word_1_178' title='bbox 1165 1385 1173 1392; x_wconf 90' lang='grc'><strong>.</strong></span> 
     </span>
    </p>
   </div>
   <div class='ocr_carea' id='block_1_4' title="bbox 68 1445 1495 1839">
    <p class='ocr_par' dir='ltr' id='par_1_4' title="bbox 68 1445 1495 1839">
     <span class='ocr_line' id='line_1_24' title="bbox 117 1445 1449 1501; baseline -0.002 -13"><span class='ocrx_word' id='word_1_179' title='bbox 117 1446 247 1489; x_wconf 88' lang='lat' dir='ltr'>Vides</span> <span class='ocrx_word' id='word_1_180' title='bbox 279 1447 407 1501; x_wconf 89' lang='lat' dir='ltr'>enim,</span> <span class='ocrx_word' id='word_1_181' title='bbox 437 1447 482 1487; x_wconf 93' lang='lat' dir='ltr'>in</span> <span class='ocrx_word' id='word_1_182' title='bbox 513 1461 595 1500; x_wconf 84' lang='lat' dir='ltr'>quo</span> <span class='ocrx_word' id='word_1_183' title='bbox 628 1460 753 1486; x_wconf 86' lang='lat' dir='ltr'>eursu</span> <span class='ocrx_word' id='word_1_184' title='bbox 786 1445 916 1485; x_wconf 89' lang='lat' dir='ltr'>simus</span> <span class='ocrx_word' id='word_1_185' title='bbox 949 1447 990 1485; x_wconf 89' lang='lat' dir='ltr'>et</span> <span class='ocrx_word' id='word_1_186' title='bbox 1022 1459 1149 1498; x_wconf 84' lang='lat' dir='ltr'>quam</span> <span class='ocrx_word' id='word_1_187' title='bbox 1181 1458 1326 1486; x_wconf 88' lang='lat' dir='ltr'>omnes</span> <span class='ocrx_word' id='word_1_188' title='bbox 1359 1458 1449 1500; x_wconf 83' lang='lat' dir='ltr'>gra—</span> 
     </span>
     <span class='ocr_line' id='line_1_25' title="bbox 118 1504 1448 1558; baseline -0.002 -12"><span class='ocrx_word' id='word_1_189' title='bbox 118 1505 200 1547; x_wconf 86' lang='lat' dir='ltr'>tias</span> <span class='ocrx_word' id='word_1_190' title='bbox 236 1519 325 1546; x_wconf 88' lang='lat' dir='ltr'>non</span> <span class='ocrx_word' id='word_1_191' title='bbox 359 1505 483 1546; x_wconf 87' lang='lat' dir='ltr'>modo</span> <span class='ocrx_word' id='word_1_192' title='bbox 520 1504 778 1558; x_wconf 84' lang='lat' dir='ltr'>retinendas,</span> <span class='ocrx_word' id='word_1_193' title='bbox 822 1518 968 1544; x_wconf 84' lang='lat' dir='ltr'>verum</span> <span class='ocrx_word' id='word_1_194' title='bbox 1006 1504 1134 1544; x_wconf 87' lang='lat' dir='ltr'>etiam</span> <span class='ocrx_word' id='word_1_195' title='bbox 1177 1504 1448 1557; x_wconf 76' lang='lat' dir='ltr'>acquirendas</span> 
     </span>
     <span class='ocr_line' id='line_1_26' title="bbox 118 1562 1451 1619; baseline -0.002 -14"><span class='ocrx_word' id='word_1_196' title='bbox 118 1567 327 1619; x_wconf 87' lang='lat' dir='ltr'>putemus.</span> <span class='ocrx_word' id='word_1_197' title='bbox 389 1562 518 1618; x_wconf 79' lang='lat' dir='ltr'>Spero</span> <span class='ocrx_word' id='word_1_198' title='bbox 554 1563 635 1604; x_wconf 87' lang='lat' dir='ltr'>tibi</span> <span class='ocrx_word' id='word_1_199' title='bbox 665 1577 731 1603; x_wconf 91' lang='lat' dir='ltr'>me</span> <span class='ocrx_word' id='word_1_200' title='bbox 762 1576 930 1603; x_wconf 82' lang='lat' dir='ltr'>oausam</span> <span class='ocrx_word' id='word_1_201' title='bbox 960 1562 1175 1617; x_wconf 86' lang='lat' dir='ltr'>probasse,</span> <span class='ocrx_word' id='word_1_202' title='bbox 1206 1562 1328 1616; x_wconf 83' lang='lat' dir='ltr'>cupio</span> <span class='ocrx_word' id='word_1_203' title='bbox 1363 1562 1451 1616; x_wconf 86' lang='lat' dir='ltr'>qui-</span> 
     </span>
     <span class='ocr_line' id='line_1_27' title="bbox 68 1623 367 1666; baseline -0.01 0"><span class='ocrx_word' id='word_1_204' title='bbox 68 1639 101 1666; x_wconf 85' lang='lat'>25</span> <span class='ocrx_word' id='word_1_205' title='bbox 121 1623 213 1664; x_wconf 89' lang='lat' dir='ltr'>dem</span> <span class='ocrx_word' id='word_1_206' title='bbox 246 1624 367 1664; x_wconf 86' lang='lat' dir='ltr'>certe.</span> 
     </span>
     <span class='ocr_line' id='line_1_28' title="bbox 205 1678 1495 1732; baseline -0.003 -10"><span class='ocrx_word' id='word_1_207' title='bbox 205 1680 493 1722; x_wconf 87' lang='lat' dir='ltr'>Hermathena</span> <span class='ocrx_word' id='word_1_208' title='bbox 535 1682 610 1721; x_wconf 85' lang='lat' dir='ltr'>tua</span> <span class='ocrx_word' id='word_1_209' title='bbox 651 1679 770 1721; x_wconf 83' lang='lat' dir='ltr'>valde</span> <span class='ocrx_word' id='word_1_210' title='bbox 812 1693 879 1719; x_wconf 92' lang='lat' dir='ltr'>me</span> <span class='ocrx_word' id='word_1_211' title='bbox 917 1678 1094 1719; x_wconf 79' lang='lat' dir='ltr'>delectat</span> <span class='ocrx_word' id='word_1_212' title='bbox 1135 1681 1176 1719; x_wconf 84' lang='lat' dir='ltr'>et</span> <span class='ocrx_word' id='word_1_213' title='bbox 1213 1678 1353 1732; x_wconf 89' lang='lat' dir='ltr'>posita</span> <span class='ocrx_word' id='word_1_214' title='bbox 1389 1678 1449 1718; x_wconf 90' lang='lat' dir='ltr'>ita</span> <span class='ocrx_word' id='word_1_215' title='bbox 1476 1687 1495 1718; x_wconf 85' lang='lat'>5</span> 
     </span>
     <span class='ocr_line' id='line_1_29' title="bbox 119 1736 1451 1794; baseline -0.004 -13"><span class='ocrx_word' id='word_1_216' title='bbox 119 1739 228 1781; x_wconf 86' lang='lat' dir='ltr'>belle</span> <span class='ocrx_word' id='word_1_217' title='bbox 271 1741 355 1794; x_wconf 90' lang='lat' dir='ltr'>est,</span> <span class='ocrx_word' id='word_1_218' title='bbox 397 1741 445 1779; x_wconf 91' lang='lat' dir='ltr'>ut</span> <span class='ocrx_word' id='word_1_219' title='bbox 487 1740 628 1779; x_wconf 88' lang='lat' dir='ltr'>totum</span> <span class='ocrx_word' id='word_1_220' title='bbox 670 1737 937 1792; x_wconf 82' lang='lat' dir='ltr'>gymnasium</span> <span class='ocrx_word' id='word_1_221' title='bbox 980 1737 1068 1777; x_wconf 89' lang='lat' dir='ltr'>eius</span> <span class='ocrx_word' id='word_1_222' title='bbox 1112 1736 1317 1790; x_wconf 70' lang='grc' dir='ltr'><em>ἀνιέθημα</em></span> <span class='ocrx_word' id='word_1_223' title='bbox 1361 1750 1451 1776; x_wconf 90' lang='lat' dir='ltr'>esse</span> 
     </span>
     <span class='ocr_line' id='line_1_30' title="bbox 121 1796 871 1839; baseline -0.004 0"><span class='ocrx_word' id='word_1_224' title='bbox 121 1798 323 1839; x_wconf 87' lang='lat' dir='ltr'>videatur.</span> <span class='ocrx_word' id='word_1_225' title='bbox 384 1796 568 1839; x_wconf 87' lang='lat' dir='ltr'>Multum</span> <span class='ocrx_word' id='word_1_226' title='bbox 598 1799 640 1837; x_wconf 87' lang='lat' dir='ltr'>te</span> <span class='ocrx_word' id='word_1_227' title='bbox 672 1810 871 1837; x_wconf 87' lang='lat' dir='ltr'>amamus.</span> 
     </span>
    </p>
   </div>
   <div class='ocr_carea' id='block_1_5' title="bbox 763 1934 816 1977">
    <p class='ocr_par' dir='ltr' id='par_1_5' title="bbox 763 1934 816 1977">
     <span class='ocr_line' id='line_1_31' title="bbox 763 1934 816 1977; baseline 0.019 -1"><span class='ocrx_word' id='word_1_228' title='bbox 763 1934 816 1977; x_wconf 81' lang='grc' dir='ltr'>Π,</span> 
     </span>
    </p>
   </div>
   <div class='ocr_carea' id='block_1_6' title="bbox 72 2027 1224 2145">
    <p class='ocr_par' dir='ltr' id='par_1_6' title="bbox 72 2027 1224 2145">
     <span class='ocr_line' id='line_1_32' title="bbox 72 2027 1224 2073; baseline -0.005 -8"><span class='ocrx_word' id='word_1_229' title='bbox 72 2037 104 2062; x_wconf 85' lang='grc'>30</span> <span class='ocrx_word' id='word_1_230' title='bbox 351 2028 424 2064; x_wconf 82' lang='lat' dir='ltr'>Ser.</span> <span class='ocrx_word' id='word_1_231' title='bbox 451 2029 586 2064; x_wconf 82' lang='lat' dir='ltr'>Romae</span> <span class='ocrx_word' id='word_1_232' title='bbox 606 2028 720 2073; x_wconf 76' lang='lat' dir='ltr'>paulo</span> <span class='ocrx_word' id='word_1_233' title='bbox 741 2031 823 2072; x_wconf 70' lang='lat' dir='ltr'>post</span> <span class='ocrx_word' id='word_1_234' title='bbox 848 2038 898 2072; x_wconf 77' lang='lat' dir='ltr'>ep.</span> <span class='ocrx_word' id='word_1_235' title='bbox 926 2030 945 2061; x_wconf 84' lang='lat'><strong><em>1</em></strong></span> <span class='ocrx_word' id='word_1_236' title='bbox 973 2037 1005 2061; x_wconf 84' lang='lat' dir='ltr'>a.</span> <span class='ocrx_word' id='word_1_237' title='bbox 1034 2028 1106 2060; x_wconf 78' lang='lat'>689</span> <span class='ocrx_word' id='word_1_238' title='bbox 1133 2027 1224 2069; x_wconf 86' lang='lat'><em>(65).</em></span> 
     </span>
     <span class='ocr_line' id='line_1_33' title="bbox 545 2107 1032 2145; baseline -0.008 0"><span class='ocrx_word' id='word_1_239' title='bbox 545 2109 711 2145; x_wconf 81' lang='lat' dir='ltr'>CICERO</span> <span class='ocrx_word' id='word_1_240' title='bbox 737 2107 908 2143; x_wconf 86' lang='lat' dir='ltr'>ATTICO</span> <span class='ocrx_word' id='word_1_241' title='bbox 937 2107 1032 2142; x_wconf 79' lang='lat' dir='ltr'>SAL.</span> 
     </span>
    </p>
   </div>
   <div class='ocr_carea' id='block_1_7' title="bbox 126 2190 1497 2294">
    <p class='ocr_par' dir='ltr' id='par_1_7' title="bbox 126 2190 1497 2294">
     <span class='ocr_line' id='line_1_34' title="bbox 213 2190 1497 2250; baseline -0.003 -15"><span class='ocrx_word' id='word_1_242' title='bbox 213 2192 258 2235; x_wconf 90' lang='lat' dir='ltr'>L.</span> <span class='ocrx_word' id='word_1_243' title='bbox 278 2193 386 2235; x_wconf 86' lang='lat' dir='ltr'>Iulio</span> <span class='ocrx_word' id='word_1_244' title='bbox 407 2193 595 2250; x_wconf 83' lang='lat' dir='ltr'>Caesare,</span> <span class='ocrx_word' id='word_1_245' title='bbox 620 2193 663 2236; x_wconf 81' lang='lat' dir='ltr'>G.</span> <span class='ocrx_word' id='word_1_246' title='bbox 689 2193 847 2235; x_wconf 81' lang='lat' dir='ltr'>Marcio</span> <span class='ocrx_word' id='word_1_247' title='bbox 873 2191 1024 2246; x_wconf 77' lang='lat' dir='ltr'>Figulo</span> <span class='ocrx_word' id='word_1_248' title='bbox 1051 2190 1293 2231; x_wconf 82' lang='lat' dir='ltr'>oonsulibus</span> <span class='ocrx_word' id='word_1_249' title='bbox 1320 2190 1451 2231; x_wconf 88' lang='lat' dir='ltr'>filiolo</span> <span class='ocrx_word' id='word_1_250' title='bbox 1480 2202 1497 2232; x_wconf 87' lang='lat'>1</span> 
     </span>
     <span class='ocr_line' id='line_1_35' title="bbox 126 2249 1451 2294; baseline -0.004 0"><span class='ocrx_word' id='word_1_251' title='bbox 126 2268 192 2294; x_wconf 89' lang='lat' dir='ltr'>me</span> <span class='ocrx_word' id='word_1_252' title='bbox 224 2256 392 2294; x_wconf 85' lang='lat' dir='ltr'>auctum</span> <span class='ocrx_word' id='word_1_253' title='bbox 424 2253 527 2294; x_wconf 82' lang='lat' dir='ltr'>seito</span> <span class='ocrx_word' id='word_1_254' title='bbox 558 2253 672 2294; x_wconf 80' lang='lat' dir='ltr'>salva</span> <span class='ocrx_word' id='word_1_255' title='bbox 698 2251 903 2293; x_wconf 86' lang='lat' dir='ltr'>Terentia.</span> <span class='ocrx_word' id='word_1_256' title='bbox 948 2249 1038 2290; x_wconf 86' lang='lat' dir='ltr'>Abs</span> <span class='ocrx_word' id='word_1_257' title='bbox 1070 2251 1112 2290; x_wconf 92' lang='lat' dir='ltr'>te</span> <span class='ocrx_word' id='word_1_258' title='bbox 1136 2251 1225 2290; x_wconf 88' lang='lat' dir='ltr'>tam</span> <span class='ocrx_word' id='word_1_259' title='bbox 1251 2249 1321 2290; x_wconf 89' lang='lat' dir='ltr'>diu</span> <span class='ocrx_word' id='word_1_260' title='bbox 1346 2249 1451 2290; x_wconf 88' lang='lat' dir='ltr'>nihil</span> 
     </span>
    </p>
   </div>
   <div class='ocr_carea' id='block_1_8' title="bbox 1200 2317 1243 2351">
    <p class='ocr_par' dir='ltr' id='par_1_8' title="bbox 1200 2317 1243 2351">
     <span class='ocr_line' id='line_1_36' title="bbox 1200 2317 1243 2351; baseline 0 -16"><span class='ocrx_word' id='word_1_261' title='bbox 1200 2317 1243 2351; x_wconf 73' lang='lat' dir='ltr'>1ss</span> 
     </span>
    </p>
   </div>
  </div>
 </body>
</html>
