1665 2553
176 81 325 116 LXVIII
598 79 875 114 ADNOTATIO
906 78 1092 113 CRITICA

177 174 350 208 Wesenb.
373 173 456 207 Obs.
478 173 516 207 in
543 173 634 207 Sest.
655 185 690 217 p.
713 177 766 207 50.
813 172 864 206 Cf.
884 172 983 206 infra
1010 173 1057 206 ad
1081 185 1116 217 p.
1138 176 1215 207 298.
1239 176 1269 206 8.
1297 194 1342 198 —
1368 176 1388 206 9
1414 172 1515 215 effer-

177 233 263 256 rem
275 221 324 263 M,
345 221 467 263 efferre
485 232 537 254 me
556 220 668 263 Wes.‚
688 220 793 262 Boot,
813 221 935 262 efferre
954 219 1106 262 Manut,
1126 220 1234 263 Bait.,
1254 219 1356 263 Tyrr.
1371 230 1424 263 ep.
1435 222 1514 254 335.

177 267 221 302 V.
237 269 285 301 ad
303 267 448 311 Veri-p.
459 271 536 300 232.
550 270 604 300 36.
621 288 664 291 -
681 271 724 300 14
738 278 811 300 non
823 278 937 300 unum
951 268 987 300 Σ
1003 277 1071 300 om.
1085 268 1270 310 hominem,
1292 267 1390 300 Novi
1401 277 1516 300 unum

178 316 353 349 hominem
379 326 395 348 s
421 314 558 357 (Lehm.
579 314 656 348 Att.
677 326 712 358 p.
733 316 808 357 44),
841 324 909 347 om.
932 313 986 355 M,
1017 324 1092 347 non
1117 314 1197 347 edd.
1227 334 1268 338 —
1305 317 1347 346 16
1374 313 1516 348 Scilicet

179 364 246 395 aut
277 361 318 396 Si
350 361 442 395 coni.
469 372 559 394 mus.
581 360 697 394 Rhen.
721 363 810 394 1898
842 372 877 404 p.
902 364 977 393 127.
1018 381 1063 385 -
1102 364 1143 394 21
1177 361 1234 395 hic
1265 361 1371 394 mihi:
1402 360 1516 403 plane

180 408 352 442 Wesenb.
392 429 435 432 —
473 407 524 440 sb.
546 408 673 441 nulla
706 408 906 450 eoeceptioue
933 407 987 440 ed.
1009 407 1120 449 Iena,
1151 407 1294 449 Baiter,
1332 407 1436 440 Boot.
1469 427 1514 432 -—

179 459 223 489 26
257 455 461 500 Peliqnum
485 454 671 495 Wesenb,
702 454 805 487 Boot.
845 474 890 478 —
928 457 970 486 28
999 453 1162 487 ‘Excidit
1187 455 1289 488 credo
1314 458 1346 488 te
1371 454 1516 488 audisse

181 502 345 535 simileve
381 501 537 543 aliquid’
572 501 695 543 inquit
728 500 774 533 W
778 500 918 541 esenh,
952 500 1051 533 idem
1083 500 1172 534 coni.
1195 501 1328 535 deserto
1353 500 1516 535 Domitio

181 551 246 582 aut
265 549 439 582 desertum
458 548 671 589 Domitium,
693 546 731 580 0.
748 547 787 580 E.
805 547 973 581 Schmidt
994 546 1081 580 ‘Der
1100 547 1374 581 Briefwechsel’
1395 559 1430 591 p.
1448 550 1515 581 145

180 596 267 630 scito
307 595 472 629 Gnaeum
509 595 561 628 ire
598 594 860 636 Brmzdisium‚
898 594 1012 628 deseri
1048 594 1260 628 Domitium.
1311 615 1356 619 —
1406 598 1448 627 31
1482 605 1513 628 v,

181 641 220 676 0.
248 641 287 675 E.
316 641 483 675 Schmidt
520 641 542 674 l.
558 641 585 677 1.
601 653 635 685 p.
653 645 719 674 144
735 652 805 683 sq.,
839 653 870 674 a.
892 641 926 674 d.
955 640 1059 674 VIII
1091 641 1178 675 Kal.
1206 641 1320 675 Mart.
1349 641 1514 684 (vesperi)

179 688 321 729 Baiter,
360 687 532 721 NVesenb.
573 708 616 712 ——
655 692 698 720 33
730 688 773 721 de
808 687 989 731 Dionysio
1021 698 1089 721 om.
1118 691 1166 730 Δ,
1203 687 1345 730 Baiter,
1384 687 1514 721 seclus.

180 735 324 779 Tyrrell
351 746 404 779 ep.
428 738 505 775 336,
532 735 712 779 Dionysio
738 745 806 768 om.
829 735 871 768 de
895 734 1036 767 habent
1061 736 1097 768 Σ
1120 736 1187 768 eto.
1215 734 1418 778 (Lehmann
1438 734 1513 768 Att.

180 794 215 826 p.
237 786 279 815 47
297 784 374 825 sq).
404 803 443 806 —
473 785 515 814 35
542 781 790 826 [Dionysius]
815 781 918 814 Boot.
963 781 1022 814 Ad
1046 793 1082 825 p.
1105 784 1158 814 27.
1182 785 1235 814 11.
1275 783 1285 824 Η
1328 781 1374 815 Ρ.
1389 779 1514 815 230.2

181 830 343 863 cerritior
368 828 517 869 Rosius,
550 827 677 871 Haupt
703 827 835 871 opusc.
856 827 889 860 ΙΙ
913 840 948 871 p.
971 832 1056 871 364,
1088 830 1241 861 recentt.
1264 827 1357 870 edd„
1390 829 1518 862 certior

182 876 304 917 codd,
339 874 484 908 defend.
505 875 696 908 Lehmann
731 874 952 908 ‘Jahresbein
976 875 1039 908 des
1071 874 1200 918 philol.
1221 874 1390 907 Vereins’
1426 877 1516 908 1888

181 935 215 966 p.
238 926 315 955 258.
366 921 407 955 V.
430 921 527 954 infra
560 922 607 954 ad
631 933 666 965 p.
688 924 766 954 486.
790 925 844 955 13.
879 941 921 946 —-
953 925 975 954 4
1006 921 1165 955 miliario
1190 922 1349 956 timuisse
1373 920 1518 964 Tyrrell

180 969 334 1002 mirifice
371 979 490 1011 neque
520 968 653 1001 melius
687 968 816 1012 explic.
845 980 867 1001 ιι
898 969 1001 1002 tertio
1029 968 1206 1010 miliario,
1246 968 1345 1010 quod
1377 968 1518 1001 dictum

182 1016 340 1049 arbitror
384 1015 513 1049 eodem
552 1015 660 1047 modo
705 1025 776 1057 quo
816 1013 916 1048 Caes.
944 1014 977 1047 b.
1010 1013 1164 1048 Gall.11
1190 1018 1220 1048 7.
1249 1018 1268 1047 3
1313 1027 1336 1048 a
1372 1015 1518 1049 milibus

176 1074 275 1107 pass.
302 1063 363 1104 ΙΙ,
402 1061 453 1095 VI
473 1065 502 1095 7.
525 1065 544 1094 3
571 1073 595 1094 a
619 1061 764 1095 milibus
784 1072 881 1104 pass.
904 1061 990 1103 XV,
1017 1061 1109 1094 Plin.
1131 1062 1206 1094 nat.
1227 1061 1313 1094 hist.
1335 1061 1367 1094 Π
1393 1064 1436 1094 58
1456 1073 1515 1104 m.,

182 1113 225 1143 59
245 1109 315 1151 bis,
343 1112 397 1150 60,
425 1112 485 1150 61,
523 1108 567 1141 de
599 1109 764 1151 tempore
796 1107 914 1140 XVIII
940 1111 1006 1140 203
1029 1119 1074 1140 m.
1099 1119 1125 1141 α
1161 1109 1307 1151 septimo
1341 1109 1415 1150 fere
1448 1109 1515 1142 die⁴

181 1156 223 1189 V.
246 1156 386 1198 Zumpt
410 1165 561 1199 gramm
584 1158 684 1196 §396
700 1165 752 1188 ex.
795 1175 835 1178 —
876 1158 895 1188 6
927 1165 1006 1188 eum
1039 1155 1173 1188 dix-isse
1197 1154 1346 1197 Bosius,
1377 1154 1516 1198 Baiter,

181 1202 284 1235 Boot.
319 1223 362 1226 —
398 1205 415 1234 7
443 1202 513 1236 Sed
537 1201 616 1235 vide
641 1212 751 1234 meam
779 1211 845 1234 scr.
865 1212 957 1234 mus
978 1200 1093 1234 Rhen.
1116 1204 1206 1234 1898
1231 1213 1265 1245 p.
1289 1204 1366 1243 127,
1392 1202 1453 1236 sed
1477 1202 1518 1235 i‘n

181 1261 259 1283 eam
278 1248 326 1291 Μ,
351 1249 411 1282 sed
435 1260 548 1282 meam
574 1247 639 1291 (sic
658 1247 777 1292 Boot],›
802 1248 881 1282 sede
900 1259 1022 1290 meam,
1048 1248 1126 1282 sede
1151 1248 1191 1281 iu
1216 1259 1292 1281 eam
1313 1229 1379 1281 alii
1400 1248 1516 1291 codd„

184 1296 252 1330 Sed
284 1306 303 1329 ο
334 1306 448 1329 meam
479 1305 523 1328 ex
553 1294 672 1339 L(mg)
706 1295 742 1328 et
772 1294 817 1327 Zb
844 1276 1046 1336 (Lehmann
1072 1294 1146 1328 Att
1168 1307 1202 1338 p
1225 1298 1267 1327 99
1284 1296 1351 1339 ex.)
1377 1294 1516 1339 Baiter,

182 1341 373 1384 KVesenb„
412 1341 480 1375 Sed
517 1353 560 1375 cn
597 1353 709 1374 meam
740 1340 975 1384 T511e11.—
1015 1344 1034 1374 8
1071 1345 1274 1376 zenzentem
1304 1323 1518 1375 Lachmami

182 1389 286 1422 Lucr
319 1388 353 1421 II
385 1391 492 1430 1024,
536 1387 663 1431 Haupt
701 1386 959 1431 Opuse.11p
994 1391 1054 1424 82,
1092 1388 1202 1430 Boot,
1239 1389 1434 1423 venientem
1468 1388 1516 1431 M,

182 1437 411 1470 vehementem
447 1434 543 1477 vulg.
594 1435 652 1467 Ad
682 1434 767 1468 fam
788 1446 822 1478 p
845 1439 899 1467 44.
923 1438 982 1477 13,
1015 1426 1111 1468 infra
1141 1447 1175 1479 p.
1196 1438 1275 1469 405.
1297 1438 1351 1468 28
1391 1455 1434 1460 ——
1474 1438 1517 1468 10

182 1493 310 1516 meum
334 1481 484 1523 Victor,
510 1461 646 1514 Baiter.
685 1480 727 1514 V.
749 1482 842 1514 Boot
863 1481 1009 1514 Obser.v
1030 1493 1063 1525 p
1087 1485 1140 1515 53.
1158 1502 1199 1506 ·—-
1222 1485 1265 1515 14
1291 1482 1334 1516 de
1351 1493 1389 1516 re
1407 1481 1515 1515 inser.

182 1531 268 1573 post
298 1529 556 1572 exspectatione
587 1527 747 1571 Tyrress,
780 1528 873 1561 Boot
905 1528 996 1561 coni.
1025 1527 1082 1561 vel
1113 1529 1166 1562 rei
1199 1528 1429 1570 Corfiniensis
1461 1528 1518 1562 vel

183 1577 224 1609 in
255 1587 327 1619 qua
360 1586 414 1617 re,
448 1574 534 1608 Otto
567 1586 658 1608 mus.
687 1575 801 1608 Rhen.
831 1578 921 1608 1886
954 1587 987 1618 p.
1017 1578 1083 1608 370
1118 1575 1160 1609 de
1191 1575 1373 1609 obsidione
1405 1575 1516 1617 Corfi-

182 1623 311 1656 niensi.
339 1642 384 1646 —-
411 1626 454 1655 15
480 1622 696 1655 decernetur
724 1621 794 1654 ‘M‘2
818 1623 914 1655 teste
940 1621 1067 1662 Furia,
1098 1621 1153 1664 R„
1188 1621 1282 1654 ‘alii’
1310 1621 1350 1654 in
1374 1631 1470 1665 mag.
1492 1621 1515 1655 ].

186 1669 304 1712 1584',
335 1667 526 1710 Wesenb,
558 1667 668 1710 Boot,
701 1667 855 1711 Tyrress,
882 1669 1083 1702 decernitur
1107 1668 1146 1701 in
1171 1668 1227 1701 Μ2
1253 1678 1331 1701 esse
1357 1669 1518 1701 testatur

185 1716 329 1757 Baiter,
367 1716 563 1749 decerneret
595 1714 660 1748 M1.
700 1735 742 1739 -
783 1719 825 1748 17
842 1726 893 1757 sq.
915 1719 947 1749 et
976 1719 1017 1749 ut
1047 1715 1105 1749 det
1133 1715 1166 1749 ei
1203 1735 1245 1739 —
1283 1725 1382 1759 reyes
1412 1714 1517 1756 Boot,

186 1762 375 1804 WVesenb„
409 1761 563 1805 Tyrrell,
596 1766 636 1795 ut
662 1761 723 1805 (ad
749 1773 782 1805 p.
806 1765 858 1794 72.
882 1763 939 1803 21)
965 1765 1005 1795 ut
1019 1761 1095 1804 peti
1132 1782 1174 1785 —
1212 1772 1310 1805 royes
1335 1761 1384 1803 M,
1409 1765 1451 1795 ut
1474 1762 1518 1804 ei,

184 1814 225 1844 ut
251 1810 359 1853 petii,
397 1829 443 1832 —
480 1812 594 1852 eroyet
624 1807 802 1841 Lambino
842 1810 878 1841 et
914 1807 1082 1841 Manutio
1122 1809 1276 1841 auctorr.
1304 1807 1439 1841 Baiter.
1472 1828 1518 1832 ——

186 1860 229 1889 20
243 1867 273 1889 v.
296 1854 335 1889 O.
350 1855 389 1888 E.
412 1854 579 1888 Schmidt
606 1854 693 1888 ‘Der
711 1854 984 1888 Briefwechsel’
1012 1867 1046 1898 p.
1064 1858 1129 1887 143
1139 1866 1204 1897 sq.,
1231 1866 1262 1888 α.
1278 1854 1312 1887 d.
1333 1854 1414 1888 VH
1429 1854 1516 1888 Kal.

185 1902 326 1944 Baiter,
360 1901 531 1935 W'esenb.
570 1922 613 1926 ——
653 1904 695 1934 22
727 1902 797 1935 ista
822 1901 979 1944 Kayser,
1011 1900 1200 1943 Wesenb.,
1232 1900 1342 1943 Boot,
1375 1900 1519 1944 Tyrress

187 1960 241 1993 ep.
264 1953 347 1990 337,
380 1949 604 1993 obsiynatams
634 1948 704 1982 ista
730 1947 796 1990 Ml,
827 1948 1013 1992 obsiynata
1040 1949 1113 1981 iam
1138 1947 1204 1988 ΜΣ,
1230 1947 1366 1981 Baiter.
1396 1968 1436 1972 —-
1474 1951 1518 1982 33

183 2000 225 2030 ut
252 1997 293 2037 Σ,
320 2006 387 2029 om.
410 1998 442 2028 Δ
467 1995 670 2039 (Lehmann
694 1995 770 2027 Att.
791 2006 824 2037 p.
852 1998 895 2027 70
910 2005 975 2036 ex,
1010 1997 1076 2028 100
1092 2004 1157 2035 θΧ.,
1185 1997 1251 2027 183
1267 1995 1346 2038 ex),
1374 1994 1454 2027 edd.
1507 1996 1519 2040 ἢ

234 2042 279 2075 Ρ.
295 2041 383 2075 231.
400 2046 495 2084 4sq.,
518 2042 698 2086 DIayuum
717 2041 865 2086 [nomen
885 2041 1132 2085 imperatoris]
1152 2040 1306 2083 Tyrrell,
1332 2041 1428 2074 Boot
1449 2041 1518 2075 ‘di-

187 2088 384 2121 stinctione
408 2090 493 2131 post
517 2089 593 2130 fore
619 2087 767 2121 sublata
793 2087 1027 2120 scribendum
1048 2088 1187 2120 censet:
1220 2086 1330 2130 Spero
1349 2099 1519 2132 maqnum

186 2145 313 2168 nomen
337 2135 563 2177 imperatoris
581 2136 658 2177 fore
676 2146 843 2179 mayuum
865 2134 1082 2167 adversariis
1101 2134 1294 2167 terrorem'.
1316 2155 1360 2159 —
1381 2138 1400 2168 6
1428 2135 1520 2168 nihil

187 2185 355 2215 mutasset
385 2182 569 2220 (imitasset
594 2182 632 2225 Z)
663 2192 726 2215 uec
756 2181 909 2225 tegentia
935 2180 1016 2221 MZ,
1056 2180 1123 2213 sub
1155 2191 1226 2223 quo
1252 2180 1370 2214 latere
1397 2181 1520 2215 levitas

188 2229 254 2260 aut
285 2228 458 2261 timiditas
488 2233 519 2262 et
549 2228 769 2272 ozeyleyentia
799 2227 929 2261 Bootio
956 2227 1029 2270 (hic
1055 2226 1146 2260 coni.
1168 2227 1284 2269 obfuit
1307 2228 1382 2262 uisi
1407 2228 1467 2261 lev.
1489 2231 1521 2262 et

186 2275 290 2318 weyt.)
324 2276 361 2307 et
385 2273 573 2318 Madvigio
604 2274 694 2309 Adv.
716 2274 766 2307 III
789 2286 824 2318 p.
847 2277 913 2308 178
929 2285 980 2316 sq.
1002 2272 1112 2307 facile
1139 2274 1338 2317 oredimus,
1375 2274 1521 2317 reliqua
