1665 2553
286 87 626 122 EPISTULARUM
651 88 716 121 AD
742 87 960 122 ATTICUM
986 88 1019 122 V
1046 92 1100 132 ΞΟ,
1129 92 1182 124 21.
1326 89 1409 129 153

68 183 374 238 εὐημερήματι;
404 183 531 224 hodie
556 198 655 224 vero
681 183 871 225 hiemant
897 183 943 224 in
969 182 1251 239 Cyrrhestica,
1278 184 1410 225 maxi-

66 256 266 296 mumque
297 242 457 282 bellum
486 242 711 296 impendet.
773 241 886 283 Nam
917 244 959 283 et
991 241 1134 298 Orodi,
1166 243 1278 297 regis
1310 242 1410 283 Par-

67 300 262 356 thorum,
311 300 425 341 filius
468 301 515 341 in
557 301 774 354 provincia
815 303 964 342 nostra
995 304 1077 356 est,
1119 316 1197 342 nec
1240 301 1411 342 dubitat

68 358 317 413 Deiotarus,
361 359 480 400 cuius
517 360 606 400 filio
645 362 768 414 pacta
812 362 876 400 est
913 359 1164 401 Artavasdis
1208 360 1315 415 filia,
1354 375 1411 403 ,ex

33 435 50 460 5
70 432 153 471 quo
186 418 284 458 sciri
312 420 473 473 potest,
505 418 608 472 quin
636 432 731 459 cum
761 418 958 459 omnibus
990 419 1122 472 copiis
1150 419 1242 473 ipse
1274 419 1412 473 prima

70 479 228 517 aestate
271 476 523 530 Euphraten
571 477 830 518 transiturus
881 477 947 518 Sit.
1023 476 1114 526 Quo
1159 480 1301 518 autem
1343 478 1410 518 die

70 533 191 576 Cassi
222 535 388 575 litterae
420 535 613 576 victrices
649 536 695 576 in
733 538 882 576 senatu
918 535 1119 577 recitatae
1157 540 1274 590 sunt,
1311 537 1340 590 †
1366 536 1410 577 id

70 596 135 634 est
172 592 309 634 Nonis
339 592 616 649 Octobribus,
656 594 802 636 eodem
839 609 955 635 meae
994 595 1229 636 tumultum
1270 596 1410 635 nunti-

71 654 200 693 antes.
267 652 403 693 Axius
446 655 593 693 noster
637 653 697 693 ait
739 656 908 694 nostras
952 654 1220 694 auctoritatis
1263 654 1410 708 plenas

18 728 52 753 10
71 710 219 765 fuisse,
267 711 354 751 illis
397 714 526 765 negat
569 711 786 752 creditum.
857 711 1004 752 Bibuli
1051 713 1241 753 nondum
1290 715 1410 753 erant

72 769 244 824 allatae,
277 784 381 823 quas
414 772 527 810 certo
561 770 646 811 scio
678 770 823 823 plenas
855 770 1023 811 timoris
1054 771 1155 812 fore.

159 827 226 868 Ex
251 827 319 868 his
344 828 471 868 rebus
497 828 578 869 hoc
597 843 754 883 vereor,
778 843 843 884 ne,
869 843 963 870 cum
982 828 1209 883 Pompeius
1234 832 1409 884 propter
1435 842 1457 872 3

71 888 234 927 metum
264 901 406 927 rerum
441 901 647 928 novarum
683 902 895 941 nusquam
933 888 1194 943 dimittatur,
1239 887 1410 929 Caesari

72 944 215 985 nullus
247 945 384 986 honos
416 960 439 985 a
471 948 621 986 senatu
652 946 873 1001 habeatur,
904 946 1004 987 dum
1027 946 1097 987 hic
1121 947 1257 988 nodus
1291 962 1411 1001 expe-

19 1020 53 1046 15
74 1003 225 1057 diatur,
250 1018 338 1044 non
361 1006 483 1057 putet
510 1007 680 1045 senatus
706 1019 797 1059 nos,
823 1007 1051 1059 antequam
1077 1020 1316 1046 successum
1342 1006 1412 1060 sit,

74 1064 269 1115 oportere
300 1062 493 1103 decedere
523 1077 600 1104 nec
630 1063 675 1103 in
699 1065 820 1103 tanto
846 1066 967 1104 motu
992 1078 1134 1104 rerum
1158 1065 1290 1105 tantis
1316 1079 1410 1118 pro-

72 1120 222 1161 vinciis
255 1120 446 1175 singulos
476 1121 641 1175 legatos
672 1136 876 1175 praeesse.
938 1121 1037 1176 Hic,
1074 1137 1127 1163 116
1165 1123 1268 1176 quid
1303 1123 1411 1164 mihi

73 1181 338 1234 prorogetur,
365 1180 478 1233 quod
496 1194 548 1220 ne
568 1180 822 1221 intercessor
843 1180 1013 1234 quidem
1033 1181 1241 1222 sustinere
1261 1182 1411 1236 possit,

74 1237 226 1278 horreo
260 1240 385 1291 atque
418 1252 465 1279 eo
497 1239 651 1293 magis,
693 1239 805 1293 quod
849 1242 898 1279 tu
943 1239 1060 1294 abes,
1105 1240 1177 1293 qui
1218 1241 1411 1293 consilio,

21 1313 55 1338 20
75 1296 229 1350 gratia,
274 1296 413 1337 studio
457 1297 605 1337 multis
648 1298 775 1338 rebus
815 1312 1065 1339 occurreres.
1128 1296 1246 1353 [Sed]
1284 1298 1410 1339 Dices

73 1368 140 1394 me
158 1354 299 1407 ipsum
318 1355 424 1395 mihi
449 1355 776 1396 sollicitudinem
802 1359 976 1397 struere.
1026 1355 1178 1411 Cogor,
1210 1360 1258 1397 ut
1282 1357 1411 1398 velim

74 1412 135 1452 ita
167 1413 240 1465 sit3
273 1413 345 1453 sed
377 1414 517 1454 01111113
547 1417 702 1455 metuo.
758 1414 856 1455 Etsi
888 1415 1047 1456 bellum
1079 1415 1412 1470 ἀκροτελεύτιον

74 1470 204 1511 habet
223 1471 297 1511 illa
316 1473 391 1512 tua
410 1472 603 1527 epistula,
624 1487 751 1526 quam
778 1473 930 1514 dedisti
949 1488 1157 1515 nauseans
1177 1474 1409 1515 Buthroto:

76 1529 206 1582 eTibi,
249 1532 297 1570 ut
334 1530 454 1570 video
493 1533 535 1571 et
573 1545 707 1585 spero,
754 1532 873 1572 nulla
913 1532 965 1572 ad
1007 1532 1287 1574 decedendum
1331 1533 1411 1574 erit

22 1605 55 1630 25
75 1588 220 1628 mora.'
281 1587 453 1629 Mallem
485 1589 548 1629 ‘ut
578 1589 733 1644 video',
771 1590 882 1630 nihil
913 1604 1018 1644 opus
1050 1591 1133 1631 fuit
1165 1591 1227 1631 ‘ut
1259 1592 1412 1645 spero’.

74 1645 330 1700 Acceperam
368 1649 508 1687 autem
545 1648 649 1688 satis
687 1647 877 1689 celeriter
907 1648 1026 1689 Iconi
1056 1664 1131 1702 per
1167 1650 1412 1702 publicano·
1437 1660 1460 1690 4-

75 1719 172 1744 111111
213 1704 458 1745 tabellarios
503 1721 526 1746 a
569 1705 740 1747 Lentuli
783 1706 1001 1760 triumpho
1046 1708 1176 1747 datas.
1250 1707 1302 1748 In
1343 1708 1412 1748 his

75 1763 376 1817 γλυκύπικρον
401 1763 507 1804 11111(1
532 1764 767 1819 confirmas,
797 1779 962 1805 moram
987 1765 1093 1806 mihi
1117 1766 1279 1806 nullam
1304 1766 1412 1821 fore,

77 1820 223 1861 deinde
255 1822 389 1876 addis,
429 1822 464 1862 si
496 1822 597 1875 quid
628 1837 763 1875 secus,
800 1825 843 1863 te
875 1823 927 1863 ad
956 1838 1023 1863 me
1055 1838 1144 1864 esse
1179 1826 1412 1865 venturum.

25 1896 59 1920 30
77 1877 254 1933 Angunt
293 1895 360 1921 me
401 1880 687 1921 dubitationes
727 1883 842 1935 tuae3
885 1881 1011 1921 simul
1051 1884 1093 1922 et
1132 1882 1266 1936 vides,
1307 1897 1413 1936 quas

79 1937 307 1990 acceperim
336 1939 514 1979 litteras.
576 1938 706 1993 Nam,
747 1954 851 1993 quas
889 1939 1116 1980 Hermonis
1155 1941 1413 1981 centurionis

78 1995 243 2036 caculae
273 1996 364 2049 ipse
396 1997 545 2037 scribis
575 2000 617 2038 te
647 1997 820 2051 dedisse,
851 2012 938 2038 non
967 1998 1116 2051 accepi.
1160 1997 1290 2039 Laeni
1316 2014 1415 2052 pue-

77 2053 136 2093 ris
168 2055 211 2093 te
242 2053 403 2095 dedisse
436 2070 557 2110 saepe
590 2056 642 2096 ad
671 2070 738 2096 me
772 2055 1010 2109 scripseras.
1066 2056 1152 2096 Eas
1184 2055 1415 2098 Laodiceae

79 2111 275 2165 denique,
315 2126 409 2153 cum
441 2128 489 2154 eo
520 2114 745 2169 venissem,
787 2125 838 2154 111
869 2114 968 2154 Idus
1000 2114 1200 2155 Februar.
1231 2114 1414 2156 Laenius

26 2184 59 2211 35
78 2169 184 2210 1111111
208 2170 388 2210 reddidit
420 2171 538 2212 datas
571 2188 605 2213 a.
632 2172 667 2213 d.
694 2184 725 2213 X
749 2171 843 2213 Kal.
870 2171 1086 2213 Octobres.
1135 2171 1291 2214 Laenio
1318 2176 1415 2215 tuas

79 2228 461 2270 commendationes
488 2232 529 2270 et
555 2231 702 2271 statim
726 2230 865 2271 verbis
892 2233 934 2271 et
959 2231 1122 2284 reliquo
1154 2233 1344 2285 tempore
1370 2247 1415 2273 re

77 2286 280 2340 probabo.
340 2286 427 2328 Eae
464 2287 631 2329 litterae
669 2292 806 2330 cetera
840 2292 981 2330 vetera
1016 2289 1246 2344 habebant,
1284 2305 1415 2331 unum
1443 2302 1463 2332 5
