1665 2553
299 89 638 125 EPISTULARUM
665 90 730 124 AD
756 89 970 124 ATTICUM
996 90 1062 123 XV
1090 94 1143 133 13,
1172 94 1225 124 14.
1348 90 1433 131 479

99 184 212 225 itura
247 184 331 225 nisi
368 199 413 226 re
450 185 619 239 publica
662 187 916 239 recuperata.
979 183 1042 225 De
1082 199 1165 238 quo
1204 185 1305 238 quid
1345 200 1434 239 spe-

99 257 198 298 rem,
229 257 315 284 non
347 243 479 284 audeo
513 243 704 285 scribere.

704 382 817 424 XIV.

308 464 380 499 Ser.
402 465 442 498 in
471 464 675 498 Tusculano
707 464 737 496 V
763 464 811 498 K,
836 464 956 508 Quint.
979 476 1010 498 α.
1034 467 1104 500 710
1131 467 1220 507 (44).

61 552 77 577 5
499 546 688 581 CICERO
712 546 904 580 ATTICO
930 546 1037 580 SAL.

184 631 230 659 VI
273 618 448 659 Kalend.
493 618 632 672 accepi
677 633 700 658 a
740 617 962 658 Dolabella
1005 618 1181 659 litteras.
1245 618 1431 667 Quarum
1461 630 1476 659 1

97 677 335 730 exemplum
367 677 445 717 tibi
478 677 586 717 misi.
635 675 686 717 In
718 676 872 730 quibus
905 678 993 717 erat
1026 677 1166 717 omnia
1198 692 1240 718 se
1272 677 1432 731 fecisse,

97 750 202 789 quae
239 738 287 776 tu
324 735 461 776 velles.
525 734 680 775 Statim
721 735 757 775 ei
794 734 991 788 rescripsi
1030 738 1071 775 et
1108 736 1256 776 multis
1289 736 1430 776 verbis

97 794 256 848 gratias
295 794 372 848 egi.
435 792 515 834 Sed
546 796 705 847 tamen,
744 808 795 834 ne
827 793 1072 849 miraretur,
1110 808 1182 834 cur
1214 795 1326 835 idem
1357 794 1431 835 ite-

44 869 77 892 10
96 867 190 893 rum
223 852 412 905 facerem,
443 852 523 893 hoc
554 866 702 893 causae
736 852 909 906 sumpsi,
941 852 1053 906 quod
1085 867 1135 893 ex
1166 855 1208 893 te
1240 853 1333 906 ipso
1367 867 1431 894 co—

95 926 185 951 ram
241 913 363 951 antea
416 911 525 951 nihil
578 910 813 964 potuissem
862 924 1122 965 cognoscere.
1199 910 1280 952 Sed
1330 912 1430 965 quid

95 969 262 1010 multa?
304 969 470 1009 litteras
501 969 583 1009 hoc
614 969 803 1023 exemplo
836 969 946 1010 dedi:

314 1047 530 1083 ‘CICERO
562 1048 933 1082 DOLABELLAE
968 1048 1075 1083 COS.
1104 1048 1214 1083 SUO.

94 1120 257 1161 Antea
288 1134 393 1161 cum
424 1120 624 1161 litteris
644 1119 808 1161 Attici
839 1121 1005 1161 nostri
1039 1120 1094 1161 de
1126 1124 1212 1161 tua
1239 1136 1428 1162 summa
1455 1134 1473 1162 2

43 1195 74 1220 15
95 1179 414 1220 liberalitate
459 1193 749 1233 summoque
793 1193 908 1233 erga
952 1193 1000 1219 se
1040 1179 1289 1220 beneficio
1328 1194 1428 1221 cer—

95 1237 194 1278 tior
243 1237 408 1278 factus
453 1251 627 1291 essem,
677 1252 885 1291 cumque
928 1240 982 1278 tu
1024 1238 1132 1292 ipse
1177 1239 1330 1278 etiam
1372 1239 1428 1279 ad

95 1310 167 1336 me
200 1296 497 1349 scripsisses
528 1298 577 1337 te
603 1296 786 1336 fecisse
819 1310 888 1350 ea,
909 1311 1033 1350 quae
1063 1311 1153 1337 nos
1180 1297 1427 1337 voluisse-

95 1369 217 1406 mus,
261 1354 340 1408 egi
383 1354 481 1394 tibi
525 1355 720 1408 gratias
764 1369 849 1408 per
891 1354 1098 1395 litteras
1138 1355 1200 1395 iis
1238 1355 1427 1410 verbis,

95 1415 150 1452 ut
198 1413 532 1466 intellegeres
581 1413 712 1453 nihil
760 1416 808 1453 te
855 1413 978 1454 mihi
1022 1413 1219 1468 gratius
1264 1414 1427 1454 facere

43 1487 76 1512 20
95 1471 336 1524 potuisse.
396 1470 579 1511 Postea
621 1486 737 1512 vero
784 1486 927 1524 quam
971 1472 1077 1525 ipse
1120 1471 1326 1512 Atticus
1370 1473 1427 1512 ad

95 1544 166 1569 me
192 1529 332 1569 venit
362 1529 412 1568 in
432 1528 768 1570 Tusculanum
798 1530 951 1570 huius
983 1530 1132 1570 unius
1164 1531 1236 1570 rei
1262 1545 1427 1584 causa,

95 1587 192 1627 tibi
224 1590 277 1627 ut
310 1587 438 1640 apud
468 1602 540 1627 me
572 1587 768 1641 gratias
801 1590 990 1642 ageret,
1022 1588 1163 1629 cuius
1196 1588 1428 1629 eximiam

96 1645 340 1699 quandam
385 1648 431 1685 et
475 1645 820 1686 admirabilem
863 1646 913 1686 in
957 1660 1109 1686 causa
1150 1646 1428 1687 Buthrotia

95 1703 410 1744 voluntatem
444 1706 491 1744 et
523 1704 832 1758 singularem
857 1718 973 1758 erga
1000 1719 1049 1745 se
1076 1719 1293 1745 amorem
1319 1719 1427 1758 per-

43 1778 76 1803 25
96 1762 367 1817 spexisset,
398 1762 562 1803 teneri
591 1777 690 1803 non
721 1763 886 1816 potui,
918 1763 1037 1816 quin
1068 1763 1167 1803 tibi
1199 1763 1426 1816 apertius

95 1820 222 1860 illud
261 1821 390 1861 idem
428 1820 507 1861 his
548 1821 747 1861 litteris
785 1821 1102 1862 declararem
1164 1821 1237 1862 Ex
1270 1822 1427 1862 omni-

95 1878 186 1919 bus
224 1879 368 1932 enim,
405 1879 468 1919 mi
499 1878 783 1934 Dolabella,
822 1880 1008 1920 studiis
1047 1880 1097 1920 in
1128 1894 1199 1920 me
1231 1882 1278 1920 et
1311 1879 1427 1920 offi-

96 1936 208 1991 ciis,
246 1951 368 1990 quae
409 1952 594 1978 summa
632 1941 766 1993 sunt,
805 1938 896 1978 hoc
937 1939 1065 1979 scito
1097 1938 1220 1979 mihi
1252 1941 1300 1979 et
1331 1953 1427 1978 am-

95 1994 381 2047 plissimum
430 1996 590 2036 videri
640 1999 687 2037 et
731 1997 1080 2051 gratissimum
1124 2011 1249 2051 esse,
1298 1997 1423 2050 quod

42 2069 76 2093 30
96 2053 391 2108 perfeceris,
438 2056 493 2094 ut
536 2054 746 2095 Atticus
790 2055 1141 2110 intellegeret,
1185 2058 1426 2108 quantum

96 2124 184 2164 ego
217 2113 542 2164 te,quantum
572 2115 626 2153 tu
656 2128 728 2153 me
760 2128 961 2154 amares.
1008 2113 1144 2161 Quod
1176 2113 1426 2167 reliquum
1452 2125 1472 2154 3

96 2171 190 2222 est,
220 2168 545 2210 Buthrotiam
576 2174 622 2211 et
654 2185 853 2212 causam
886 2175 933 2212 et
959 2172 1237 2225 civitatem,
1258 2186 1426 2224 quam-

96 2240 239 2279 quam
294 2242 317 2267 a
371 2230 418 2268 te
473 2229 763 2270 constituta
818 2233 892 2270 est
942 2229 1213 2285 (beneficia
1263 2232 1428 2271 autem

92 2287 268 2325 nostra
304 2286 437 2326 tueri
475 2286 736 2343 solemus),
780 2290 946 2329 tamen
982 2288 1133 2329 velim
1172 2291 1426 2342 receptam
