1665 2553
375 67 712 102 EPISTULARUM
737 66 802 102 AD
828 66 1045 101 ATTICUM
1071 66 1104 100 V
1131 70 1185 101 ⁵20.
1365 66 1446 107 151

105 165 196 221 agri
222 164 332 205 male
357 163 498 218 pacati
524 163 811 204 deducendum
831 162 989 212 Quinto
1015 162 1139 203 fratri
1163 162 1332 213 dabam3
1358 163 1449 215 ipse

104 239 170 266 me
202 223 454 264 Laodiceam
485 222 749 276 recipiebam.

193 281 310 323 Haec
342 281 488 322 adhuc.
547 280 629 322 Sed
661 281 712 322 ad
739 280 970 334 praeterita
1001 282 1276 321 revertamur.
1327 278 1449 327 Quod
1484 290 1494 298 ‘

105 355 171 382 me
203 340 384 381 maxime
414 339 602 380 hortaris
641 341 695 394 et,
727 339 840 393 quod
871 339 1006 393 pluris
1039 341 1103 379 est
1136 353 1263 393 quam
1295 338 1449 393 omnia,

70 418 87 443 5
107 400 153 441 in
183 414 267 454 quo
298 399 488 453 laboras,
525 401 573 438 ut
613 399 741 439 etiam
778 397 984 452 Ligurino
1017 398 1149 454 μώμῳ
1189 397 1293 438 satis
1325 397 1449 437 facia-

107 473 215 514 mus,
245 458 417 512 moriar,
449 457 485 497 si
517 457 744 511 qui'cquam
769 457 861 497 fieri
892 458 1036 510 potest
1062 456 1309 510 elegantius.
1359 453 1449 496 Nec

107 518 193 559 iam
218 530 296 571 ego
322 515 432 556 hanc
461 515 767 556 continentiam
797 515 976 571 appello,
1004 529 1111 569 quae
1139 514 1276 556 virtus
1302 514 1449 567 volup-

107 575 189 616 tati
213 575 410 616 resistere
435 574 614 615 videtur.
665 574 758 628 Ego
785 574 831 614 in
855 574 944 615 vita
974 589 1067 614 mea
1098 573 1215 614 nulla
1246 587 1449 627 umquam

107 634 329 688 voluptate
361 635 482 674 tanta
509 648 602 673 sum
628 633 828 688 adfectus,
860 635 1019 687 quanta
1044 632 1217 673 adficior
1240 631 1320 673 hac
1345 632 1450 672 inte-

55 711 89 735 10
109 693 278 748 gritate,
308 706 385 732 nec
415 706 481 732 me
513 694 601 732 tam
632 691 757 745 fama,
789 706 894 745 quae
927 706 1090 732 summa
1116 693 1192 744 est,
1225 705 1352 745 quam
1382 704 1448 730 res

107 752 202 805 ipsa
233 751 423 791 delectat.
487 749 595 798 Quid
628 750 823 804 quaeris?
856 750 938 790 fuit
970 750 1092 790 tanti.
1142 749 1210 790 Me
1242 750 1332 803 ipse
1362 762 1451 789 non

107 824 257 851 noram
287 823 363 850 nec
396 808 500 849 satis
540 808 741 863 sciebam,
783 808 884 862 quid
928 808 974 849 in
1011 808 1092 849 hoc
1132 822 1283 862 genere
1315 808 1450 849 facere

108 883 288 923 possem.
338 866 468 908 Recte
487 868 752 922 πεφύσημαι.
802 866 925 908 Nihil
945 869 1009 907 est
1028 867 1294 920 praeclarius.
1339 865 1451 907 Inte-

109 927 192 968 rim
222 926 325 967 haec
356 927 539 980 λαμπρά.
591 925 900 967 Ariobarzanes
935 940 1061 979 opera
1100 940 1194 966 mea
1224 925 1348 980 vivit,
1387 939 1450 965 re-

57 1004 90 1029 15
111 988 231 1040 gnat3
266 985 312 1026 ἐν
343 985 521 1041 παρόδῳ
554 985 731 1025 consilio
764 987 805 1025 et
837 984 1090 1025 auctoritate
1123 986 1178 1039 et,
1209 984 1321 1037 quod
1352 983 1451 1024 insi·
1484 1008 1492 1011 -

111 1044 347 1084 diatoribus
369 1043 458 1085 eius
486 1043 724 1098 ἀπρόσιτον
749 1057 829 1098 1110,
853 1057 941 1083 11011
964 1043 1088 1083 1110ᾰο
1116 1042 1452 1097 ἀδωροδόκητον

110 1102 299 1157 praebui,
329 1115 473 1156 regem
504 1116 766 1156 regnumque
799 1102 972 1142 servavi.
1034 1100 1200 1142 Interea
1238 1115 1259 1141 e
1292 1099 1451 1154 Cappa-

111 1161 231 1202 docia
260 1175 313 1201 ne
345 1161 481 1214 pilum
518 1160 696 1214 quidem.
758 1159 941 1201 Brutum
979 1159 1206 1215 abiectum,
1245 1162 1452 1213 quantum

111 1219 246 1275 potui,
278 1219 473 1273 excitavi,
507 1233 633 1272 quem
662 1233 750 1259 non
774 1219 916 1259 minus
949 1233 1042 1259 amo
1071 1233 1198 1272 quam
1228 1220 1290 1272 tu,
1320 1232 1451 1271 paene

57 1297 92 1321 20
112 1278 209 1332 dixi,
242 1292 370 1331 quam
400 1280 453 1318 te.
515 1277 657 1331 Atque
690 1277 818 1318 etiam
855 1292 977 1330 spero
1009 1279 1102 1318 toto
1136 1291 1245 1317 anno
1283 1276 1452 1330 imperii

110 1336 250 1378 nostri
280 1335 540 1376 terruncium
578 1338 774 1389 sumptus
811 1336 857 1376 in
893 1336 1110 1389 provincia
1146 1335 1312 1376 nullum
1348 1335 1450 1375 fore.

200 1394 344 1435 Habes
378 1394 528 1435 omnia.
590 1393 715 1435 Nunc
745 1394 912 1448 publice
945 1394 1111 1435 litteras
1143 1393 1325 1434 Romam
1356 1393 1450 1433 mit-

112 1455 202 1493 tere
232 1453 445 1506 parabam.
507 1452 734 1494 Uberiores
776 1455 917 1507 erunt,
958 1467 1086 1507 quam
1127 1453 1163 1493 si
1203 1467 1254 1493 ex
1285 1452 1449 1493 Amano

113 1511 335 1552 misissem.
386 1510 445 1552 At
476 1513 518 1551 te
550 1511 709 1552 Romae
740 1526 827 1552 non
857 1512 964 1552 fore!
1028 1510 1109 1552 Sed
1140 1513 1204 1551 est
1235 1513 1375 1551 totum
1406 1511 1452 1551 m

58 1588 93 1613 25
115 1584 174 1624 eo,
213 1569 314 1624 quid
344 1568 546 1610 Kalendis
577 1569 745 1610 Martiis
776 1570 969 1610 futurum
1001 1570 1067 1610 sit.
1127 1569 1288 1611 Vereor
1328 1569 1453 1623 enim,

112 1643 185 1683 ne,
223 1643 317 1669 cum
355 1628 404 1668 de
441 1628 657 1681 provincia
689 1630 855 1683 agetur,
896 1628 932 1669 si
964 1627 1117 1669 Caesar
1147 1628 1336 1682 resistet,
1372 1641 1451 1668 nos

113 1687 382 1728 retineamur.
443 1686 523 1726 His
556 1689 604 1727 tu
636 1687 671 1727 si
703 1687 884 1741 adesses,
913 1686 1023 1727 1111111
1052 1686 1257 1727 timerem.

201 1744 343 1786 Redeo
383 1745 435 1785 ad
474 1744 653 1800 urbana,
694 1759 800 1798 quae
838 1758 915 1799 ego
949 1744 1021 1785 diu
1050 1744 1251 1798 ignorans
1284 1758 1334 1783 ex
1364 1743 1450 1784 tuis

114 1803 430 1844 iucundissimis
473 1803 630 1844 litteris
672 1818 704 1843 a.
744 1803 780 1843 d.
817 1814 848 1842 V
885 1802 978 1843 Kal.
1016 1802 1233 1843 Ianuarias
1273 1802 1452 1855 denique

62 1880 97 1904 30
116 1862 305 1916 cognovi.
362 1862 449 1902 Eas
482 1861 805 1916 diligentissime
830 1860 1099 1915 Philogenes,
1128 1861 1308 1901 libertus
1339 1862 1453 1915 tuus,

117 1920 279 1960 curavit
318 1920 522 1974 perlonga
569 1922 610 1960 et
656 1933 742 1960 non
783 1919 886 1960 satis
926 1922 1021 1960 tuta
1060 1919 1128 1959 via
1174 1918 1451 1972 perferendas.

116 1976 240 2034 Nam,
272 1993 375 2032 quas
407 1978 538 2020 Laeni
568 1978 710 2032 pueris
744 1978 892 2018 scribis
922 1977 1054 2032 datas,
1083 1991 1171 2017 non
1203 1991 1451 2030 acceperam.

116 2034 304 2077 Iucunda
335 2037 383 2077 de
410 2036 600 2091 Caesare,
632 2039 672 2077 et
706 2051 811 2090 quae
843 2039 1013 2076 senatus
1046 2035 1242 2090 decrevit,
1273 2037 1314 2075 et
1347 2049 1452 2088 quae

117 2097 166 2134 tu
199 2109 352 2148 speras.
402 2094 564 2143 Quibus
590 2095 661 2135 ille
688 2095 724 2135 si
750 2094 871 2150 cedit,
903 2094 1009 2135 salvi
1041 2108 1197 2134 sumus.
1253 2092 1452 2134 Incendio

62 2171 97 2196 35
116 2151 385 2194 Plaetoriano
424 2154 538 2207 quod
575 2152 695 2194 Seius
734 2153 954 2193 ambustus
994 2167 1056 2208 es,
1097 2151 1238 2193 minus
1274 2152 1453 2193 moleste

116 2211 217 2252 fero.
279 2210 479 2252 Lucceius
513 2212 562 2253 de
588 2211 632 2260 Q.
661 2211 808 2252 Cassio
841 2226 914 2252 cur
945 2214 1033 2251 tam
1058 2210 1281 2251 vehemens
1313 2210 1455 2266 fuerit,

117 2272 160 2310 et
192 2269 293 2323 quid
325 2272 464 2310 actum
496 2270 564 2326 sit,
595 2285 696 2311 aveo
730 2270 844 2311 scire.
