1665 2553
167 1243 186 1272 0³

209 85 264 125 62
631 83 678 118 M.
706 83 846 117 TULLI
872 82 1121 118 CICERONIS

210 194 346 234 quere.
403 178 523 220 Unus
555 178 746 232 loquitur
778 180 819 219 et
850 177 991 231 palam
1024 178 1270 219 adversatur
1301 178 1544 220 adulescens

210 238 350 279 Curio.
423 236 534 278 Huic
579 237 753 291 plausus
797 236 988 291 maximi,
1039 237 1319 277 consalutatio
1362 237 1542 278 forensis

209 296 535 350 perhonorifica⁷
573 295 694 350 signa
731 297 948 349 praeterea
984 295 1293 336 benivolentiae
1333 295 1543 349 permulta

211 370 234 395 a
264 354 388 395 bonis
419 354 732 408 impertiuntur.
782 352 949 394 Fufium
985 353 1237 394 clamoribus
1271 355 1312 394 et
1343 353 1542 395 conviciis

211 416 253 454 et
291 413 427 453 sibilis
466 414 769 453 consectantur.
832 410 912 452 His
951 425 1001 452 ex
1037 412 1163 452 rebus
1200 426 1286 453 non
1321 426 1435 468 spes,
1472 412 1543 453 sed
1581 427 1599 452 5

211 471 331 512 dolor
369 474 433 511 est
470 471 622 524 maior,
664 485 757 510 cum
795 469 936 510 videas
969 469 1153 511 civitatis
1184 470 1448 511 voluntatem
1480 485 1543 511 so-

211 530 359 585 lutam,
390 529 591 570 virtutem
624 529 852 583 alligatam.
902 527 976 583 Ac,
1005 542 1059 569 ne
1089 528 1199 570 forte
1231 543 1406 582 quaeras
1437 530 1544 570 κατὰ

212 588 369 629 λεπτὸν
401 588 450 628 de
483 587 662 641 singulis
695 586 835 640 rebus,
868 586 1064 627 universa
1094 601 1161 628 res
1194 601 1241 628 eo
1269 590 1332 628 est
1358 587 1545 642 deducta,

213 660 307 700 spes
333 649 381 686 ut
406 646 523 686 nulla
555 646 611 686 sit
637 645 861 698 aliquando
893 659 980 685 non
1010 645 1134 686 modo
1166 645 1367 700 privatos,
1397 660 1543 687 verum

213 705 340 745 etiam
371 704 649 758 magistratus
680 704 837 744 liberos
868 704 968 744 fore.
1018 703 1109 744 Hac
1139 706 1282 744 tamen
1305 703 1350 744 in
1376 718 1543 758 oppres-
1564 719 1598 743 10

214 763 331 804 sione
369 777 505 803 sermo
544 762 589 802 in
626 762 791 802 circulis
830 761 1049 802 dumtaxat
1089 764 1130 802 et
1168 762 1212 802 in
1247 762 1449 803 conviviis
1481 765 1544 802 est

211 821 386 862 liberior
436 835 561 874 quam
604 820 696 861 fuit.
764 819 942 861 Vincere
988 820 1138 874 incipit
1182 820 1377 861 timorem
1414 820 1545 874 dolor,

215 879 286 920 sed
314 880 386 933 ita,
418 882 466 920 ut
493 879 632 920 onmia
659 879 744 919 sint
769 878 1015 932 plenissima
1041 879 1357 932 desperationis.
1404 877 1545 919 Habet

215 938 342 979 etiam
387 936 599 991 Campana
641 937 709 977 lex
754 937 1082 978 exsecrationem
1126 937 1460 991 candidatorum,
1510 936 1546 977 si

213 996 471 1037 mentionem
497 997 541 1037 in
571 995 766 1037 contione
797 996 983 1050 fecerint,
1016 1010 1098 1049 quo
1132 996 1254 1036 aliter
1286 1009 1384 1050 ager
1414 995 1545 1049 possi·
1565 1009 1601 1035 15

214 1055 360 1095 deatur
398 1057 525 1108 atque
561 1057 609 1094 ut
647 1068 696 1094 ex
733 1054 898 1108 legibus
936 1053 1067 1095 Iuliis.
1130 1053 1230 1094 Non
1260 1054 1456 1094 dubitant
1485 1053 1546 1094 iu-

213 1127 306 1154 rare
339 1113 483 1166 ceteri3
522 1111 762 1153 Laterensis
796 1112 1063 1153 existimatur
1093 1112 1208 1152 laute
1239 1112 1403 1167 fecisse,
1435 1111 1546 1165 quod

215 1172 480 1212 tribunatum
512 1171 565 1224 pl.
598 1173 739 1224 petere
770 1170 946 1225 destitit,
975 1184 1028 1210 ne
1060 1170 1228 1210 iuraret.

304 1228 384 1270 Sed
416 1229 464 1269 de
496 1243 540 1269 re
570 1229 738 1282 publica
765 1243 852 1269 non
876 1228 981 1268 libet
1006 1228 1129 1282 plura
1154 1228 1345 1269 scribere.
1390 1227 1545 1281 Displi-

214 1302 285 1329 ceo
329 1286 435 1328 mihi
471 1301 546 1327 nec
584 1287 673 1328 sine
711 1301 875 1328 summo
915 1286 1051 1327 scribo
1096 1287 1249 1327 dolore.
1315 1286 1384 1327 Me
1423 1288 1545 1327 tueor
1564 1301 1600 1325 20

214 1349 262 1387 ut
306 1345 519 1399 oppressis
558 1345 754 1386 omnibus
796 1359 882 1386 non
926 1345 1120 1399 demisse,
1162 1348 1210 1386 ut
1247 1345 1378 1385 tantis
1419 1344 1544 1385 rebus

215 1404 346 1459 gestis
379 1418 529 1457 parum
560 1403 738 1445 fortiter.
793 1403 833 1444 A
865 1402 1040 1444 Caesare
1071 1403 1191 1445 valde
1222 1403 1453 1444 liberaliter
1484 1402 1544 1443 in-

214 1463 326 1503 vitor
357 1462 402 1502 in
437 1462 693 1517 legationem
727 1462 862 1516 illam,
901 1462 982 1502 sibi
1013 1464 1060 1502 ut
1092 1462 1172 1502 sim
1202 1462 1386 1516 legatus,
1419 1463 1545 1515 atque

215 1521 342 1562 etiam
385 1520 518 1561 libera
555 1521 712 1575 legatio
750 1521 840 1561 voti
878 1534 1002 1561 causa
1039 1520 1171 1561 daturg
1240 1519 1320 1561 Sed
1361 1519 1463 1560 haec
1504 1522 1545 1560 et

214 1579 412 1633 praesidii
450 1579 560 1633 apud
596 1579 798 1633 pudorem
833 1578 1040 1619 Pulchelli
1075 1593 1160 1619 non
1197 1578 1324 1619 habet
1362 1577 1465 1618 satis
1502 1580 1543 1618 et
1563 1592 1599 1617 25

215 1653 238 1679 a
275 1638 419 1679 fratris
460 1637 640 1678 adventu
675 1652 741 1678 me
773 1637 958 1691 ablegat,
995 1637 1068 1677 illa
1100 1639 1141 1677 et
1172 1636 1376 1677 munitior
1407 1638 1471 1676 est
1503 1638 1544 1676 et

213 1711 300 1738 non
324 1696 509 1751 impedit,
542 1710 624 1749 quo
650 1696 790 1736 minus
816 1695 962 1751 adsim,
994 1709 1120 1749 quom
1140 1695 1275 1736 velim.
1319 1693 1439 1734 Hanc
1465 1707 1542 1748 ego

215 1758 356 1810 teneo,
401 1754 472 1795 sed
514 1769 689 1795 usurum
732 1768 798 1795 me
834 1768 920 1794 non
957 1756 1079 1808 puto,
1115 1768 1249 1806 neque
1285 1755 1424 1793 tamen
1464 1752 1543 1792 scit

216 1814 449 1867 quisquam.
511 1811 610 1853 Non
650 1812 768 1853 lubet
799 1812 960 1867 fugere,
999 1826 1098 1852 aveo
1130 1825 1326 1865 pugnare.
1387 1809 1543 1864 Magna
1649 1843 1651 1861 ;

216 1874 315 1912 sunt
333 1871 554 1912 hominum
577 1871 724 1912 studia.
766 1869 846 1911 Sed
871 1870 978 1911 nihil
998 1870 1189 1922 adfirm03
1215 1871 1262 1909 tu
1286 1868 1367 1909 hoc
1387 1868 1541 1909 silebis.
1562 1884 1596 1909 30

302 1929 365 1970 De
405 1928 541 1970 Statio
581 1944 709 1969 manu
745 1929 875 1970 misso
915 1931 955 1969 et
991 1942 1076 1969 non
1112 1927 1240 1968 nullis
1281 1927 1374 1968 aliis
1417 1927 1543 1967 rebus

216 2002 348 2043 angor
382 1988 591 2042 equidem,
629 1988 699 2028 sed
730 1987 813 2027 iam
845 2000 1018 2041 prorsus
1052 1985 1235 2027 occallui.
1298 1985 1361 2026 Tu
1391 1985 1542 2026 vellem

216 2060 293 2100 ego
336 2046 403 2087 vel
453 2060 645 2099 cuperem
695 2045 876 2099 adesses3
925 2059 1000 2085 nec
1047 2044 1153 2085 mihi
1202 2044 1425 2085 consilium
1467 2057 1542 2084 nec

215 2105 449 2145 consolatio
488 2105 661 2146 deesset.
725 2102 804 2144 Sed
835 2104 895 2144 ita
926 2106 967 2144 te
998 2117 1110 2157 para,
1146 2104 1205 2158 ut,
1237 2102 1272 2143 si
1302 2102 1542 2156 inclamaro,

216 2162 393 2203 advoles.
1560 2173 1593 2200 35
1648 2171 1650 2204 t
