<?xml version="1.0" encoding="UTF-8"?>
<!DOCTYPE html PUBLIC "-//W3C//DTD XHTML 1.0 Transitional//EN"
    "http://www.w3.org/TR/xhtml1/DTD/xhtml1-transitional.dtd">
<html xmlns="http://www.w3.org/1999/xhtml" xml:lang="en" lang="en">
 <head>
  <title>
</title>
<meta http-equiv="Content-Type" content="text/html;charset=utf-8" />
  <meta name='ocr-system' content='tesseract 3.04.00' />
  <meta name='ocr-capabilities' content='ocr_page ocr_carea ocr_par ocr_line ocrx_word'/>
</head>
<body>
  <div class='ocr_page' id='page_1' title='image "./p2scriptaquaemanse03ciceuoft_0273.png"; bbox 0 0 1665 2553; ppageno 0'>
   <div class='ocr_carea' id='block_1_1' title="bbox 74 822 108 847">
    <p class='ocr_par' dir='ltr' id='par_1_1' title="bbox 74 822 108 847">
     <span class='ocr_line' id='line_1_1' title="bbox 74 822 108 847; baseline -0.029 0"><span class='ocrx_word' id='word_1_1' title='bbox 74 822 108 847; x_wconf 92' lang='lat'>10</span> 
     </span>
    </p>
   </div>
   <div class='ocr_carea' id='block_1_2' title="bbox 77 1114 109 1139">
    <p class='ocr_par' dir='ltr' id='par_1_2' title="bbox 77 1114 109 1139">
     <span class='ocr_line' id='line_1_2' title="bbox 77 1114 109 1139; baseline 0 0"><span class='ocrx_word' id='word_1_2' title='bbox 77 1114 109 1139; x_wconf 88' lang='lat'>15</span> 
     </span>
    </p>
   </div>
   <div class='ocr_carea' id='block_1_3' title="bbox 77 1407 111 1431">
    <p class='ocr_par' dir='ltr' id='par_1_3' title="bbox 77 1407 111 1431">
     <span class='ocr_line' id='line_1_3' title="bbox 77 1407 111 1431; baseline 0 0"><span class='ocrx_word' id='word_1_3' title='bbox 77 1407 111 1431; x_wconf 82' lang='lat'>20</span> 
     </span>
    </p>
   </div>
   <div class='ocr_carea' id='block_1_4' title="bbox 79 1697 112 1723">
    <p class='ocr_par' dir='ltr' id='par_1_4' title="bbox 79 1697 112 1723">
     <span class='ocr_line' id='line_1_4' title="bbox 79 1697 112 1723; baseline 0 0"><span class='ocrx_word' id='word_1_4' title='bbox 79 1697 112 1723; x_wconf 82' lang='lat'>25</span> 
     </span>
    </p>
   </div>
   <div class='ocr_carea' id='block_1_5' title="bbox 340 62 1464 107">
    <p class='ocr_par' dir='ltr' id='par_1_5' title="bbox 340 62 1464 107">
     <span class='ocr_line' id='line_1_5' title="bbox 340 62 1464 107; baseline 0.002 -11"><span class='ocrx_word' id='word_1_5' title='bbox 340 62 679 98; x_wconf 84' lang='lat' dir='ltr'><strong>EPISTULARUM</strong></span> <span class='ocrx_word' id='word_1_6' title='bbox 703 63 769 97; x_wconf 93' lang='lat' dir='ltr'>AD</span> <span class='ocrx_word' id='word_1_7' title='bbox 795 62 1011 98; x_wconf 89' lang='lat' dir='ltr'><strong>ATTICUM</strong></span> <span class='ocrx_word' id='word_1_8' title='bbox 1037 63 1087 97; x_wconf 91' lang='grc' dir='ltr'>ΠΙ</span> <span class='ocrx_word' id='word_1_9' title='bbox 1113 67 1168 107; x_wconf 84' lang='grc'>23,</span> <span class='ocrx_word' id='word_1_10' title='bbox 1196 67 1249 98; x_wconf 77' lang='lat'>24.</span> <span class='ocrx_word' id='word_1_11' title='bbox 1411 63 1464 104; x_wconf 80' lang='grc'>97</span> 
     </span>
    </p>
   </div>
   <div class='ocr_carea' id='block_1_6' title="bbox 124 158 1467 272">
    <p class='ocr_par' dir='ltr' id='par_1_6' title="bbox 124 158 1467 272">
     <span class='ocr_line' id='line_1_6' title="bbox 126 158 1467 213; baseline -0.001 -13"><span class='ocrx_word' id='word_1_12' title='bbox 126 159 191 200; x_wconf 90' lang='lat' dir='ltr'>Tu</span> <span class='ocrx_word' id='word_1_13' title='bbox 223 158 274 200; x_wconf 83' lang='lat' dir='ltr'>ad</span> <span class='ocrx_word' id='word_1_14' title='bbox 305 173 371 200; x_wconf 88' lang='lat' dir='ltr'>me</span> <span class='ocrx_word' id='word_1_15' title='bbox 403 159 530 200; x_wconf 90' lang='lat' dir='ltr'>velim</span> <span class='ocrx_word' id='word_1_16' title='bbox 567 159 773 213; x_wconf 80' lang='lat' dir='ltr'>proximis</span> <span class='ocrx_word' id='word_1_17' title='bbox 812 158 985 212; x_wconf 87' lang='lat' dir='ltr'>litteris,</span> <span class='ocrx_word' id='word_1_18' title='bbox 1023 160 1071 199; x_wconf 90' lang='lat' dir='ltr'>ut</span> <span class='ocrx_word' id='word_1_19' title='bbox 1110 173 1153 199; x_wconf 88' lang='lat' dir='ltr'>se</span> <span class='ocrx_word' id='word_1_20' title='bbox 1189 158 1312 199; x_wconf 87' lang='lat' dir='ltr'>initia</span> <span class='ocrx_word' id='word_1_21' title='bbox 1350 158 1467 200; x_wconf 88' lang='lat' dir='ltr'>dede—</span> 
     </span>
     <span class='ocr_line' id='line_1_7' title="bbox 124 216 1223 272; baseline -0.001 -14"><span class='ocrx_word' id='word_1_22' title='bbox 124 218 224 271; x_wconf 90' lang='lat' dir='ltr'>rint,</span> <span class='ocrx_word' id='word_1_23' title='bbox 256 218 504 271; x_wconf 89' lang='lat' dir='ltr'>perscribas.</span> <span class='ocrx_word' id='word_1_24' title='bbox 567 217 678 259; x_wconf 85' lang='lat' dir='ltr'>Data</span> <span class='ocrx_word' id='word_1_25' title='bbox 715 217 850 272; x_wconf 83' lang='lat' dir='ltr'>pridie</span> <span class='ocrx_word' id='word_1_26' title='bbox 881 217 974 258; x_wconf 82' lang='lat' dir='ltr'>Kal.</span> <span class='ocrx_word' id='word_1_27' title='bbox 1006 216 1223 258; x_wconf 88' lang='lat' dir='ltr'>Decembr.</span> 
     </span>
    </p>
   </div>
   <div class='ocr_carea' id='block_1_7' title="bbox 372 333 1224 460">
    <p class='ocr_par' dir='ltr' id='par_1_7' title="bbox 372 333 1224 460">
     <span class='ocr_line' id='line_1_8' title="bbox 720 333 873 375; baseline 0 0"><span class='ocrx_word' id='word_1_28' title='bbox 720 333 873 375; x_wconf 88' lang='lat' dir='ltr'>XXIV.</span> 
     </span>
     <span class='ocr_line' id='line_1_9' title="bbox 372 414 1224 460; baseline 0.001 -11"><span class='ocrx_word' id='word_1_29' title='bbox 372 414 446 449; x_wconf 82' lang='lat' dir='ltr'>Ser.</span> <span class='ocrx_word' id='word_1_30' title='bbox 474 415 663 460; x_wconf 76' lang='lat' dir='ltr'>Dyrrachi</span> <span class='ocrx_word' id='word_1_31' title='bbox 687 415 751 449; x_wconf 92' lang='lat' dir='ltr'>IV</span> <span class='ocrx_word' id='word_1_32' title='bbox 772 415 829 450; x_wconf 77' lang='lat' dir='ltr'>Id.</span> <span class='ocrx_word' id='word_1_33' title='bbox 856 415 942 450; x_wconf 82' lang='lat' dir='ltr'>Dee.</span> <span class='ocrx_word' id='word_1_34' title='bbox 970 427 1002 450; x_wconf 87' lang='grc' dir='ltr'>α.</span> <span class='ocrx_word' id='word_1_35' title='bbox 1031 418 1104 450; x_wconf 84' lang='grc'>696</span> <span class='ocrx_word' id='word_1_36' title='bbox 1131 417 1224 459; x_wconf 83' lang='grc'><em>(58).</em></span> 
     </span>
    </p>
   </div>
   <div class='ocr_carea' id='block_1_8' title="bbox 550 495 1045 531">
    <p class='ocr_par' dir='ltr' id='par_1_8' title="bbox 550 495 1045 531">
     <span class='ocr_line' id='line_1_10' title="bbox 550 495 1045 531; baseline -0.002 0"><span class='ocrx_word' id='word_1_37' title='bbox 550 496 718 531; x_wconf 81' lang='lat' dir='ltr'>CICERO</span> <span class='ocrx_word' id='word_1_38' title='bbox 745 495 918 531; x_wconf 86' lang='lat' dir='ltr'><strong>ATTICO</strong></span> <span class='ocrx_word' id='word_1_39' title='bbox 947 496 1045 531; x_wconf 87' lang='lat' dir='ltr'><strong>SAL.</strong></span> 
     </span>
    </p>
   </div>
   <div class='ocr_carea' id='block_1_9' title="bbox 125 568 1492 1736">
    <p class='ocr_par' dir='ltr' id='par_1_9' title="bbox 125 568 1492 1736">
     <span class='ocr_line' id='line_1_11' title="bbox 213 568 1466 624; baseline 0 -14"><span class='ocrx_word' id='word_1_40' title='bbox 213 568 370 624; x_wconf 85' lang='lat' dir='ltr'>Antea,</span> <span class='ocrx_word' id='word_1_41' title='bbox 411 583 539 623; x_wconf 89' lang='lat' dir='ltr'>quom</span> <span class='ocrx_word' id='word_1_42' title='bbox 580 569 632 609; x_wconf 85' lang='lat' dir='ltr'>ad</span> <span class='ocrx_word' id='word_1_43' title='bbox 670 583 736 610; x_wconf 90' lang='lat' dir='ltr'>me</span> <span class='ocrx_word' id='word_1_44' title='bbox 775 569 1050 623; x_wconf 74' lang='lat' dir='ltr'>scripsissetis</span> <span class='ocrx_word' id='word_1_45' title='bbox 1082 571 1224 610; x_wconf 85' lang='lat' dir='ltr'>vestro</span> <span class='ocrx_word' id='word_1_46' title='bbox 1258 583 1466 610; x_wconf 88' lang='lat' dir='ltr'>consensu</span> 
     </span>
     <span class='ocr_line' id='line_1_12' title="bbox 125 628 1467 683; baseline -0.001 -14"><span class='ocrx_word' id='word_1_47' title='bbox 125 628 346 669; x_wconf 88' lang='lat' dir='ltr'>consulum</span> <span class='ocrx_word' id='word_1_48' title='bbox 377 628 614 681; x_wconf 86' lang='lat' dir='ltr'>provincias</span> <span class='ocrx_word' id='word_1_49' title='bbox 649 630 818 669; x_wconf 90' lang='lat' dir='ltr'>ornatas</span> <span class='ocrx_word' id='word_1_50' title='bbox 851 642 958 683; x_wconf 88' lang='lat' dir='ltr'>esse,</span> <span class='ocrx_word' id='word_1_51' title='bbox 996 628 1076 669; x_wconf 86' lang='lat' dir='ltr'>etsi</span> <span class='ocrx_word' id='word_1_52' title='bbox 1113 628 1304 682; x_wconf 86' lang='lat' dir='ltr'>verebar,</span> <span class='ocrx_word' id='word_1_53' title='bbox 1343 642 1467 681; x_wconf 91' lang='lat' dir='ltr'>quor-</span> 
     </span>
     <span class='ocr_line' id='line_1_13' title="bbox 127 686 1467 741; baseline -0.001 -14"><span class='ocrx_word' id='word_1_54' title='bbox 127 701 221 727; x_wconf 88' lang='lat' dir='ltr'>sum</span> <span class='ocrx_word' id='word_1_55' title='bbox 260 686 303 727; x_wconf 91' lang='lat' dir='ltr'>id</span> <span class='ocrx_word' id='word_1_56' title='bbox 343 701 539 727; x_wconf 87' lang='lat' dir='ltr'>casurum</span> <span class='ocrx_word' id='word_1_57' title='bbox 579 689 707 741; x_wconf 91' lang='lat' dir='ltr'>esset,</span> <span class='ocrx_word' id='word_1_58' title='bbox 747 689 890 727; x_wconf 88' lang='lat' dir='ltr'>tamen</span> <span class='ocrx_word' id='word_1_59' title='bbox 930 687 1150 740; x_wconf 82' lang='lat' dir='ltr'>sperabam</span> <span class='ocrx_word' id='word_1_60' title='bbox 1190 701 1266 728; x_wconf 85' lang='lat' dir='ltr'>vos</span> <span class='ocrx_word' id='word_1_61' title='bbox 1307 686 1467 740; x_wconf 88' lang='lat' dir='ltr'>aliquid</span> 
     </span>
     <span class='ocr_line' id='line_1_14' title="bbox 127 745 1466 799; baseline 0.001 -14"><span class='ocrx_word' id='word_1_62' title='bbox 127 745 353 799; x_wconf 86' lang='lat' dir='ltr'>aliquando</span> <span class='ocrx_word' id='word_1_63' title='bbox 386 745 540 786; x_wconf 82' lang='lat' dir='ltr'>vidisse</span> <span class='ocrx_word' id='word_1_64' title='bbox 571 745 836 799; x_wconf 67' lang='lat' dir='ltr'>prudentius,</span> <span class='ocrx_word' id='word_1_65' title='bbox 867 748 1144 799; x_wconf 74' lang='lat' dir='ltr'>posteaquam</span> <span class='ocrx_word' id='word_1_66' title='bbox 1174 745 1280 786; x_wconf 87' lang='lat' dir='ltr'>mihi</span> <span class='ocrx_word' id='word_1_67' title='bbox 1312 748 1353 786; x_wconf 86' lang='lat' dir='ltr'>et</span> <span class='ocrx_word' id='word_1_68' title='bbox 1385 745 1466 786; x_wconf 84' lang='lat' dir='ltr'>dic-</span> 
     </span>
     <span class='ocr_line' id='line_1_15' title="bbox 128 803 1466 857; baseline 0 -13"><span class='ocrx_word' id='word_1_69' title='bbox 128 807 220 844; x_wconf 90' lang='lat' dir='ltr'>tum</span> <span class='ocrx_word' id='word_1_70' title='bbox 262 806 326 844; x_wconf 90' lang='lat' dir='ltr'>est</span> <span class='ocrx_word' id='word_1_71' title='bbox 368 806 409 844; x_wconf 88' lang='lat' dir='ltr'>et</span> <span class='ocrx_word' id='word_1_72' title='bbox 457 803 657 857; x_wconf 91' lang='lat' dir='ltr'>scriptum</span> <span class='ocrx_word' id='word_1_73' title='bbox 700 803 968 845; x_wconf 83' lang='lat' dir='ltr'>vehementer</span> <span class='ocrx_word' id='word_1_74' title='bbox 1014 804 1238 845; x_wconf 89' lang='lat' dir='ltr'>consilium</span> <span class='ocrx_word' id='word_1_75' title='bbox 1277 806 1466 844; x_wconf 84' lang='lat' dir='ltr'>vestrum</span> 
     </span>
     <span class='ocr_line' id='line_1_16' title="bbox 127 861 1464 918; baseline 0 -15"><span class='ocrx_word' id='word_1_76' title='bbox 127 861 387 917; x_wconf 82' lang='lat' dir='ltr'>reprehendi,</span> <span class='ocrx_word' id='word_1_77' title='bbox 415 876 508 903; x_wconf 90' lang='lat' dir='ltr'>sum</span> <span class='ocrx_word' id='word_1_78' title='bbox 533 862 719 916; x_wconf 81' lang='lat' dir='ltr'>graviter</span> <span class='ocrx_word' id='word_1_79' title='bbox 745 865 994 918; x_wconf 83' lang='lat' dir='ltr'>commotuS,</span> <span class='ocrx_word' id='word_1_80' title='bbox 1020 862 1132 916; x_wconf 89' lang='lat' dir='ltr'>quod</span> <span class='ocrx_word' id='word_1_81' title='bbox 1158 862 1231 903; x_wconf 89' lang='lat' dir='ltr'>illa</span> <span class='ocrx_word' id='word_1_82' title='bbox 1256 862 1350 916; x_wconf 91' lang='lat' dir='ltr'>ipsa</span> <span class='ocrx_word' id='word_1_83' title='bbox 1370 877 1464 916; x_wconf 88' lang='lat' dir='ltr'>spes</span> 
     </span>
     <span class='ocr_line' id='line_1_17' title="bbox 128 920 1466 976; baseline -0.001 -14"><span class='ocrx_word' id='word_1_84' title='bbox 128 921 300 976; x_wconf 77' lang='lat' dir='ltr'>exigua,</span> <span class='ocrx_word' id='word_1_85' title='bbox 341 935 446 974; x_wconf 83' lang='lat' dir='ltr'>quae</span> <span class='ocrx_word' id='word_1_86' title='bbox 484 924 591 976; x_wconf 89' lang='lat' dir='ltr'>erat,</span> <span class='ocrx_word' id='word_1_87' title='bbox 631 920 845 962; x_wconf 83' lang='lat' dir='ltr'>videretur</span> <span class='ocrx_word' id='word_1_88' title='bbox 886 935 976 962; x_wconf 88' lang='lat' dir='ltr'>esse</span> <span class='ocrx_word' id='word_1_89' title='bbox 1017 921 1195 962; x_wconf 90' lang='lat' dir='ltr'>sublata.</span> <span class='ocrx_word' id='word_1_90' title='bbox 1261 920 1391 976; x_wconf 88' lang='lat' dir='ltr'>Nam,</span> <span class='ocrx_word' id='word_1_91' title='bbox 1431 921 1466 961; x_wconf 89' lang='lat' dir='ltr'>si</span> 
     </span>
     <span class='ocr_line' id='line_1_18' title="bbox 127 979 1492 1034; baseline 0 -14"><span class='ocrx_word' id='word_1_92' title='bbox 127 979 291 1020; x_wconf 90' lang='lat' dir='ltr'>tribuni</span> <span class='ocrx_word' id='word_1_93' title='bbox 327 980 382 1033; x_wconf 89' lang='lat' dir='ltr'>pl.</span> <span class='ocrx_word' id='word_1_94' title='bbox 413 979 538 1020; x_wconf 91' lang='lat' dir='ltr'>nobis</span> <span class='ocrx_word' id='word_1_95' title='bbox 579 982 841 1034; x_wconf 89' lang='lat' dir='ltr'>suscensent,</span> <span class='ocrx_word' id='word_1_96' title='bbox 883 994 989 1033; x_wconf 86' lang='lat' dir='ltr'>quae</span> <span class='ocrx_word' id='word_1_97' title='bbox 1029 982 1173 1033; x_wconf 92' lang='lat' dir='ltr'>potest</span> <span class='ocrx_word' id='word_1_98' title='bbox 1212 994 1306 1033; x_wconf 90' lang='lat' dir='ltr'>spes</span> <span class='ocrx_word' id='word_1_99' title='bbox 1347 979 1492 1020; x_wconf 53' lang='lat' dir='ltr'>esse?</span> 
     </span>
     <span class='ocr_line' id='line_1_19' title="bbox 128 1037 1466 1092; baseline 0 -14"><span class='ocrx_word' id='word_1_100' title='bbox 128 1037 191 1079; x_wconf 91' lang='lat' dir='ltr'>Ac</span> <span class='ocrx_word' id='word_1_101' title='bbox 220 1037 418 1079; x_wconf 84' lang='lat' dir='ltr'>videntur</span> <span class='ocrx_word' id='word_1_102' title='bbox 449 1037 538 1078; x_wconf 89' lang='lat' dir='ltr'>iure</span> <span class='ocrx_word' id='word_1_103' title='bbox 570 1052 830 1092; x_wconf 89' lang='lat' dir='ltr'>suscensere,</span> <span class='ocrx_word' id='word_1_104' title='bbox 866 1052 959 1078; x_wconf 89' lang='lat' dir='ltr'>cum</span> <span class='ocrx_word' id='word_1_105' title='bbox 999 1040 1041 1079; x_wconf 94' lang='lat' dir='ltr'>et</span> <span class='ocrx_word' id='word_1_106' title='bbox 1073 1041 1266 1092; x_wconf 73' lang='lat' dir='ltr'>expertes</span> <span class='ocrx_word' id='word_1_107' title='bbox 1299 1037 1466 1078; x_wconf 89' lang='lat' dir='ltr'>consilii</span> 
     </span>
     <span class='ocr_line' id='line_1_20' title="bbox 129 1096 1467 1151; baseline 0 -15"><span class='ocrx_word' id='word_1_108' title='bbox 129 1096 288 1138; x_wconf 87' lang='lat' dir='ltr'>fuerint</span> <span class='ocrx_word' id='word_1_109' title='bbox 319 1097 370 1151; x_wconf 89' lang='lat' dir='ltr'>ei,</span> <span class='ocrx_word' id='word_1_110' title='bbox 402 1096 473 1150; x_wconf 89' lang='lat' dir='ltr'>qui</span> <span class='ocrx_word' id='word_1_111' title='bbox 505 1110 674 1137; x_wconf 87' lang='lat' dir='ltr'>causam</span> <span class='ocrx_word' id='word_1_112' title='bbox 705 1099 895 1138; x_wconf 89' lang='lat' dir='ltr'>nostram</span> <span class='ocrx_word' id='word_1_113' title='bbox 927 1099 1215 1151; x_wconf 87' lang='lat' dir='ltr'>susceperant,</span> <span class='ocrx_word' id='word_1_114' title='bbox 1248 1099 1289 1137; x_wconf 90' lang='lat' dir='ltr'>et</span> <span class='ocrx_word' id='word_1_115' title='bbox 1320 1099 1467 1137; x_wconf 88' lang='lat' dir='ltr'>nostra</span> 
     </span>
     <span class='ocr_line' id='line_1_21' title="bbox 129 1154 1467 1210; baseline -0.001 -14"><span class='ocrx_word' id='word_1_116' title='bbox 129 1154 397 1196; x_wconf 82' lang='lat' dir='ltr'>concessione</span> <span class='ocrx_word' id='word_1_117' title='bbox 431 1169 597 1196; x_wconf 89' lang='lat' dir='ltr'>omnem</span> <span class='ocrx_word' id='word_1_118' title='bbox 622 1155 708 1196; x_wconf 85' lang='lat' dir='ltr'>vim</span> <span class='ocrx_word' id='word_1_119' title='bbox 735 1155 800 1196; x_wconf 86' lang='lat' dir='ltr'>sui</span> <span class='ocrx_word' id='word_1_120' title='bbox 825 1155 930 1196; x_wconf 91' lang='lat' dir='ltr'>iuris</span> <span class='ocrx_word' id='word_1_121' title='bbox 955 1155 1186 1210; x_wconf 87' lang='lat' dir='ltr'>amiserint,</span> <span class='ocrx_word' id='word_1_122' title='bbox 1218 1155 1467 1209; x_wconf 87' lang='lat' dir='ltr'>praesertim</span> 
     </span>
     <span class='ocr_line' id='line_1_22' title="bbox 128 1213 1467 1269; baseline 0 -15"><span class='ocrx_word' id='word_1_123' title='bbox 128 1228 224 1254; x_wconf 90' lang='lat' dir='ltr'>cum</span> <span class='ocrx_word' id='word_1_124' title='bbox 254 1213 316 1254; x_wconf 89' lang='lat' dir='ltr'>ita</span> <span class='ocrx_word' id='word_1_125' title='bbox 348 1213 500 1269; x_wconf 84' lang='lat' dir='ltr'>dicant,</span> <span class='ocrx_word' id='word_1_126' title='bbox 533 1228 576 1255; x_wconf 90' lang='lat' dir='ltr'>se</span> <span class='ocrx_word' id='word_1_127' title='bbox 606 1216 754 1255; x_wconf 87' lang='lat' dir='ltr'>nostra</span> <span class='ocrx_word' id='word_1_128' title='bbox 780 1228 904 1254; x_wconf 88' lang='lat' dir='ltr'>causa</span> <span class='ocrx_word' id='word_1_129' title='bbox 928 1213 1112 1255; x_wconf 86' lang='lat' dir='ltr'>voluisse</span> <span class='ocrx_word' id='word_1_130' title='bbox 1140 1228 1260 1254; x_wconf 90' lang='lat' dir='ltr'>suam</span> <span class='ocrx_word' id='word_1_131' title='bbox 1284 1216 1467 1268; x_wconf 88' lang='lat' dir='ltr'>potesta-</span> 
     </span>
     <span class='ocr_line' id='line_1_23' title="bbox 129 1272 1468 1327; baseline 0 -14"><span class='ocrx_word' id='word_1_132' title='bbox 129 1275 216 1313; x_wconf 89' lang='lat' dir='ltr'>tem</span> <span class='ocrx_word' id='word_1_133' title='bbox 248 1286 336 1313; x_wconf 90' lang='lat' dir='ltr'>esse</span> <span class='ocrx_word' id='word_1_134' title='bbox 368 1272 417 1313; x_wconf 87' lang='lat' dir='ltr'>de</span> <span class='ocrx_word' id='word_1_135' title='bbox 449 1273 693 1313; x_wconf 86' lang='lat' dir='ltr'>consulibus</span> <span class='ocrx_word' id='word_1_136' title='bbox 726 1273 941 1327; x_wconf 86' lang='lat' dir='ltr'>ornandis,</span> <span class='ocrx_word' id='word_1_137' title='bbox 976 1287 1063 1313; x_wconf 94' lang='lat' dir='ltr'>non</span> <span class='ocrx_word' id='word_1_138' title='bbox 1099 1275 1148 1313; x_wconf 92' lang='lat' dir='ltr'>ut</span> <span class='ocrx_word' id='word_1_139' title='bbox 1186 1286 1256 1313; x_wconf 92' lang='lat' dir='ltr'>eos</span> <span class='ocrx_word' id='word_1_140' title='bbox 1295 1272 1468 1326; x_wconf 89' lang='lat' dir='ltr'>impedi-</span> 
     </span>
     <span class='ocr_line' id='line_1_24' title="bbox 129 1330 1468 1386; baseline 0.001 -16"><span class='ocrx_word' id='word_1_141' title='bbox 129 1333 243 1386; x_wconf 86' lang='lat' dir='ltr'>rent,</span> <span class='ocrx_word' id='word_1_142' title='bbox 288 1330 357 1371; x_wconf 90' lang='lat' dir='ltr'>sed</span> <span class='ocrx_word' id='word_1_143' title='bbox 395 1333 444 1371; x_wconf 91' lang='lat' dir='ltr'>ut</span> <span class='ocrx_word' id='word_1_144' title='bbox 481 1331 532 1371; x_wconf 90' lang='lat' dir='ltr'>ad</span> <span class='ocrx_word' id='word_1_145' title='bbox 568 1333 760 1372; x_wconf 88' lang='lat' dir='ltr'>nostram</span> <span class='ocrx_word' id='word_1_146' title='bbox 797 1345 966 1372; x_wconf 83' lang='lat' dir='ltr'>eausam</span> <span class='ocrx_word' id='word_1_147' title='bbox 1003 1331 1296 1386; x_wconf 71' lang='lat' dir='ltr'>adiungerent,</span> <span class='ocrx_word' id='word_1_148' title='bbox 1345 1345 1468 1385; x_wconf 88' lang='lat' dir='ltr'>nunc,</span> 
     </span>
     <span class='ocr_line' id='line_1_25' title="bbox 131 1389 1468 1444; baseline 0.001 -15"><span class='ocrx_word' id='word_1_149' title='bbox 131 1389 167 1429; x_wconf 90' lang='lat' dir='ltr'>si</span> <span class='ocrx_word' id='word_1_150' title='bbox 206 1389 398 1430; x_wconf 85' lang='lat' dir='ltr'>consules</span> <span class='ocrx_word' id='word_1_151' title='bbox 439 1404 462 1430; x_wconf 93' lang='lat' dir='ltr'>a</span> <span class='ocrx_word' id='word_1_152' title='bbox 501 1390 625 1431; x_wconf 91' lang='lat' dir='ltr'>nobis</span> <span class='ocrx_word' id='word_1_153' title='bbox 672 1390 894 1431; x_wconf 82' lang='lat' dir='ltr'>alieniores</span> <span class='ocrx_word' id='word_1_154' title='bbox 940 1404 1031 1431; x_wconf 91' lang='lat' dir='ltr'>esse</span> <span class='ocrx_word' id='word_1_155' title='bbox 1070 1390 1221 1444; x_wconf 83' lang='lat' dir='ltr'>velint,</span> <span class='ocrx_word' id='word_1_156' title='bbox 1261 1404 1386 1443; x_wconf 90' lang='lat' dir='ltr'>posse</span> <span class='ocrx_word' id='word_1_157' title='bbox 1425 1389 1468 1430; x_wconf 89' lang='lat' dir='ltr'>id</span> 
     </span>
     <span class='ocr_line' id='line_1_26' title="bbox 129 1447 1467 1502; baseline 0.001 -15"><span class='ocrx_word' id='word_1_158' title='bbox 129 1447 261 1488; x_wconf 89' lang='lat' dir='ltr'>libere</span> <span class='ocrx_word' id='word_1_159' title='bbox 294 1447 447 1502; x_wconf 70' lang='lat' dir='ltr'>facere,</span> <span class='ocrx_word' id='word_1_160' title='bbox 489 1448 555 1489; x_wconf 90' lang='lat' dir='ltr'>sin</span> <span class='ocrx_word' id='word_1_161' title='bbox 579 1448 712 1489; x_wconf 85' lang='lat' dir='ltr'>velint</span> <span class='ocrx_word' id='word_1_162' title='bbox 750 1451 899 1489; x_wconf 88' lang='lat' dir='ltr'>nostra</span> <span class='ocrx_word' id='word_1_163' title='bbox 938 1463 1080 1502; x_wconf 88' lang='lat' dir='ltr'>causa,</span> <span class='ocrx_word' id='word_1_164' title='bbox 1119 1448 1230 1489; x_wconf 88' lang='lat' dir='ltr'>nihil</span> <span class='ocrx_word' id='word_1_165' title='bbox 1268 1463 1392 1502; x_wconf 90' lang='lat' dir='ltr'>posse</span> <span class='ocrx_word' id='word_1_166' title='bbox 1424 1462 1467 1489; x_wconf 91' lang='lat' dir='ltr'>se</span> 
     </span>
     <span class='ocr_line' id='line_1_27' title="bbox 130 1505 1469 1562; baseline 0.001 -16"><span class='ocrx_word' id='word_1_167' title='bbox 130 1505 287 1546; x_wconf 82' lang='lat' dir='ltr'>invitis.</span> <span class='ocrx_word' id='word_1_168' title='bbox 348 1505 479 1561; x_wconf 87' lang='lat' dir='ltr'>Nam,</span> <span class='ocrx_word' id='word_1_169' title='bbox 524 1507 636 1560; x_wconf 90' lang='lat' dir='ltr'>quod</span> <span class='ocrx_word' id='word_1_170' title='bbox 676 1507 842 1562; x_wconf 89' lang='lat' dir='ltr'>scribis,</span> <span class='ocrx_word' id='word_1_171' title='bbox 880 1506 926 1547; x_wconf 85' lang='lat' dir='ltr'>ni</span> <span class='ocrx_word' id='word_1_172' title='bbox 965 1507 1025 1547; x_wconf 89' lang='lat' dir='ltr'>ita</span> <span class='ocrx_word' id='word_1_173' title='bbox 1065 1507 1186 1548; x_wconf 83' lang='lat' dir='ltr'>vobis</span> <span class='ocrx_word' id='word_1_174' title='bbox 1226 1507 1469 1561; x_wconf 74' lang='lat' dir='ltr'>placuisset,</span> 
     </span>
     <span class='ocr_line' id='line_1_28' title="bbox 129 1564 1466 1621; baseline 0.001 -17"><span class='ocrx_word' id='word_1_175' title='bbox 129 1564 227 1605; x_wconf 91' lang='lat' dir='ltr'>illos</span> <span class='ocrx_word' id='word_1_176' title='bbox 258 1564 338 1605; x_wconf 88' lang='grc'>1100</span> <span class='ocrx_word' id='word_1_177' title='bbox 369 1564 480 1605; x_wconf 88' lang='lat' dir='ltr'>idem</span> <span class='ocrx_word' id='word_1_178' title='bbox 511 1580 586 1618; x_wconf 88' lang='lat' dir='ltr'>per</span> <span class='ocrx_word' id='word_1_179' title='bbox 616 1565 821 1619; x_wconf 82' lang='lat' dir='ltr'>populum</span> <span class='ocrx_word' id='word_1_180' title='bbox 849 1565 1121 1606; x_wconf 77' lang='lat' dir='ltr'>adsecuturos</span> <span class='ocrx_word' id='word_1_181' title='bbox 1148 1566 1290 1621; x_wconf 86' lang='lat' dir='ltr'>fuisse,</span> <span class='ocrx_word' id='word_1_182' title='bbox 1321 1565 1466 1606; x_wconf 87' lang='lat' dir='ltr'>invitis</span> 
     </span>
     <span class='ocr_line' id='line_1_29' title="bbox 130 1622 1468 1677; baseline 0.001 -15"><span class='ocrx_word' id='word_1_183' title='bbox 130 1622 314 1663; x_wconf 89' lang='lat' dir='ltr'>tribunis</span> <span class='ocrx_word' id='word_1_184' title='bbox 345 1623 400 1676; x_wconf 84' lang='lat' dir='ltr'>pl.</span> <span class='ocrx_word' id='word_1_185' title='bbox 433 1623 524 1664; x_wconf 86' lang='lat' dir='ltr'>fieri</span> <span class='ocrx_word' id='word_1_186' title='bbox 554 1623 671 1664; x_wconf 91' lang='lat' dir='ltr'>nullo</span> <span class='ocrx_word' id='word_1_187' title='bbox 704 1624 828 1664; x_wconf 90' lang='lat' dir='ltr'>modo</span> <span class='ocrx_word' id='word_1_188' title='bbox 861 1624 1012 1677; x_wconf 88' lang='lat' dir='ltr'>potuit.</span> <span class='ocrx_word' id='word_1_189' title='bbox 1073 1623 1141 1664; x_wconf 87' lang='lat' dir='ltr'>Ita</span> <span class='ocrx_word' id='word_1_190' title='bbox 1166 1638 1312 1664; x_wconf 85' lang='lat' dir='ltr'>vereor</span> <span class='ocrx_word' id='word_1_191' title='bbox 1342 1638 1394 1664; x_wconf 93' lang='lat' dir='ltr'>ne</span> <span class='ocrx_word' id='word_1_192' title='bbox 1426 1626 1468 1664; x_wconf 91' lang='lat' dir='ltr'>et</span> 
     </span>
     <span class='ocr_line' id='line_1_30' title="bbox 132 1681 1469 1736; baseline 0.001 -15"><span class='ocrx_word' id='word_1_193' title='bbox 132 1681 272 1721; x_wconf 89' lang='lat' dir='ltr'>studia</span> <span class='ocrx_word' id='word_1_194' title='bbox 311 1681 583 1722; x_wconf 89' lang='lat' dir='ltr'>tribunorum</span> <span class='ocrx_word' id='word_1_195' title='bbox 624 1682 887 1723; x_wconf 87' lang='lat' dir='ltr'>amiserimus</span> <span class='ocrx_word' id='word_1_196' title='bbox 920 1684 982 1736; x_wconf 92' lang='lat' dir='ltr'>et,</span> <span class='ocrx_word' id='word_1_197' title='bbox 1022 1682 1057 1722; x_wconf 91' lang='lat' dir='ltr'>si</span> <span class='ocrx_word' id='word_1_198' title='bbox 1089 1682 1227 1722; x_wconf 88' lang='lat' dir='ltr'>studia</span> <span class='ocrx_word' id='word_1_199' title='bbox 1257 1685 1469 1736; x_wconf 89' lang='lat' dir='ltr'>maneant,</span> 
     </span>
    </p>
   </div>
   <div class='ocr_carea' id='block_1_10' title="bbox 130 1739 1466 1795">
    <p class='ocr_par' dir='ltr' id='par_1_10' title="bbox 130 1739 1466 1795">
     <span class='ocr_line' id='line_1_31' title="bbox 130 1739 1466 1795; baseline 0 -15"><span class='ocrx_word' id='word_1_200' title='bbox 130 1739 317 1780; x_wconf 86' lang='lat' dir='ltr'>vinclum</span> <span class='ocrx_word' id='word_1_201' title='bbox 353 1739 458 1780; x_wconf 91' lang='lat' dir='ltr'>illud</span> <span class='ocrx_word' id='word_1_202' title='bbox 498 1740 861 1795; x_wconf 81' lang='lat' dir='ltr'>adiungendorum</span> <span class='ocrx_word' id='word_1_203' title='bbox 900 1740 1122 1780; x_wconf 89' lang='lat' dir='ltr'>consulum</span> <span class='ocrx_word' id='word_1_204' title='bbox 1160 1740 1363 1781; x_wconf 89' lang='lat' dir='ltr'>amissum</span> <span class='ocrx_word' id='word_1_205' title='bbox 1401 1740 1466 1780; x_wconf 91' lang='lat' dir='ltr'>sit.</span> 
     </span>
    </p>
   </div>
   <div class='ocr_carea' id='block_1_11' title="bbox 81 1989 114 2013">
    <p class='ocr_par' dir='ltr' id='par_1_11' title="bbox 81 1989 114 2013">
     <span class='ocr_line' id='line_1_32' title="bbox 81 1989 114 2013; baseline 0 0"><span class='ocrx_word' id='word_1_206' title='bbox 81 1989 114 2013; x_wconf 88' lang='grc'>30</span> 
     </span>
    </p>
   </div>
   <div class='ocr_carea' id='block_1_12' title="bbox 81 2278 114 2304">
    <p class='ocr_par' dir='ltr' id='par_1_12' title="bbox 81 2278 114 2304">
     <span class='ocr_line' id='line_1_33' title="bbox 81 2278 114 2304; baseline 0 0"><span class='ocrx_word' id='word_1_207' title='bbox 81 2278 114 2304; x_wconf 87' lang='lat'>35</span> 
     </span>
    </p>
   </div>
   <div class='ocr_carea' id='block_1_13' title="bbox 131 1796 1503 2262">
    <p class='ocr_par' dir='ltr' id='par_1_13' title="bbox 131 1796 1503 2262">
     <span class='ocr_line' id='line_1_34' title="bbox 218 1796 1503 1853; baseline 0 -15"><span class='ocrx_word' id='word_1_208' title='bbox 218 1796 392 1838; x_wconf 80' lang='lat' dir='ltr'>Accedit</span> <span class='ocrx_word' id='word_1_209' title='bbox 424 1798 538 1838; x_wconf 90' lang='lat' dir='ltr'>aliud</span> <span class='ocrx_word' id='word_1_210' title='bbox 562 1812 649 1839; x_wconf 88' lang='lat' dir='ltr'>non</span> <span class='ocrx_word' id='word_1_211' title='bbox 674 1812 852 1852; x_wconf 84' lang='lat' dir='ltr'>parvum</span> <span class='ocrx_word' id='word_1_212' title='bbox 878 1798 1204 1853; x_wconf 87' lang='lat' dir='ltr'>incommodum,</span> <span class='ocrx_word' id='word_1_213' title='bbox 1237 1798 1350 1851; x_wconf 87' lang='lat' dir='ltr'>quod</span> <span class='ocrx_word' id='word_1_214' title='bbox 1376 1811 1467 1852; x_wconf 78' lang='lat' dir='ltr'>gra·</span> <span class='ocrx_word' id='word_1_215' title='bbox 1495 1818 1503 1825; x_wconf 90' lang='lat'><strong>·</strong></span> 
     </span>
     <span class='ocr_line' id='line_1_35' title="bbox 131 1855 1468 1911; baseline 0.001 -15"><span class='ocrx_word' id='word_1_216' title='bbox 131 1855 194 1896; x_wconf 84' lang='lat' dir='ltr'>vis</span> <span class='ocrx_word' id='word_1_217' title='bbox 224 1856 299 1896; x_wconf 89' lang='lat' dir='ltr'>illa</span> <span class='ocrx_word' id='word_1_218' title='bbox 331 1857 493 1911; x_wconf 90' lang='lat' dir='ltr'>opinio,</span> <span class='ocrx_word' id='word_1_219' title='bbox 530 1859 579 1897; x_wconf 91' lang='lat' dir='ltr'>ut</span> <span class='ocrx_word' id='word_1_220' title='bbox 612 1857 780 1910; x_wconf 88' lang='lat' dir='ltr'>quidem</span> <span class='ocrx_word' id='word_1_221' title='bbox 812 1856 863 1897; x_wconf 89' lang='lat' dir='ltr'>ad</span> <span class='ocrx_word' id='word_1_222' title='bbox 893 1871 971 1897; x_wconf 92' lang='lat' dir='ltr'>nos</span> <span class='ocrx_word' id='word_1_223' title='bbox 1002 1857 1312 1911; x_wconf 83' lang='lat' dir='ltr'>perferebatur,</span> <span class='ocrx_word' id='word_1_224' title='bbox 1353 1871 1468 1898; x_wconf 90' lang='lat' dir='ltr'>sena-</span> 
     </span>
     <span class='ocr_line' id='line_1_36' title="bbox 131 1914 1468 1970; baseline 0.001 -17"><span class='ocrx_word' id='word_1_225' title='bbox 131 1915 224 1953; x_wconf 84' lang='lat' dir='ltr'>tum</span> <span class='ocrx_word' id='word_1_226' title='bbox 252 1914 361 1955; x_wconf 89' lang='lat' dir='ltr'>nihil</span> <span class='ocrx_word' id='word_1_227' title='bbox 392 1915 629 1970; x_wconf 88' lang='lat' dir='ltr'>decernere,</span> <span class='ocrx_word' id='word_1_228' title='bbox 666 1917 893 1969; x_wconf 85' lang='lat' dir='ltr'>antequam</span> <span class='ocrx_word' id='word_1_229' title='bbox 932 1915 980 1955; x_wconf 90' lang='lat' dir='ltr'>de</span> <span class='ocrx_word' id='word_1_230' title='bbox 1011 1915 1135 1956; x_wconf 91' lang='lat' dir='ltr'>nobis</span> <span class='ocrx_word' id='word_1_231' title='bbox 1174 1917 1315 1955; x_wconf 86' lang='lat' dir='ltr'>actum</span> <span class='ocrx_word' id='word_1_232' title='bbox 1346 1918 1468 1970; x_wconf 80' lang='lat' dir='ltr'>esset,</span> 
     </span>
     <span class='ocr_line' id='line_1_37' title="bbox 134 1971 1467 2028; baseline 0.003 -17"><span class='ocrx_word' id='word_1_233' title='bbox 134 1971 286 2013; x_wconf 84' lang='lat' dir='ltr'>amissa</span> <span class='ocrx_word' id='word_1_234' title='bbox 317 1976 398 2028; x_wconf 88' lang='lat' dir='ltr'>est,</span> <span class='ocrx_word' id='word_1_235' title='bbox 438 1974 686 2027; x_wconf 88' lang='lat' dir='ltr'>praesertim</span> <span class='ocrx_word' id='word_1_236' title='bbox 717 1974 761 2014; x_wconf 91' lang='lat' dir='ltr'>in</span> <span class='ocrx_word' id='word_1_237' title='bbox 798 1987 846 2014; x_wconf 89' lang='lat' dir='ltr'>ea</span> <span class='ocrx_word' id='word_1_238' title='bbox 886 1987 1028 2027; x_wconf 88' lang='lat' dir='ltr'>causa,</span> <span class='ocrx_word' id='word_1_239' title='bbox 1071 1987 1176 2027; x_wconf 86' lang='lat' dir='ltr'>quae</span> <span class='ocrx_word' id='word_1_240' title='bbox 1216 1987 1303 2014; x_wconf 92' lang='lat' dir='ltr'>non</span> <span class='ocrx_word' id='word_1_241' title='bbox 1342 1973 1467 2015; x_wconf 91' lang='lat' dir='ltr'>modo</span> 
     </span>
     <span class='ocr_line' id='line_1_38' title="bbox 132 2030 1468 2087; baseline 0.003 -18"><span class='ocrx_word' id='word_1_242' title='bbox 132 2031 364 2072; x_wconf 88' lang='lat' dir='ltr'>necessaria</span> <span class='ocrx_word' id='word_1_243' title='bbox 387 2046 475 2073; x_wconf 92' lang='lat' dir='ltr'>non</span> <span class='ocrx_word' id='word_1_244' title='bbox 499 2032 593 2085; x_wconf 81' lang='lat' dir='ltr'>fuit,</span> <span class='ocrx_word' id='word_1_245' title='bbox 626 2032 699 2073; x_wconf 91' lang='lat' dir='ltr'>sed</span> <span class='ocrx_word' id='word_1_246' title='bbox 724 2032 851 2073; x_wconf 82' lang='lat' dir='ltr'>etiam</span> <span class='ocrx_word' id='word_1_247' title='bbox 875 2032 1081 2072; x_wconf 87' lang='lat' dir='ltr'>inusitata</span> <span class='ocrx_word' id='word_1_248' title='bbox 1106 2046 1153 2072; x_wconf 92' lang='lat' dir='ltr'>ac</span> <span class='ocrx_word' id='word_1_249' title='bbox 1177 2045 1287 2072; x_wconf 85' lang='lat' dir='ltr'>nova</span> <span class='ocrx_word' id='word_1_250' title='bbox 1313 2030 1468 2087; x_wconf 76' lang='lat' dir='ltr'>(neque</span> 
     </span>
     <span class='ocr_line' id='line_1_39' title="bbox 134 2088 1469 2145; baseline 0.001 -17"><span class='ocrx_word' id='word_1_251' title='bbox 134 2088 247 2128; x_wconf 90' lang='lat' dir='ltr'>enim</span> <span class='ocrx_word' id='word_1_252' title='bbox 271 2104 471 2143; x_wconf 88' lang='lat' dir='ltr'>umquam</span> <span class='ocrx_word' id='word_1_253' title='bbox 498 2091 681 2131; x_wconf 87' lang='lat' dir='ltr'>arbitror</span> <span class='ocrx_word' id='word_1_254' title='bbox 708 2093 877 2131; x_wconf 84' lang='lat' dir='ltr'>ornatas</span> <span class='ocrx_word' id='word_1_255' title='bbox 904 2104 991 2131; x_wconf 89' lang='lat' dir='ltr'>esse</span> <span class='ocrx_word' id='word_1_256' title='bbox 1018 2090 1256 2143; x_wconf 86' lang='lat' dir='ltr'>provincias</span> <span class='ocrx_word' id='word_1_257' title='bbox 1281 2090 1469 2145; x_wconf 78' lang='lat' dir='ltr'>designa-</span> 
     </span>
     <span class='ocr_line' id='line_1_40' title="bbox 133 2145 1470 2204; baseline 0.003 -19"><span class='ocrx_word' id='word_1_258' title='bbox 133 2145 309 2202; x_wconf 73' lang='lat' dir='ltr'>torum),</span> <span class='ocrx_word' id='word_1_259' title='bbox 339 2150 399 2202; x_wconf 88' lang='lat' dir='ltr'>ut,</span> <span class='ocrx_word' id='word_1_260' title='bbox 429 2162 524 2189; x_wconf 90' lang='lat' dir='ltr'>cum</span> <span class='ocrx_word' id='word_1_261' title='bbox 555 2149 601 2189; x_wconf 92' lang='lat' dir='ltr'>in</span> <span class='ocrx_word' id='word_1_262' title='bbox 630 2149 711 2190; x_wconf 84' lang='grc'>1100</span> <span class='ocrx_word' id='word_1_263' title='bbox 736 2149 810 2189; x_wconf 87' lang='lat' dir='ltr'>illa</span> <span class='ocrx_word' id='word_1_264' title='bbox 836 2148 1085 2204; x_wconf 85' lang='lat' dir='ltr'>constantia,</span> <span class='ocrx_word' id='word_1_265' title='bbox 1118 2163 1224 2202; x_wconf 89' lang='lat' dir='ltr'>quae</span> <span class='ocrx_word' id='word_1_266' title='bbox 1256 2152 1345 2189; x_wconf 88' lang='lat' dir='ltr'>erat</span> <span class='ocrx_word' id='word_1_267' title='bbox 1376 2164 1470 2190; x_wconf 89' lang='lat' dir='ltr'>mea</span> 
     </span>
     <span class='ocr_line' id='line_1_41' title="bbox 134 2206 1469 2262; baseline 0.003 -18"><span class='ocrx_word' id='word_1_268' title='bbox 134 2218 258 2245; x_wconf 87' lang='lat' dir='ltr'>causa</span> <span class='ocrx_word' id='word_1_269' title='bbox 292 2209 497 2262; x_wconf 86' lang='lat' dir='ltr'>suscepta,</span> <span class='ocrx_word' id='word_1_270' title='bbox 527 2207 751 2248; x_wconf 88' lang='lat' dir='ltr'>imminuta</span> <span class='ocrx_word' id='word_1_271' title='bbox 783 2207 850 2261; x_wconf 89' lang='lat' dir='ltr'>sit,</span> <span class='ocrx_word' id='word_1_272' title='bbox 880 2206 988 2247; x_wconf 84' lang='lat' dir='ltr'>nihil</span> <span class='ocrx_word' id='word_1_273' title='bbox 1018 2207 1103 2247; x_wconf 90' lang='lat' dir='ltr'>iam</span> <span class='ocrx_word' id='word_1_274' title='bbox 1132 2207 1268 2261; x_wconf 89' lang='lat' dir='ltr'>possit</span> <span class='ocrx_word' id='word_1_275' title='bbox 1291 2222 1379 2248; x_wconf 93' lang='lat' dir='ltr'>non</span> <span class='ocrx_word' id='word_1_276' title='bbox 1403 2207 1469 2248; x_wconf 92' lang='lat' dir='ltr'>de-</span> 
     </span>
    </p>
   </div>
   <div class='ocr_carea' id='block_1_14' title="bbox 135 2263 1470 2370">
    <p class='ocr_par' dir='ltr' id='par_1_14' title="bbox 135 2263 1470 2370">
     <span class='ocr_line' id='line_1_42' title="bbox 135 2263 1470 2321; baseline 0.002 -18"><span class='ocrx_word' id='word_1_277' title='bbox 135 2263 259 2304; x_wconf 89' lang='lat' dir='ltr'>cerni.</span> <span class='ocrx_word' id='word_1_278' title='bbox 321 2263 391 2319; x_wconf 88' lang='lat' dir='ltr'>Iis,</span> <span class='ocrx_word' id='word_1_279' title='bbox 422 2265 473 2305; x_wconf 85' lang='lat' dir='ltr'>ad</span> <span class='ocrx_word' id='word_1_280' title='bbox 505 2280 610 2319; x_wconf 89' lang='lat' dir='ltr'>quos</span> <span class='ocrx_word' id='word_1_281' title='bbox 642 2266 823 2307; x_wconf 87' lang='lat' dir='ltr'>relatum</span> <span class='ocrx_word' id='word_1_282' title='bbox 856 2268 937 2321; x_wconf 89' lang='lat' dir='ltr'>est,</span> <span class='ocrx_word' id='word_1_283' title='bbox 969 2265 1112 2306; x_wconf 81' lang='lat' dir='ltr'>amicis</span> <span class='ocrx_word' id='word_1_284' title='bbox 1143 2265 1352 2320; x_wconf 86' lang='lat' dir='ltr'>placuisse</span> <span class='ocrx_word' id='word_1_285' title='bbox 1382 2280 1470 2306; x_wconf 93' lang='lat' dir='ltr'>non</span> 
     </span>
     <span class='ocr_line' id='line_1_43' title="bbox 207 2337 1256 2370; baseline 0.004 -7"><span class='ocrx_word' id='word_1_286' title='bbox 207 2337 266 2364; x_wconf 84' lang='lat' dir='ltr'>Cic.</span> <span class='ocrx_word' id='word_1_287' title='bbox 286 2338 372 2370; x_wconf 81' lang='lat' dir='ltr'>epist.</span> <span class='ocrx_word' id='word_1_288' title='bbox 391 2339 431 2364; x_wconf 82' lang='lat' dir='ltr'>H.</span> <span class='ocrx_word' id='word_1_289' title='bbox 1238 2337 1256 2367; x_wconf 84' lang='grc'>7</span> 
     </span>
    </p>
   </div>
  </div>
 </body>
</html>
