1665 2553
83 757 117 782 10

86 1050 118 1074 15

85 1342 120 1367 20

90 1925 124 1950 30

403 114 637 150 EPISTULA
661 113 726 148 AD
755 113 1074 149 OCTAVIANUM
1101 116 1202 147 2—7.
1383 111 1468 152 563

136 226 262 266 quam
295 225 496 265 sperares,
528 209 682 251 detulit
714 209 917 250 senatus?
967 208 1094 250 Dedit
1125 208 1270 260 fasces,
1301 209 1348 247 ut
1375 221 1469 248 cum

136 270 389 312 auctoritate
421 269 681 310 defensorem
712 267 901 320 haberet,
932 281 1017 308 non
1049 269 1097 307 ut
1129 266 1305 319 imperio
1333 279 1376 306 30
1402 265 1469 305 ad-

134 343 302 370 versum
335 330 534 381 armaret,
567 326 794 381 appellavit
819 326 1117 380 imperatorem
1142 324 1331 365 hostium
1357 337 1469 364 exer-

136 388 224 429 citu
255 387 378 441 pulso
410 386 602 427 tribuens
633 385 849 439 honorem,
881 398 967 425 non
998 386 1045 425 ut
1078 398 1153 424 sua
1179 383 1299 423 caede
1325 396 1468 423 caesus

136 446 207 487 ille
232 446 399 500 fugiens
425 445 633 486 exercitus
660 447 703 484 te
727 444 965 484 nominaret
989 443 1305 496 imperatorem3
1335 440 1470 481 decre—

135 506 198 546 vit
229 505 275 545 in
304 504 398 545 foro
431 506 626 556 statuam,
657 502 798 543 locum
829 503 873 542 in
905 504 1066 556 senatu,
1097 515 1309 541 summum
1340 499 1469 539 hono-

135 578 225 604 rem
256 565 353 604 ante
384 565 560 616 tempus.
613 560 658 602 Si
690 561 792 615 quid
824 561 936 601 aliud
962 563 1038 615 est,
1070 559 1181 613 quod
1207 559 1297 599 dari
1321 557 1469 612 possit,
1496 568 1515 597 5

136 622 269 662 addet.
319 620 429 669 Quid
460 620 575 661 aliud
606 623 670 661 est
701 620 848 673 maius,
881 618 994 673 quod
1024 618 1127 658 velis
1161 616 1352 658 31111101οῬ
1397 614 1471 656 Sin

137 683 282 722 autem
333 694 459 733 supra
508 681 712 733 aetatem,
762 693 889 731 supra
932 676 1296 730 consuetudinem,
1345 689 1472 728 supra

137 739 264 780 etiam
296 738 602 779 mortalitatem
634 740 751 777 tuam
783 737 863 777 tibi
895 738 994 776 sunt
1027 735 1168 776 omnia
1193 734 1367 785 tributa,
1399 747 1472 774 cur

137 800 210 838 aut
248 799 295 838 ut
334 797 547 851 ingratum
587 795 812 837 crudeliter
850 797 923 836 aut
954 797 1002 835 ut
1033 794 1321 834 immemorem
1350 792 1473 832 bene-

137 856 221 897 ficii
256 856 320 896 tui
347 855 546 896 scelerate
571 853 881 895 circumscribis
909 852 1129 894 senatum?
1173 851 1264 900 Quo
1290 854 1332 892 te
1357 850 1473 891 misi-

137 915 263 955 mus?
313 929 337 955 3
369 914 522 968 quibus
552 912 804 955 reverteris?
861 910 1020 953 Contra
1052 925 1157 965 quos
1190 909 1472 951 armavimus?

139 973 293 1027 quibus
325 987 442 1013 arma
472 972 634 1027 cogitas
666 970 847 1012 inferre?
891 970 930 1011 A
957 970 1110 1023 quibus
1142 969 1372 1010 exercitum
1403 967 1473 1008 ab-
1498 1001 1505 1004 .

138 1032 282 1072 ducis?
329 1045 434 1085 quos
467 1031 663 1071 adversus
694 1030 823 1070 aciem
856 1029 1014 1069 struis?
1064 1027 1149 1068 Cur
1179 1027 1317 1068 hostis
1349 1026 1473 1067 relin-

139 1090 302 1144 quitur,
345 1090 448 1130 civis
490 1089 626 1130 hostis
669 1088 762 1129 loco
799 1088 988 1141 petitur?
1038 1085 1123 1127 Cur
1159 1089 1297 1127 castra
1334 1085 1472 1126 medio

138 1149 289 1190 itinere
337 1148 507 1202 longius
556 1148 606 1189 ab
650 1145 985 1187 adversariorum
1029 1145 1179 1186 0331113
1211 1147 1253 1186 01
1296 1143 1471 1198 propius

139 1207 287 1248 urbem
323 1206 576 1247 moventur?
627 1204 661 1246 O
700 1219 767 1246 me
800 1219 1031 1258 numquam
1063 1203 1296 1256 sapientem
1329 1205 1369 1243 et
1402 1201 1472 1242 ali·
1499 1212 1518 1242 6

140 1265 307 1320 quando
332 1264 387 1318 id,
414 1264 528 1318 quod
551 1278 638 1305 non
664 1278 789 1319 eram,
807 1264 967 1304 frustra
993 1262 1297 1303 existimatum!
1336 1260 1472 1310 Quan-

139 1327 232 1365 tum
274 1326 334 1378 10,
377 1323 535 1377 popule
577 1322 785 1376 Romane,
829 1322 878 1362 de
920 1336 987 1362 me
1031 1320 1182 1361 fefellit
1225 1319 1386 1373 opinio!
1438 1317 1471 1360 O

139 1397 276 1423 meam
307 1382 598 1422 calamitosam
630 1395 676 1421 30
706 1380 978 1434 praecipitem
1010 1380 1286 1420 senectutem!
1331 1393 1354 1419 o
1386 1380 1473 1418 tur-

140 1455 237 1494 pem
275 1442 419 1480 exacta
456 1439 721 1492 dementique
761 1441 898 1479 aetate
936 1438 1148 1479 canitiem!
1197 1437 1293 1492 Ego
1331 1439 1472 1490 patres

141 1498 401 1552 conscriptos
440 1497 491 1538 ad
527 1497 799 1551 parricidium
829 1497 992 1549 induxi,
1033 1511 1109 1550 ego
1141 1509 1231 1536 rem
1262 1495 1474 1549 publicam

141 1556 291 1611 fefelli,
331 1570 408 1610 ego
449 1556 589 1609 ipsum
627 1558 817 1596 senatum
858 1555 940 1596 sibi
970 1569 1119 1595 manus
1151 1553 1313 1594 adferre
1344 1553 1475 1607 coegi,

90 1652 103 1658 -
143 1630 239 1656 cum
274 1617 317 1655 te
349 1614 577 1655 Iunonium
615 1628 793 1667 puerum
825 1616 865 1654 et
896 1613 1045 1653 matris
1076 1615 1174 1652 tuae
1204 1614 1374 1665 partum
1406 1627 1474 1652 au-

142 1689 260 1715 reum
303 1687 392 1714 esse
425 1673 522 1713 dixi.
583 1671 643 1713 At
675 1675 716 1713 10
747 1672 834 1712 1313
865 1671 1026 1725 patriae
1057 1670 1254 1711 Paridem
1284 1670 1475 1710 futurum

142 1732 450 1786 praedicebant,
471 1731 543 1785 qui
562 1734 749 1772 vastares
775 1730 922 1770 urbem
941 1729 1144 1781 incendio,
1163 1727 1330 1769 Italiam
1349 1728 1475 1783 bello,

143 1791 215 1844 qui
254 1793 392 1832 castra
428 1791 474 1830 in
510 1789 679 1843 templis
713 1789 887 1829 deorum
919 1787 1241 1842 immortalium,
1283 1789 1474 1827 senatum

142 1850 187 1890 in
218 1849 366 1890 castris
397 1848 621 1889 habiturus
647 1862 770 1889 esses.
827 1846 861 1887 O
887 1847 1085 1887 miseram
1111 1848 1152 1886 et
1176 1846 1221 1886 in
1244 1845 1363 1886 brevi
1387 1848 1476 1885 tam
1501 1854 1520 1884 ἰ·

143 1907 319 1948 celerem
357 1910 398 1948 et
436 1910 524 1947 tam
559 1907 719 1947 variam
756 1906 817 1946 rei
853 1905 1047 1959 publicae
1084 1904 1474 1945 commutationem!

144 1965 344 2014 Quisnam
381 1966 458 2006 tali
488 1966 657 2006 futurus
689 1964 858 2019 ingenio
892 1967 972 2016 est,
1011 1963 1084 2016 qui
1114 1962 1251 2017 possit
1281 1962 1383 2002 haec
1414 1962 1475 2002 ita

144 2024 342 2065 mandare
378 2024 554 2079 litteris,
591 2026 639 2064 ut
676 2023 804 2077 facta,
841 2037 928 2063 non
963 2022 1061 2062 ficta
1098 2021 1320 2062 videantur
1353 2020 1474 2061 esse?

146 2082 240 2135 quis
281 2083 361 2123 erit
397 2085 516 2123 tanta
553 2082 684 2123 animi
719 2081 940 2135 facilitate,
985 2080 1075 2133 qui,
1116 2094 1221 2133 quae
1258 2078 1475 2119 verissime

145 2141 348 2181 memoria
378 2143 612 2195 propagata
642 2140 814 2193 fuerint,
844 2154 930 2180 non
954 2138 1121 2179 fabulae
1148 2137 1300 2178 similia
1327 2137 1382 2177 sit
1409 2151 1475 2177 ex—

93 2214 126 2239 35
146 2198 442 2239 istimaturus‘?
473 2197 627 2253 Cogita
653 2198 764 2239 enim
779 2198 1013 2238 Antonium
1039 2196 1206 2237 hostem
1231 2195 1474 2248 iudicatum,

147 2256 199 2296 ab
237 2270 285 2297 eo
323 2256 642 2297 circumsessum
674 2256 887 2297 consulem
919 2255 1184 2309 designatum
1216 2253 1475 2306 eundemque

147 2314 208 2355 rei
238 2314 430 2368 publicae
461 2318 689 2370 parentem,
719 2317 760 2355 te
792 2314 1028 2368 profectum
1060 2312 1111 2353 ad
1136 2311 1350 2352 consulem
1374 2311 1472 2351 libe-

1196 2379 1264 2413 36*
