1665 2553
210 104 296 145 110
634 103 681 138 M.
709 102 850 137 TULLI
877 102 1125 138 CICERONIS

205 200 398 255 facerem,
427 214 516 241 non
547 199 675 240 etiam
707 201 755 240 ut
781 198 1015 240 scriberem.
1053 198 1149 253 Ego
1175 198 1412 241 mehercule
1443 200 1550 241 mihi

206 259 502 300 necessitatem
522 258 639 299 volui
671 259 889 311 imponere
919 256 1046 298 huius
1066 272 1200 299 novae
1227 258 1551 313 coniunctionis,

205 332 259 358 ne
291 332 375 371 qua
406 317 511 358 mihi
542 317 688 358 liceret
719 316 806 357 labi
838 316 890 356 ad
920 316 1030 371 illos,
1063 317 1135 370 qui
1161 317 1289 357 etiam
1320 320 1425 372 tum,
1455 331 1550 358 cum

207 376 397 417 misereri
416 376 499 416 mei
527 375 692 429 debent,
722 389 810 415 non
836 374 1034 415 desinunt
1054 375 1250 417 invidere.
1303 375 1385 417 Sed
1408 378 1551 416 tamen

206 435 361 476 modici
392 434 551 475 fuimus
572 433 795 487 ὑποθέσει,
826 436 875 474 ut
907 433 1069 487 scripsi.
1118 433 1292 475 Erimus
1322 434 1552 489 uberiores,

209 494 245 534 si
266 496 306 534 et
325 493 397 534 ille
416 493 598 534 libenter
619 492 809 546 accipiet,
841 494 882 533 et
906 492 938 532 ii
965 492 1280 547 subringentur,
1313 493 1386 547 qui
1405 492 1552 534 villam

207 567 274 593 me
306 552 486 593 moleste
514 552 655 592 ferunt
679 550 847 605 habere,
879 565 984 605 quae
1012 549 1154 592 Catuli
1178 551 1329 606 fuerat,
1361 566 1384 592 a
1402 550 1550 592 Vettio

209 610 358 651 emisse
397 625 486 651 non
525 610 732 664 cogitant3
775 609 848 663 qui
894 610 1066 651 domum
1110 612 1267 665 negant
1313 610 1552 664 oportuisse

207 684 274 710 me
306 669 541 723 aedificare,
580 668 758 709 vendere
791 668 909 709 aiunt
941 668 1192 722 oportuisse.
1255 667 1335 710 Sed
1367 669 1468 723 quid
1499 669 1552 709 ad

208 727 302 783 hoc,
333 728 381 783 si,
414 728 568 782 quibus
600 727 823 768 sententiis
845 726 944 782 dixi,
977 727 1090 781 quod
1121 729 1162 768 et
1192 727 1278 781 ipsi
1308 727 1551 782 probarent,

206 786 356 828 laetati
407 789 506 827 sunt
556 789 699 832 tamen
747 801 813 827 me
866 788 1013 826 contra
1062 785 1238 840 Pompei
1287 786 1551 827 voluntatem

209 845 395 886 dixisse?
438 844 556 885 Finis
590 845 656 885 sit.
709 843 929 900 Quoniam,
961 845 1034 898 qui
1064 844 1174 885 nihil
1205 847 1399 900 possunt,
1428 845 1459 885 ii
1484 859 1551 886 me

208 905 360 945 nolunt
393 919 550 957 amare,
589 904 733 944 demus
767 918 955 957 operam,
986 906 1035 944 ut
1067 903 1119 944 ab
1151 904 1221 958 iis,
1254 903 1327 958 qui
1357 906 1552 960 possunt,

209 963 447 1018 diligamur.
485 962 628 1004 Dices:
650 962 830 1003 ‘Vellem
850 962 934 1003 iam
954 962 1147 1016 priden1.’
1187 962 1282 1004 Scio
1303 965 1345 1003 te
1364 962 1551 1004 voluisse

210 1025 251 1062 et
282 1037 348 1063 me
381 1022 547 1062 asinum
578 1035 825 1076 germanum
856 1021 998 1061 fuisse.
1063 1021 1144 1062 Sed
1176 1021 1260 1062 iam
1285 1023 1453 1075 tempus
1486 1023 1551 1062 est

207 1095 274 1121 me
314 1081 457 1134 ipsum
499 1095 522 1121 a
564 1095 631 1120 me
673 1080 823 1134 amari,
868 1079 1034 1133 quando
1069 1079 1120 1120 ab
1158 1079 1243 1120 illis
1275 1079 1392 1121 nullo
1425 1080 1550 1121 modo

207 1153 393 1193 possum.

296 1197 480 1238 Domum
514 1211 649 1237 meam
682 1197 795 1250 quod
826 1196 972 1237 crebro
1005 1196 1167 1252 invisis,
1199 1199 1262 1237 est
1294 1196 1398 1237 mihi
1429 1197 1550 1238 valde

208 1258 389 1311 gratum.
449 1255 667 1296 Viaticum
697 1254 913 1309 Crassipes
945 1254 1167 1308 praeripit.
1229 1254 1369 1296 Tullia
1401 1254 1451 1295 de
1481 1255 1550 1296 via

207 1317 322 1356 recta
353 1314 399 1355 ‘m
428 1314 588 1355 hortos.
636 1313 817 1354 Videtur
849 1313 1119 1354 commodius.
1173 1312 1241 1354 Ad
1271 1316 1314 1354 te
1345 1313 1549 1367 postridie

208 1373 384 1427 scilicet3
429 1373 531 1426 quid
567 1371 678 1413 enim
724 1372 826 1413 tua?
890 1371 971 1413 Sed
1012 1372 1253 1413 viderimus.
1315 1371 1549 1413 Bibliothe-

209 1446 300 1473 cam
331 1431 438 1472 mihi
468 1431 533 1472 tui
563 1431 792 1485 pinxerunt
824 1431 1137 1472 constructione
1164 1433 1205 1471 et
1238 1430 1417 1484 sillybis.
1460 1430 1549 1472 Eos

207 1491 335 1532 velim
366 1490 522 1531 laudes.

839 1605 912 1647 VI.

410 1688 484 1722 Scr.
511 1688 552 1721 in
576 1687 666 1722 villa
691 1698 735 1721 m.
761 1687 852 1731 Apr.
881 1690 946 1721 aut
971 1687 1066 1720 Mai.
1095 1698 1127 1720 (ι.
1157 1689 1230 1721 698
1257 1687 1348 1730 (56).

631 1768 799 1804 CICERO
826 1768 999 1804 ATTICO
1027 1768 1123 1803 SAL.

296 1843 360 1885 De
391 1842 573 1884 Lentulo
608 1842 766 1883 scilicet
800 1841 859 1882 sic
891 1841 992 1895 fero,
1024 1843 1072 1882 ut
1104 1841 1244 1881 debeo.
1294 1839 1447 1880 Virum
1477 1840 1549 1881 bo-

207 1918 311 1944 num
350 1905 390 1943 et
428 1915 630 1956 magnum
667 1900 883 1942 hominem
915 1903 956 1941 et
987 1900 1031 1940 in
1064 1906 1226 1940 summa
1256 1899 1549 1953 magnitudine

209 1961 338 2003 animi
369 1960 506 2002 multa
541 1959 806 2000 humanitate
843 1960 1126 2013 temperatum
1162 1957 1421 2011 perdidimus
1453 1972 1548 1998 nos-

210 2035 290 2074 que
322 2019 434 2061 malo
468 2018 643 2074 solacio,
684 2018 756 2058 sed
786 2032 873 2059 non
908 2017 1026 2058 nullo
1067 2019 1227 2070 tamen,
1267 2016 1549 2071 consolamur,

211 2079 323 2132 quod
354 2078 488 2132 ipsius
520 2077 654 2118 vicem
692 2076 865 2117 minime
903 2075 1108 2129 dolemus,
1147 2088 1236 2114 non
1274 2077 1322 2115 ut
1355 2074 1548 2116 Saufeius

211 2140 251 2177 et
283 2136 432 2190 vestri,
470 2136 543 2177 sed
573 2135 809 2176 mehercule
841 2134 940 2188 quia
972 2133 1031 2174 sic
1063 2132 1231 2173 amabat
1261 2133 1464 2188 patriam,
1500 2135 1549 2173 ut

210 2195 316 2235 mihi
348 2195 490 2248 aliquo
525 2194 697 2235 deorum
732 2192 933 2234 beneficio
972 2191 1164 2233 videatur
1202 2205 1251 2232 ex
1284 2191 1372 2232 eius
1412 2190 1548 2231 incen-

212 2253 280 2293 dio
314 2267 402 2294 esse
435 2256 615 2306 ereptus.
665 2251 775 2292 Nam
808 2251 909 2305 quid
939 2250 1102 2291 foedius
1130 2252 1277 2291 nostra
1301 2249 1402 2304 vita,
1433 2263 1549 2303 prae-

1570 744 1605 769 10

1570 1038 1604 1064 15

1569 1332 1603 1356 20

1569 1705 1603 1731 25

1568 2033 1602 2058 30

211 2311 330 2365 cipue
361 2311 481 2352 mea?
521 2310 631 2352 Nam
661 2313 709 2351 tu
730 2310 911 2365 quidem,
942 2309 1022 2350 etsi
1055 2323 1098 2349 es
1128 2311 1282 2350 natura
1312 2309 1549 2363 πολιτικός,
1568 2323 1601 2350 35
