1689 2572
198 64 315 98 XVIII
620 64 899 101 ADNOTATIO
928 65 1113 101 CRITICA

197 157 356 199 Ernesti,
382 156 555 191 Wesenb.
607 156 665 190 Ad.
690 169 724 201 p.
746 162 778 191 4.
800 162 831 192 8.
859 179 902 184 —
929 163 972 192 23
998 160 1190 206 [aliquod]
1215 160 1350 201 Baiter,
1376 159 1531 204 Tyrrell,

199 215 268 238 om.
296 204 361 238 Ml.
400 225 445 229 —
484 208 526 237 25
559 204 620 246 fac
651 205 719 239 cito
751 204 1013 239 Mendelssohn
1044 208 1123 241 Aet.
1146 218 1215 241 soc.
1237 208 1333 251 Lips.
1355 206 1371 239 I
1394 218 1428 250 p.
1450 209 1529 240 406.

200 272 244 275 —
277 255 320 285 26
352 251 460 285 nimis
487 262 502 284 s
525 252 561 283 Σ
582 250 785 294 (Lehmann
810 251 885 286 Att.
906 264 940 296 p.
963 254 1038 295 43),
1071 253 1241 288 Wesenb.
1268 254 1369 287 haud
1393 253 1530 297 inepte.

200 298 237 331 P.
260 302 338 331 215.
361 301 403 331 25
437 297 493 330 M1
518 297 633 330 habet
664 299 793 332 minus.
837 299 848 342 Η
890 299 936 333 Ρ.
957 297 1020 334 47.
1041 303 1086 333 24
1116 305 1153 335 et
1184 301 1266 334 add.
1293 302 1378 345 post
1408 304 1532 334 narret

201 344 291 378 coni.
314 344 455 386 Baiter,
490 355 555 378 scr.
578 344 721 387 Tyn-en
753 355 807 388 ep.
831 349 873 378 32
902 345 1081 389 ‘alioquin
1115 349 1214 391 ecqui
1238 358 1302 391 pro
1328 352 1360 381 et
1385 348 1447 391 qm·
1469 346 1531 380 hic

201 391 500 425 substituendum
526 392 651 424 esset'.
690 391 773 424 Non
801 391 924 433 credo3
951 392 996 425 de
1015 392 1121 427 Arrio
1142 405 1226 436 una,
1254 394 1298 427 de
1319 393 1530 427 consulibus

201 438 319 472 altera
350 438 518 481 quaestio
546 440 617 479 est,
646 439 683 471 et
710 438 932 482 ‘pronomini
960 440 1075 482 ecqui,
1102 441 1198 483 quod
1223 441 1354 474 Bosins
1379 440 1450 474 huc
1475 440 1527 474 in-

199 485 298 527 tulit,
326 495 403 518 esse
429 484 564 518 locum'
592 487 691 518 recte
717 487 857 529 negant
876 485 1032 519 Boot‘et
1055 485 1099 519 H.
1120 487 1160 520 A.
1182 487 1284 521 Koch
1308 499 1398 521 mus.
1413 487 1529 520 Rhen.

199 531 266 565 XII
290 544 324 575 p.
348 536 412 565 271
430 543 480 574 sq.
508 553 553 556 —
579 535 623 565 30
655 532 743 566 Vide
769 533 943 566 levitatem
962 532 1106 575 Mur-et,
1130 533 1265 576 Baiter,
1289 535 1402 568 videte
1419 535 1531 568 vitam

200 578 236 621 Z,
265 590 346 612 cum
366 588 471 612 cruce
491 578 595 620 Boot,
618 579 728 612 videte
747 580 924 613 civzttatmz
943 578 991 622 M,
1019 579 1136 613 Vides
1156 581 1327 615 levitatem
1345 580 1531 623 Wesenb.,

202 627 335 659 assent.
388 626 482 659 Boot
515 625 576 669 (ad
607 629 716 668 p.67.
741 627 815 670 16),
852 626 931 660 vide
968 627 1208 660 curiositatem
1239 626 1379 670 Kahnt,
1424 628 1532 661 Vides

201 674 385 706 caritatem
424 671 547 713 Klotz,
581 671 739 715 Tyrrell,
778 684 809 706 v.
841 673 1030 715 vilitatem,
1068 673 1270 707 caecitatem
1307 673 1382 716 alii,
1419 674 1532 709 videte

202 718 386 753 εὐτέλειαν
407 720 471 751 aut
485 716 711 759 αὐτάρκειαν
732 717 766 752 C.
781 718 821 752 G.
835 718 1039 752 Firnhaber
1058 719 1189 753 Philol.
1204 719 1254 752 VI
1269 723 1355 754 1851
1370 732 1404 764 p.
1418 724 1496 755 370.
1519 722 1531 767 ἦ]

247 766 293 800 Ρ.
315 764 378 799 48.
400 769 419 798 3
445 776 543 799 nunc
568 765 615 806 M,
642 765 746 807 Boot,
773 765 924 809 Tyri-ell,
951 778 1037 800 mcm
1062 765 1171 810 vulg,
1197 766 1332 808 BaIter,
1358 766 1529 802 Wesenb.

199 812 350 855 probab.
378 833 423 836 —
447 816 469 844 4
497 812 642 853 Clodz·0;
667 813 709 846 (Ie
733 813 846 854 fratre
872 813 994 846 omnia
1018 813 1279 846 Mendelssohn
1305 813 1384 847 Act.
1407 814 1533 848 societ-

201 859 298 902 Lips.
316 858 379 902 Ip.
395 862 473 892 406.
516 858 570 891 ‘In
591 858 627 891 M
648 870 713 902 per
733 870 891 892 errorem
910 870 975 903 pro
995 860 1105 901 flectet
1119 860 1297 903 scriptum
1311 862 1367 893 est
1379 861 1448 903 fre,
1467 860 1530 894 i.e.

198 906 321 947 fratre.
360 905 443 939 Non
470 905 675 938 debuerant
699 905 736 938 L.
759 905 1020 939 Mendelssohn
1047 908 1084 939 et
1103 905 1245 949 Tyrrell
1270 906 1309 939 id
1335 906 1535 941 defendere

201 954 237 985 et
267 952 392 985 fratris
427 951 574 985 nomine
606 952 666 986 hic
699 952 886 995 designari
915 952 953 992 Q.
975 952 1168 985 Metellum
1195 951 1357 985 Celerem
1381 955 1529 996 putare’

199 999 303 1040 Boot,
326 998 450 1033 Clodio
469 999 590 1043 [fiatfi
610 1003 641 1032 et
662 998 814 1042 Tyrrell.
836 1019 880 1023 —-
902 1002 945 1031 29
966 1010 1023 1032 me
1043 999 1155 1041 fuisse
1174 998 1304 1032 Bosius
1326 1010 1345 1032 e
1368 999 1531 1043 ‘Scidis’,

200 1045 383 1087 Wesenb,
408 1044 549 1088 Tyrrell
577 1055 632 1088 ep.
650 1048 710 1086 333
736 1044 865 1078 malim
889 1045 1042 1079 consul
1065 1046 1185 1087 facisse.
1224 1045 1282 1078 Ad
1300 1049 1486 1089 p.280.25.
1520 1047 1532 1093 ΙΙ

248 1091 417 1126 Ρ.49.1’ῖ
440 1103 463 1126 α
483 1102 511 1133 c,
532 1091 674 1134 Tyrrell
695 1095 814 1135 ep.34,
834 1093 1026 1134 tamquam
1043 1091 1178 1125 insitio.
1195 1091 1330 1134 Baiter,
1345 1091 1531 1137 Wesenb.,

201 1149 266 1172 om.
288 1138 337 1181 M,
363 1138 457 1171 Boot
482 1137 569 1181 (vel
595 1149 618 1171 (ι
642 1149 694 1171 me
721 1138 976 1182 corrigendum
998 1140 1063 1179 est,
1091 1138 1147 1171 vel
1169 1150 1219 1172 me
1238 1138 1529 1181 inducendum').

202 1206 243 1210 —
277 1188 317 1218 18
350 1185 435 1228 quia
470 1184 690 1218 abscideram
715 1184 810 1228 vulg.
838 1186 942 1225 vett,
974 1185 1115 1227 Baiter,
1149 1196 1231 1218 cum
1257 1196 1363 1219 cruce
1387 1185 1532 1229 Tyrrell

200 1231 290 1265 coni.
312 1243 335 1265 α
359 1242 411 1265 me
436 1230 638 1273 desererem»,
674 1231 786 1265 obieci
811 1233 904 1265 ¹[ram
929 1231 1058 1265 Munro
1087 1232 1185 1275 apud
1211 1231 1443 1276 Tyri-ellium,
1469 1234 1530 1267 ab·

200 1280 347 1312 ieceram
385 1277 476 1311 coni.
508 1277 618 1319 Boot,
656 1289 716 1312 cors
753 1278 875 1312 oberat
913 1280 977 1311 aut
1009 1279 1175 1320 abfuerat
1207 1277 1242 1312 C.
1265 1278 1306 1312 G.
1327 1279 1533 1314 Firnhaber

198 1324 328 1358 Philol.
350 1323 400 1357 VI
433 1327 520 1357 1851
554 1336 587 1368 p.
610 1327 694 1365 370,
727 1325 938 1359 obsoleverat
962 1324 1004 1358 H.
1025 1325 1066 1358 A.
1088 1324 1190 1358 Koch
1221 1336 1343 1369 progr.
1364 1325 1527 1360 Portens.

199 1374 288 1405 1868
314 1382 348 1414 p.
365 1374 419 1413 20,
433 1370 560 1413 ψυδρὰ
581 1375 656 1405 erat
675 1371 731 1404 Fr.
748 1370 914 1404 Schmidt
932 1382 1052 1415 progr.
1067 1371 1236 1405 Wuerzb.
1253 1375 1341 1405 1892
1360 1384 1395 1416 p.
1413 1376 1528 1416 losq.,

197 1418 346 1452 obscura
370 1421 446 1452 erat
464 1417 616 1461 Madvig
635 1417 724 1451 Adv.
745 1417 795 1450 ΙΠ
818 1430 853 1462 p.
876 1422 942 1451 168
969 1420 1036 1452 etc.
1057 1439 1102 1444 —
1123 1422 1166 1452 23
1192 1423 1297 1462 atque
1321 1420 1427 1453 etiam
1444 1422 1533 1464 post

198 1466 304 1499 etiam
337 1464 419 1497 add.
441 1463 484 1497 H.
506 1464 547 1497 A.
568 1463 671 1497 Koch
695 1475 815 1508 progr.
837 1464 1001 1498 Por-tens.
1024 1464 1112 1499 1868
1138 1477 1172 1509 p.
1195 1469 1238 1499 20
1263 1465 1414 1510 probab.
1471 1467 1530 1500 Ad

196 1523 230 1555 p.
255 1514 330 1544 117.
352 1514 407 1553 23,
441 1514 517 1544 251.
540 1514 595 1553 34,
629 1514 705 1544 381.
728 1515 782 1552 29,
818 1515 894 1546 517.
919 1514 972 1553 17,
1000 1515 1077 1545 534.
1100 1516 1152 1545 26.
1181 1533 1224 1537 —
1251 1516 1292 1545 27
1321 1513 1530 1557 leyationem

199 1557 281 1591 add.
302 1568 393 1590 mus.
415 1557 530 1590 Rhen.
554 1560 643 1591 1898
669 1569 703 1601 p.
727 1561 810 1600 122,
842 1559 916 1603 †in
941 1557 1130 1601 Wesenb.,
1166 1558 1234 1592 del.
1256 1558 1391 1601 Baiter,
1423 1559 1529 1601 Boot,

198 1603 337 1648 Tyrrel,
371 1603 456 1637 Otto
482 1615 572 1637 mus.
595 1603 709 1637 Rhen.
733 1608 822 1638 1886
848 1616 882 1649 p.
904 1608 983 1647 367,
1008 1606 1049 1639 in
1073 1605 1197 1640 Asiam
1231 1604 1380 1638 Starker
1404 1604 1526 1649 Symb.

199 1650 277 1685 crit.
297 1662 332 1694 p.
349 1654 393 1684 34
402 1662 466 1693 sq.,
487 1651 538 1684 ire
557 1651 730 1685 hominem
749 1662 878 1695 cupere.
893 1651 1019 1685 Kahnt
1037 1663 1157 1696 progr.
1171 1651 1269 1685 Zeitz
1285 1655 1374 1685 1844
1386 1663 1421 1695 p.
1438 1655 1457 1684 3
1473 1663 1525 1695 sq.

197 1718 243 1722 --
280 1701 322 1730 31
363 1696 459 1741 Quid
497 1698 591 1731 enim
626 1698 674 1731 ad
706 1698 842 1741 plebem
879 1698 1068 1733 transisti?
1106 1698 1186 1731 edd.
1224 1697 1266 1731 V.
1292 1709 1383 1731 mus.
1410 1698 1525 1732 Rhen.

197 1744 218 1777 l.
239 1743 275 1786 l.,
302 1743 400 1777 infra
424 1756 458 1788 p.
475 1747 528 1777 61.
545 1747 576 1786 2,
604 1743 773 1788 Seyfferti
794 1744 910 1778 Schol.
929 1744 1009 1778 Lat.
1024 1744 1040 1777 I
1059 1749 1078 1786 ἓ
1092 1748 1135 1778 48
1155 1757 1189 1788 p.
1207 1748 1270 1777 101
1281 1755 1332 1787 sq.
1350 1744 1404 1777 ed.
1420 1744 1478 1778 III.
1516 1744 1528 1790 Η

244 1791 289 1825 Ρ.
312 1790 376 1824 50.
397 1794 417 1823 2
455 1791 550 1825 domi
576 1789 618 1833 C,
656 1801 747 1825 rece.
770 1791 873 1825 editt.
894 1793 1041 1835 praeter
1065 1791 1251 1833 Bootium,
1287 1791 1326 1824 z'n
1350 1791 1452 1824 domo
1477 1790 1526 1834 M,

197 1837 300 1871 Boot.
328 1857 372 1862 —
399 1840 418 1870 9
445 1838 538 1880 quod
563 1836 617 1879 M,
650 1838 769 1881 quoad
794 1838 892 1879 edd„
918 1849 1012 1871 unus
1040 1837 1188 1871 dubitat
1211 1837 1314 1879 Boot,
1341 1836 1405 1879 qui
1431 1848 1526 1871 com-

197 1885 307 1927 parat
330 1883 416 1917 fam.
438 1883 521 1917 XIV
546 1887 578 1917 4.
601 1887 700 1926 6m.;
741 1884 788 1917 ad
812 1896 847 1928 p.
871 1888 946 1918 115.
969 1888 1022 1917 26.
1074 1884 1167 1917 Sane
1199 1884 1292 1927 quod
1316 1894 1381 1926 pro
1408 1885 1529 1927 quoad

197 1929 235 1963 M
260 1942 293 1973 p.
316 1934 370 1963 91.
394 1934 447 1969 14,
483 1934 560 1964 214.
583 1934 636 1964 32.
672 1951 717 1955 -
754 1930 804 1964 Ib.
827 1934 938 1974 potes
964 1930 1040 1972 alii,
1074 1929 1255 1971 Wesenb.,
1277 1934 1392 1972 potest
1416 1930 1524 1974 vulg,

198 1976 236 2009 M
257 1980 321 2019 pot
347 1976 444 2009 ‘cum
471 1977 583 2010 arcu’.
623 1975 673 2010 Cf.
694 1989 728 2020 p.
745 1980 822 2010 294.
839 1980 892 2010 22.
913 1997 958 2001 -
984 1980 1027 2009 10
1047 1977 1141 2019 ipsos
1159 1975 1315 2018 Ernesti,
1340 1975 1527 2019 WVesenb.,

198 2024 284 2057 istos
311 2022 413 2056 codd.
440 2025 590 2067 propter
614 2024 780 2065 istorum,
815 2022 945 2067 opinor
971 2023 1032 2065 (ad
1056 2034 1090 2066 p.
1112 2026 1165 2056 24.
1188 2024 1238 2065 8),
1276 2021 1371 2066 vulg.
1404 2043 1450 2048 —
1483 2027 1524 2057 17

198 2069 364 2113 viginti
393 2070 481 2103 viris
512 2070 670 2110 Manut„
703 2069 837 2102 Baiter.
877 2089 920 2094 —
959 2072 1002 2102 30
1034 2080 1148 2102 nunc
1178 2069 1226 2102 ad
1250 2079 1402 2103 sororem
1426 2074 1526 2104 tuam

200 2115 275 2149 HS.
292 2115 420 2149 XXX.
458 2116 622 2150 Terentia
642 2116 778 2158 Baiter,
803 2127 900 2149 mmo
919 2115 966 2149 ad
984 2125 1136 2149 sororem,
1154 2119 1253 2148 tuam
1274 2115 1348 2150 HS.
1363 2116 1524 2161 †XXX.

199 2165 237 2195 at
264 2161 431 2196 Terentia
450 2161 620 2196 WVesenb.
643 2162 734 2196 coni.
755 2162 941 2195 XXXVI
961 2162 1026 2194 aut
1044 2161 1242 2195 XXXIII.
1266 2162 1356 2205 Ter„
1387 2174 1461 2198 non
1485 2167 1527 2198 ut

199 2208 248 2242 ad
267 2218 420 2242 sororem
439 2212 538 2242 tuam
552 2209 595 2242 H
595 2209 626 2243 S.
642 2209 770 2243 XXX.
807 2209 882 2242 Ter.
898 2208 991 2241 Boot
1010 2207 1164 2251 Malasp.
1183 2210 1340 2251 auctore,
1360 2220 1458 2244 nunc
1477 2210 1526 2244 ad

198 2265 351 2289 sororem
371 2258 511 2289 tamen
530 2255 599 2290 HS
611 2256 739 2289 XXX.
769 2255 846 2290 Ter.
861 2253 1004 2297 Tyrrell
1018 2254 1145 2287 eodem
1159 2254 1311 2299 Malasp.
1330 2258 1487 2291 auctore.
1512 2255 1526 2302 Η
