1665 2553
164 1885 183 1913 [ὁ

168 2178 184 2193 c)

167 2192 186 2205 O

201 81 287 122 402
626 80 673 114 Μ.
700 79 840 113 TULLI
866 77 1111 113 CICERONIS

202 176 517 217 transferamus.
572 174 745 216 Etenim
777 176 875 214 sunt
906 172 1145 226 Antiochia,
1178 185 1282 226 quae
1309 172 1389 213 iste
1414 171 1535 212 valde

203 235 365 289 probat.
416 232 566 275 Catulo
600 236 641 274 et
665 232 841 273 Lucullo
875 232 976 272 alibi
1003 245 1266 285 reponemus,
1298 231 1358 271 ita
1382 233 1535 285 tamen,

206 294 241 334 si
272 297 320 334 tu
350 293 431 334 hoc
462 292 634 346 probas,
667 291 799 344 deque
831 305 879 331 eo
912 290 1016 330 mihi
1047 289 1253 330 rescribas
1285 289 1424 330 velim.

291 352 355 392 De
391 351 622 392 Brinniana
659 349 852 390 auctione
888 349 1026 402 accepi
1064 363 1087 389 a
1124 347 1322 388 Vestorio
1360 348 1535 388 litteras.

204 410 280 451 Ait
318 411 406 451 sine
443 409 529 450 ulla
566 408 852 450 controversia
888 422 976 448 rem
1013 407 1064 447 ad
1095 421 1160 447 me
1194 421 1283 447 esse
1315 406 1535 447 conlatam.
1574 423 1589 448 5

204 469 364 510 Romae
396 468 589 508 videlicet
621 470 693 508 aut
725 467 769 506 in
799 466 1037 507 Tusculano
1068 480 1135 506 me
1166 465 1256 505 fore
1282 467 1538 518 putaverunt

205 543 239 568 a.
279 527 314 568 d.
349 539 431 567 VIII
468 526 560 567 Kal.
595 525 759 574 Quinct.
827 524 950 565 Dices
995 524 1127 579 igitur
1168 524 1234 564 vel
1275 524 1408 564 amico
1451 526 1538 576 tuo,

207 585 246 628 S.
273 585 436 639 Vettio,
474 584 666 636 coheredi
697 598 812 638 meo,
854 584 921 624 vel
952 583 1138 623 Labeoni
1168 585 1329 636 nostro,
1366 581 1539 635 paulum

205 645 422 698 proferant
460 643 715 697 auctionem3
747 656 811 682 me
849 642 1014 682 circiter
1046 640 1192 682 Nonas
1224 641 1268 681 in
1300 640 1537 681 Tusculano

205 704 305 744 fore.
384 701 489 743 Cum
536 701 689 742 Pisone
738 700 913 741 Erotem
962 700 1102 740 habes.
1174 699 1237 740 De
1293 698 1539 753 Scapulanis
1559 715 1592 740 ιο

205 761 342 802 hortis
374 763 467 802 toto
499 763 669 814 pectore
701 759 945 813 cogitemus.
1007 758 1108 799 Dies
1141 758 1269 799 adest.

743 851 858 907 xm,
890 851 1002 893 XIV.

417 922 490 957 Ser.
513 922 553 956 in
579 922 755 966 Arpinati
787 921 845 955 VI
866 921 914 954 K.
939 920 1060 965 Quint.
1083 932 1114 955 a.
1139 922 1210 954 709
1239 922 1328 963 (45).

608 991 798 1026 CICERO
823 991 1014 1026 ATTICO
1038 991 1146 1026 SAL.

297 1052 544 1094 Commotus
583 1052 669 1093 tuis
707 1051 882 1106 litteris,
926 1051 1038 1105 quod
1076 1051 1127 1092 ad
1166 1065 1232 1091 me
1271 1050 1319 1091 de
1350 1049 1540 1091 Varrone
1561 1066 1592 1091 15

210 1112 454 1165 scripseras,
491 1114 626 1152 totam
656 1110 927 1151 Academiam
967 1110 1017 1150 ab
1056 1109 1298 1150 hominibus
1329 1109 1540 1149 nobilissi-

208 1171 288 1210 mis
321 1169 489 1222 abstuli,
529 1169 731 1209 transtuli
763 1168 814 1209 ad
844 1171 1039 1209 nostrum
1071 1167 1256 1208 sodalem
1289 1170 1330 1208 et
1363 1182 1411 1208 ex
1444 1167 1541 1207 duo-

209 1229 287 1269 bus
328 1228 449 1268 libris
488 1228 648 1268 contuli
686 1227 730 1267 in
763 1229 975 1280 quattuor.
1038 1225 1292 1267 Grandiores
1326 1229 1424 1266 sunt
1457 1240 1541 1266 om-

208 1288 327 1340 nino,
365 1301 490 1339 quam
528 1289 645 1326 erant
678 1285 754 1340 illi,
787 1285 857 1325 sed
882 1287 1023 1325 tamen
1053 1285 1188 1325 multa
1219 1284 1415 1325 detracta.
1477 1284 1540 1324 Tu

209 1348 350 1386 autem
391 1344 492 1385 1111111
538 1344 736 1398 pervelim
784 1343 958 1397 scribas,
1003 1344 1075 1397 qui
1118 1343 1377 1383 intellexeris
1421 1342 1541 1383 illum
1560 1360 1594 1383 20

210 1404 335 1457 velle3
379 1403 485 1443 illud
516 1417 614 1443 vero
647 1402 793 1456 utique
826 1402 930 1442 scire
962 1402 1098 1456 cupiO,
1131 1416 1252 1455 quem
1284 1401 1540 1442 intellexeris

211 1463 262 1503 ab
295 1476 343 1503 eo
376 1464 711 1515 ζηλοτυπεῖσθαι
742 1461 825 1501 nisi
856 1461 965 1501 forte
997 1460 1187 1501 Brutum.
1239 1459 1287 1500 Id
1317 1459 1455 1500 hercle
1480 1474 1541 1500 re-

211 1521 368 1561 stabat!
419 1519 501 1561 Sed
537 1522 678 1560 tamen
719 1519 823 1560 scire
860 1519 1071 1572 pervelim.
1133 1518 1252 1558 Libri
1284 1518 1449 1572 quidem
1481 1518 1541 1559 ita

212 1580 414 1633 exierunt,
444 1578 528 1619 nisi
560 1578 669 1619 forte
701 1592 767 1618 me
798 1578 1031 1618 communis
1061 1579 1269 1631 φιλαυτία
1295 1577 1463 1630 decipit,
1493 1579 1541 1616 ut

212 1640 256 1678 in
293 1638 367 1678 tali
410 1651 560 1691 genere
597 1651 648 1677 ne
687 1636 797 1689 apud
830 1635 1011 1677 Graecos
1051 1635 1219 1689 quidem
1261 1635 1396 1676 simile
1429 1635 1540 1688 quic-
1561 1651 1593 1676 25

212 1712 347 1750 quam.
415 1696 478 1736 Tu
516 1696 633 1736 illam
670 1695 875 1735 iacturam
915 1695 1021 1735 feres
1061 1708 1193 1747 aequo
1232 1694 1391 1748 animo,
1429 1693 1541 1747 quod

212 1755 295 1810 illa,
329 1769 433 1809 quae
464 1754 594 1795 habes
627 1753 676 1794 de
708 1752 980 1807 Academicis,
1012 1753 1170 1793 frustra
1196 1752 1405 1805 descripta
1431 1755 1540 1792 sunt.

211 1814 348 1854 Multo
388 1816 529 1854 tamen
565 1812 667 1852 haec
705 1814 827 1852 erunt
869 1811 1172 1865 splendidiora,
1210 1810 1422 1863 breviora,
1460 1825 1542 1851 me-

210 1873 327 1913 liora.
397 1870 521 1912 Nunc
565 1873 705 1910 autem
749 1870 916 1924 ἀπορῶ,
961 1884 1043 1923 quo
1084 1884 1150 1909 me
1193 1872 1364 1909 vertam.
1431 1868 1540 1909 Volo

212 1930 456 1971 Dolabellae
500 1929 618 1970 valde
663 1928 933 1982 desideranti,
978 1942 1065 1968 non
1110 1927 1289 1981 reperio,
1336 1927 1454 1980 quid,
1501 1929 1542 1967 et
1560 1943 1594 1968 30

213 1989 339 2029 simul
370 1987 583 2042 (αἰδέομαι
621 1987 783 2041 Τρῶας’
815 2001 960 2040 neque,
993 1987 1027 2026 si
1060 1986 1229 2039 aliquid,
1260 1988 1408 2039 potero
1440 1985 1541 2039 μέμ-

215 2056 290 2095 ψιν
328 2047 518 2100 effugere.
589 2045 678 2085 Aut
715 2045 961 2086 cessandum
998 2044 1131 2098 igitur
1167 2047 1239 2084 aut
1277 2044 1436 2097 aliquid
1475 2058 1541 2083 ex-

213 2105 493 2159 cogitandum.
557 2103 637 2145 Sed
670 2104 770 2157 quid
800 2103 902 2143 haec
932 2103 1041 2143 levia
1072 2102 1292 2143 curamus?

301 2163 445 2204 Attica
476 2177 580 2216 mea,
613 2162 784 2202 obsecro
816 2165 870 2216 te,
902 2161 1001 2214 quid
1028 2161 1144 2215 agit?
1194 2160 1307 2209 Quae
1332 2175 1398 2201 me
1422 2160 1540 2200 valde

215 2222 342 2275 angit.
395 2220 475 2262 Sed
507 2221 650 2261 crebro
683 2222 855 2275 regusto
887 2223 981 2260 tuas
1013 2219 1194 2273 litteras;
1225 2220 1270 2259 in
1302 2219 1369 2260 his
1404 2218 1541 2272 acqui·
1561 2233 1594 2259 35

214 2294 321 2320 esco.
382 2279 540 2320 Tamen
574 2281 767 2332 exspecto
799 2293 940 2319 novas.
