<?xml version="1.0" encoding="UTF-8"?>
<!DOCTYPE html PUBLIC "-//W3C//DTD XHTML 1.0 Transitional//EN"
    "http://www.w3.org/TR/xhtml1/DTD/xhtml1-transitional.dtd">
<html xmlns="http://www.w3.org/1999/xhtml" xml:lang="en" lang="en">
 <head>
  <title>
</title>
<meta http-equiv="Content-Type" content="text/html;charset=utf-8" />
  <meta name='ocr-system' content='tesseract 3.04.00' />
  <meta name='ocr-capabilities' content='ocr_page ocr_carea ocr_par ocr_line ocrx_word'/>
</head>
<body>
  <div class='ocr_page' id='page_1' title='image "./p2scriptaquaemanse03ciceuoft_0467.png"; bbox 0 0 1665 2553; ppageno 0'>
   <div class='ocr_carea' id='block_1_1' title="bbox 315 64 1450 110">
    <p class='ocr_par' dir='ltr' id='par_1_1' title="bbox 315 64 1450 110">
     <span class='ocr_line' id='line_1_1' title="bbox 315 64 1450 110; baseline 0.001 -10"><span class='ocrx_word' id='word_1_1' title='bbox 315 64 659 100; x_wconf 83' lang='lat' dir='ltr'><strong>EPISTULARUM</strong></span> <span class='ocrx_word' id='word_1_2' title='bbox 685 65 750 99; x_wconf 96' lang='lat' dir='ltr'>AD</span> <span class='ocrx_word' id='word_1_3' title='bbox 776 64 993 99; x_wconf 87' lang='lat' dir='ltr'><strong>ATTICUM</strong></span> <span class='ocrx_word' id='word_1_4' title='bbox 1018 65 1070 99; x_wconf 87' lang='lat' dir='ltr'>IX</span> <span class='ocrx_word' id='word_1_5' title='bbox 1098 70 1150 110; x_wconf 82' lang='lat'>14,</span> <span class='ocrx_word' id='word_1_6' title='bbox 1181 69 1234 101; x_wconf 84' lang='lat'>15.</span> <span class='ocrx_word' id='word_1_7' title='bbox 1364 66 1450 107; x_wconf 76' lang='lat'>285</span> 
     </span>
    </p>
   </div>
   <div class='ocr_carea' id='block_1_2' title="bbox 303 219 1254 418">
    <p class='ocr_par' dir='ltr' id='par_1_2' title="bbox 303 219 1254 418">
     <span class='ocr_line' id='line_1_2' title="bbox 729 219 821 261; baseline 0 0"><span class='ocrx_word' id='word_1_8' title='bbox 729 219 821 261; x_wconf 88' lang='lat' dir='ltr'>XV.</span> 
     </span>
     <span class='ocr_line' id='line_1_3' title="bbox 303 300 1254 345; baseline 0 -10"><span class='ocrx_word' id='word_1_9' title='bbox 303 301 377 336; x_wconf 74' lang='lat' dir='ltr'>Ser.</span> <span class='ocrx_word' id='word_1_10' title='bbox 399 301 439 335; x_wconf 70' lang='lat' dir='ltr'>in</span> <span class='ocrx_word' id='word_1_11' title='bbox 467 300 667 335; x_wconf 69' lang='lat' dir='ltr'>Formiano</span> <span class='ocrx_word' id='word_1_12' title='bbox 700 301 804 335; x_wconf 86' lang='lat' dir='ltr'><em>VIII</em></span> <span class='ocrx_word' id='word_1_13' title='bbox 825 301 872 335; x_wconf 88' lang='lat' dir='ltr'>K.</span> <span class='ocrx_word' id='word_1_14' title='bbox 894 301 986 345; x_wconf 74' lang='lat' dir='ltr'>Apr.</span> <span class='ocrx_word' id='word_1_15' title='bbox 1008 313 1040 335; x_wconf 78' lang='grc' dir='ltr'>α.</span> <span class='ocrx_word' id='word_1_16' title='bbox 1064 304 1135 336; x_wconf 76' lang='grc'>’705</span> <span class='ocrx_word' id='word_1_17' title='bbox 1163 303 1254 344; x_wconf 72' lang='lat'>(49).</span> 
     </span>
     <span class='ocr_line' id='line_1_4' title="bbox 507 382 1046 418; baseline 0.002 -1"><span class='ocrx_word' id='word_1_18' title='bbox 507 382 697 417; x_wconf 79' lang='lat' dir='ltr'><em>CICERO</em></span> <span class='ocrx_word' id='word_1_19' title='bbox 723 383 913 418; x_wconf 83' lang='lat' dir='ltr'><em>ATTICO</em></span> <span class='ocrx_word' id='word_1_20' title='bbox 938 383 1046 418; x_wconf 81' lang='lat' dir='ltr'>SAL.</span> 
     </span>
    </p>
   </div>
   <div class='ocr_carea' id='block_1_3' title="bbox 50 453 1451 980">
    <p class='ocr_par' dir='ltr' id='par_1_3' title="bbox 50 453 1451 980">
     <span class='ocr_line' id='line_1_5' title="bbox 193 453 1450 510; baseline 0 -14"><span class='ocrx_word' id='word_1_21' title='bbox 193 453 299 496; x_wconf 86' lang='lat' dir='ltr'>Cum</span> <span class='ocrx_word' id='word_1_22' title='bbox 338 455 543 496; x_wconf 80' lang='lat' dir='ltr'>dedissem</span> <span class='ocrx_word' id='word_1_23' title='bbox 584 455 633 496; x_wconf 87' lang='lat' dir='ltr'>ad</span> <span class='ocrx_word' id='word_1_24' title='bbox 671 458 714 496; x_wconf 90' lang='lat' dir='ltr'>te</span> <span class='ocrx_word' id='word_1_25' title='bbox 750 455 936 510; x_wconf 80' lang='lat' dir='ltr'>litteras,</span> <span class='ocrx_word' id='word_1_26' title='bbox 980 459 1028 496; x_wconf 90' lang='lat' dir='ltr'>ut</span> <span class='ocrx_word' id='word_1_27' title='bbox 1068 456 1195 497; x_wconf 79' lang='lat' dir='ltr'>scires</span> <span class='ocrx_word' id='word_1_28' title='bbox 1228 454 1450 496; x_wconf 84' lang='lat' dir='ltr'>Caesarem</span> 
     </span>
     <span class='ocr_line' id='line_1_6' title="bbox 65 513 1450 569; baseline -0.001 -13"><span class='ocrx_word' id='word_1_29' title='bbox 65 513 273 568; x_wconf 82' lang='lat' dir='ltr'>5Capuae</span> <span class='ocrx_word' id='word_1_30' title='bbox 310 526 375 554; x_wconf 78' lang='lat' dir='ltr'>VII</span> <span class='ocrx_word' id='word_1_31' title='bbox 412 514 505 554; x_wconf 84' lang='lat' dir='ltr'>Kal.</span> <span class='ocrx_word' id='word_1_32' title='bbox 547 514 656 568; x_wconf 84' lang='lat' dir='ltr'>fore,</span> <span class='ocrx_word' id='word_1_33' title='bbox 702 514 853 555; x_wconf 84' lang='lat' dir='ltr'>allatae</span> <span class='ocrx_word' id='word_1_34' title='bbox 894 515 1000 555; x_wconf 86' lang='lat' dir='ltr'>mihi</span> <span class='ocrx_word' id='word_1_35' title='bbox 1039 513 1184 569; x_wconf 79' lang='lat' dir='ltr'>Capua</span> <span class='ocrx_word' id='word_1_36' title='bbox 1222 518 1322 555; x_wconf 89' lang='lat' dir='ltr'>sunt</span> <span class='ocrx_word' id='word_1_37' title='bbox 1358 515 1450 567; x_wconf 80' lang='lat' dir='ltr'>†et</span> 
     </span>
     <span class='ocr_line' id='line_1_7' title="bbox 102 572 1450 627; baseline 0 -13"><span class='ocrx_word' id='word_1_38' title='bbox 102 573 185 614; x_wconf 87' lang='lat' dir='ltr'>hoc</span> <span class='ocrx_word' id='word_1_39' title='bbox 210 572 315 613; x_wconf 87' lang='lat' dir='ltr'>mihi</span> <span class='ocrx_word' id='word_1_40' title='bbox 342 575 384 613; x_wconf 89' lang='lat' dir='ltr'>et</span> <span class='ocrx_word' id='word_1_41' title='bbox 409 573 455 613; x_wconf 89' lang='lat' dir='ltr'>in</span> <span class='ocrx_word' id='word_1_42' title='bbox 474 572 642 614; x_wconf 87' lang='lat' dir='ltr'>Albano</span> <span class='ocrx_word' id='word_1_43' title='bbox 670 573 782 627; x_wconf 87' lang='lat' dir='ltr'>apud</span> <span class='ocrx_word' id='word_1_44' title='bbox 809 572 1038 614; x_wconf 81' lang='lat' dir='ltr'>Curionem</span> <span class='ocrx_word' id='word_1_45' title='bbox 1062 585 1092 614; x_wconf 87' lang='lat' dir='ltr'>V</span> <span class='ocrx_word' id='word_1_46' title='bbox 1118 573 1168 614; x_wconf 84' lang='lat' dir='ltr'>K.</span> <span class='ocrx_word' id='word_1_47' title='bbox 1191 573 1291 614; x_wconf 88' lang='lat' dir='ltr'>fore.</span> <span class='ocrx_word' id='word_1_48' title='bbox 1336 572 1450 614; x_wconf 87' lang='lat' dir='ltr'>Eum</span> 
     </span>
     <span class='ocr_line' id='line_1_8' title="bbox 104 631 1450 687; baseline 0.001 -15"><span class='ocrx_word' id='word_1_49' title='bbox 104 646 199 672; x_wconf 93' lang='lat' dir='ltr'>cum</span> <span class='ocrx_word' id='word_1_50' title='bbox 230 632 387 685; x_wconf 85' lang='lat' dir='ltr'>videro,</span> <span class='ocrx_word' id='word_1_51' title='bbox 419 631 631 685; x_wconf 82' lang='lat' dir='ltr'><strong>Arpinum</strong></span> <span class='ocrx_word' id='word_1_52' title='bbox 662 646 846 686; x_wconf 77' lang='lat' dir='ltr'>pergam.</span> <span class='ocrx_word' id='word_1_53' title='bbox 899 631 943 673; x_wconf 77' lang='lat' dir='ltr'>Si</span> <span class='ocrx_word' id='word_1_54' title='bbox 976 632 1082 673; x_wconf 87' lang='lat' dir='ltr'>mihi</span> <span class='ocrx_word' id='word_1_55' title='bbox 1113 633 1291 687; x_wconf 80' lang='lat' dir='ltr'>veniam,</span> <span class='ocrx_word' id='word_1_56' title='bbox 1323 646 1450 686; x_wconf 86' lang='lat' dir='ltr'>quam</span> 
     </span>
     <span class='ocr_line' id='line_1_9' title="bbox 103 690 1450 746; baseline 0 -14"><span class='ocrx_word' id='word_1_57' title='bbox 103 693 222 745; x_wconf 86' lang='lat' dir='ltr'>peto,</span> <span class='ocrx_word' id='word_1_58' title='bbox 261 690 439 744; x_wconf 79' lang='lat' dir='ltr'>dederit,</span> <span class='ocrx_word' id='word_1_59' title='bbox 478 693 575 731; x_wconf 85' lang='lat' dir='ltr'>utar</span> <span class='ocrx_word' id='word_1_60' title='bbox 606 691 722 731; x_wconf 88' lang='lat' dir='ltr'>illius</span> <span class='ocrx_word' id='word_1_61' title='bbox 755 691 1019 745; x_wconf 80' lang='lat' dir='ltr'>condicione3</span> <span class='ocrx_word' id='word_1_62' title='bbox 1064 691 1100 731; x_wconf 91' lang='lat' dir='ltr'>si</span> <span class='ocrx_word' id='word_1_63' title='bbox 1132 691 1285 746; x_wconf 90' lang='lat' dir='ltr'>minus,</span> <span class='ocrx_word' id='word_1_64' title='bbox 1322 691 1450 745; x_wconf 88' lang='lat' dir='ltr'>impe-</span> 
     </span>
     <span class='ocr_line' id='line_1_10' title="bbox 104 749 1450 805; baseline 0.001 -16"><span class='ocrx_word' id='word_1_65' title='bbox 104 749 228 790; x_wconf 88' lang='lat' dir='ltr'>trabo</span> <span class='ocrx_word' id='word_1_66' title='bbox 270 749 430 803; x_wconf 88' lang='lat' dir='ltr'>aliquid</span> <span class='ocrx_word' id='word_1_67' title='bbox 462 764 486 790; x_wconf 82' lang='lat' dir='ltr'>a</span> <span class='ocrx_word' id='word_1_68' title='bbox 517 764 582 790; x_wconf 83' lang='lat' dir='ltr'>me</span> <span class='ocrx_word' id='word_1_69' title='bbox 613 749 718 803; x_wconf 89' lang='lat' dir='ltr'>ipso.</span> <span class='ocrx_word' id='word_1_70' title='bbox 780 749 869 804; x_wconf 84' lang='lat' dir='ltr'>Ille,</span> <span class='ocrx_word' id='word_1_71' title='bbox 900 753 949 790; x_wconf 91' lang='lat' dir='ltr'>ut</span> <span class='ocrx_word' id='word_1_72' title='bbox 981 750 1032 791; x_wconf 91' lang='lat' dir='ltr'>ad</span> <span class='ocrx_word' id='word_1_73' title='bbox 1063 764 1129 790; x_wconf 85' lang='lat' dir='ltr'>me</span> <span class='ocrx_word' id='word_1_74' title='bbox 1163 750 1351 805; x_wconf 86' lang='lat' dir='ltr'>scripsit,</span> <span class='ocrx_word' id='word_1_75' title='bbox 1390 750 1450 790; x_wconf 87' lang='lat' dir='ltr'>le-</span> 
     </span>
     <span class='ocr_line' id='line_1_11' title="bbox 50 807 1449 863; baseline -0.001 -12"><span class='ocrx_word' id='word_1_76' title='bbox 50 826 85 851; x_wconf 84' lang='lat'>10</span> <span class='ocrx_word' id='word_1_77' title='bbox 105 808 251 863; x_wconf 83' lang='lat' dir='ltr'>giones</span> <span class='ocrx_word' id='word_1_78' title='bbox 303 808 492 863; x_wconf 80' lang='lat' dir='ltr'>singulas</span> <span class='ocrx_word' id='word_1_79' title='bbox 543 808 688 862; x_wconf 88' lang='lat' dir='ltr'>posuit</span> <span class='ocrx_word' id='word_1_80' title='bbox 737 808 960 862; x_wconf 78' lang='lat' dir='ltr'>Brundisi,</span> <span class='ocrx_word' id='word_1_81' title='bbox 1017 808 1211 863; x_wconf 86' lang='lat' dir='ltr'>Tarenti,</span> <span class='ocrx_word' id='word_1_82' title='bbox 1269 807 1449 863; x_wconf 77' lang='lat' dir='ltr'>Siponti.</span> 
     </span>
     <span class='ocr_line' id='line_1_12' title="bbox 106 866 1450 921; baseline 0 -13"><span class='ocrx_word' id='word_1_83' title='bbox 106 866 309 908; x_wconf 84' lang='lat' dir='ltr'>Claudere</span> <span class='ocrx_word' id='word_1_84' title='bbox 341 867 447 907; x_wconf 88' lang='lat' dir='ltr'>mihi</span> <span class='ocrx_word' id='word_1_85' title='bbox 479 866 646 907; x_wconf 84' lang='lat' dir='ltr'>videtur</span> <span class='ocrx_word' id='word_1_86' title='bbox 676 868 913 908; x_wconf 85' lang='lat' dir='ltr'>maritimos</span> <span class='ocrx_word' id='word_1_87' title='bbox 947 867 1085 908; x_wconf 80' lang='lat' dir='ltr'>exitus</span> <span class='ocrx_word' id='word_1_88' title='bbox 1118 871 1160 909; x_wconf 89' lang='lat' dir='ltr'>et</span> <span class='ocrx_word' id='word_1_89' title='bbox 1192 871 1334 908; x_wconf 90' lang='lat' dir='ltr'>tamen</span> <span class='ocrx_word' id='word_1_90' title='bbox 1360 869 1450 921; x_wconf 89' lang='lat' dir='ltr'>ipse</span> 
     </span>
     <span class='ocr_line' id='line_1_13' title="bbox 106 924 1451 980; baseline 0.001 -14"><span class='ocrx_word' id='word_1_91' title='bbox 106 924 324 966; x_wconf 80' lang='lat' dir='ltr'>Graeciam</span> <span class='ocrx_word' id='word_1_92' title='bbox 362 928 550 979; x_wconf 85' lang='lat' dir='ltr'>spectare</span> <span class='ocrx_word' id='word_1_93' title='bbox 586 926 730 980; x_wconf 85' lang='lat' dir='ltr'>potius</span> <span class='ocrx_word' id='word_1_94' title='bbox 771 941 897 980; x_wconf 87' lang='lat' dir='ltr'>quam</span> <span class='ocrx_word' id='word_1_95' title='bbox 928 926 1169 980; x_wconf 78' lang='lat' dir='ltr'>Hispanias.</span> <span class='ocrx_word' id='word_1_96' title='bbox 1232 925 1311 968; x_wconf 82' lang='lat' dir='ltr'>Sed</span> <span class='ocrx_word' id='word_1_97' title='bbox 1347 926 1451 967; x_wconf 83' lang='lat' dir='ltr'>haec</span> 
     </span>
    </p>
   </div>
   <div class='ocr_carea' id='block_1_4' title="bbox 104 984 1514 1040">
    <p class='ocr_par' dir='ltr' id='par_1_4' title="bbox 104 984 1514 1040">
     <span class='ocr_line' id='line_1_14' title="bbox 104 984 1514 1040; baseline 0.001 -15"><span class='ocrx_word' id='word_1_98' title='bbox 104 984 276 1039; x_wconf 80' lang='lat' dir='ltr'>longius</span> <span class='ocrx_word' id='word_1_99' title='bbox 309 984 475 1025; x_wconf 86' lang='lat' dir='ltr'>absunt.</span> <span class='ocrx_word' id='word_1_100' title='bbox 538 984 606 1025; x_wconf 88' lang='lat' dir='ltr'>Me</span> <span class='ocrx_word' id='word_1_101' title='bbox 637 999 749 1025; x_wconf 88' lang='lat' dir='ltr'>nunc</span> <span class='ocrx_word' id='word_1_102' title='bbox 781 988 822 1025; x_wconf 88' lang='lat' dir='ltr'>et</span> <span class='ocrx_word' id='word_1_103' title='bbox 855 999 1108 1040; x_wconf 77' lang='lat' dir='ltr'>congressus</span> <span class='ocrx_word' id='word_1_104' title='bbox 1141 985 1269 1026; x_wconf 89' lang='lat' dir='ltr'>huius</span> <span class='ocrx_word' id='word_1_105' title='bbox 1303 985 1450 1026; x_wconf 90' lang='lat' dir='ltr'>stimu-</span> <span class='ocrx_word' id='word_1_106' title='bbox 1506 995 1514 998; x_wconf 76' lang='grc'><em>”</em></span> 
     </span>
    </p>
   </div>
   <div class='ocr_carea' id='block_1_5' title="bbox 52 1042 1455 2327">
    <p class='ocr_par' dir='ltr' id='par_1_5' title="bbox 52 1042 1455 2327">
     <span class='ocr_line' id='line_1_15' title="bbox 103 1042 1447 1099; baseline 0.001 -16"><span class='ocrx_word' id='word_1_107' title='bbox 103 1043 165 1083; x_wconf 86' lang='lat' dir='ltr'>lat</span> <span class='ocrx_word' id='word_1_108' title='bbox 210 1043 272 1095; x_wconf 86' lang='lat' dir='ltr'>(is</span> <span class='ocrx_word' id='word_1_109' title='bbox 309 1057 408 1084; x_wconf 85' lang='lat' dir='ltr'>vero</span> <span class='ocrx_word' id='word_1_110' title='bbox 448 1042 607 1099; x_wconf 84' lang='lat' dir='ltr'>adest),</span> <span class='ocrx_word' id='word_1_111' title='bbox 652 1046 693 1084; x_wconf 93' lang='lat' dir='ltr'>et</span> <span class='ocrx_word' id='word_1_112' title='bbox 732 1044 890 1097; x_wconf 87' lang='lat' dir='ltr'>primas</span> <span class='ocrx_word' id='word_1_113' title='bbox 930 1044 1020 1084; x_wconf 89' lang='lat' dir='ltr'>eius</span> <span class='ocrx_word' id='word_1_114' title='bbox 1059 1044 1246 1085; x_wconf 74' lang='lat' dir='ltr'>actiones</span> <span class='ocrx_word' id='word_1_115' title='bbox 1284 1044 1447 1086; x_wconf 86' lang='lat' dir='ltr'>horreo.</span> 
     </span>
     <span class='ocr_line' id='line_1_16' title="bbox 52 1100 1451 1158; baseline -0.001 -13"><span class='ocrx_word' id='word_1_116' title='bbox 52 1120 85 1145; x_wconf 86' lang='lat'>15</span> <span class='ocrx_word' id='word_1_117' title='bbox 104 1101 233 1142; x_wconf 86' lang='lat' dir='ltr'>Volet</span> <span class='ocrx_word' id='word_1_118' title='bbox 265 1102 395 1156; x_wconf 89' lang='lat' dir='ltr'>enim,</span> <span class='ocrx_word' id='word_1_119' title='bbox 434 1103 567 1156; x_wconf 87' lang='lat' dir='ltr'>credo,</span> <span class='ocrx_word' id='word_1_120' title='bbox 610 1100 649 1143; x_wconf 71' lang='lat' dir='ltr'>S.</span> <span class='ocrx_word' id='word_1_121' title='bbox 678 1101 720 1143; x_wconf 84' lang='lat' dir='ltr'>C.</span> <span class='ocrx_word' id='word_1_122' title='bbox 748 1103 895 1157; x_wconf 79' lang='lat' dir='ltr'>facere,</span> <span class='ocrx_word' id='word_1_123' title='bbox 926 1103 1041 1143; x_wconf 76' lang='lat' dir='ltr'>volet</span> <span class='ocrx_word' id='word_1_124' title='bbox 1074 1117 1284 1158; x_wconf 82' lang='lat' dir='ltr'>augurum</span> <span class='ocrx_word' id='word_1_125' title='bbox 1315 1103 1451 1144; x_wconf 89' lang='lat' dir='ltr'>decre-</span> 
     </span>
     <span class='ocr_line' id='line_1_17' title="bbox 104 1159 1451 1217; baseline 0.001 -16"><span class='ocrx_word' id='word_1_126' title='bbox 104 1163 197 1201; x_wconf 89' lang='lat' dir='ltr'>tum</span> <span class='ocrx_word' id='word_1_127' title='bbox 235 1159 473 1216; x_wconf 72' lang='lat' dir='ltr'>(rapiemur</span> <span class='ocrx_word' id='word_1_128' title='bbox 515 1164 587 1201; x_wconf 82' lang='lat' dir='ltr'>aut</span> <span class='ocrx_word' id='word_1_129' title='bbox 619 1161 814 1202; x_wconf 84' lang='lat' dir='ltr'>absentes</span> <span class='ocrx_word' id='word_1_130' title='bbox 847 1160 1145 1217; x_wconf 77' lang='lat' dir='ltr'>vexabimur),</span> <span class='ocrx_word' id='word_1_131' title='bbox 1177 1162 1245 1203; x_wconf 77' lang='lat' dir='ltr'>vel</span> <span class='ocrx_word' id='word_1_132' title='bbox 1275 1165 1323 1202; x_wconf 88' lang='lat' dir='ltr'>ut</span> <span class='ocrx_word' id='word_1_133' title='bbox 1356 1176 1451 1203; x_wconf 89' lang='lat' dir='ltr'>con-</span> 
     </span>
     <span class='ocr_line' id='line_1_18' title="bbox 105 1219 1451 1275; baseline 0.001 -15"><span class='ocrx_word' id='word_1_134' title='bbox 105 1219 217 1260; x_wconf 92' lang='lat' dir='ltr'>sules</span> <span class='ocrx_word' id='word_1_135' title='bbox 255 1222 378 1274; x_wconf 81' lang='lat' dir='ltr'>roget</span> <span class='ocrx_word' id='word_1_136' title='bbox 415 1222 586 1273; x_wconf 84' lang='lat' dir='ltr'>praetor</span> <span class='ocrx_word' id='word_1_137' title='bbox 624 1220 691 1260; x_wconf 83' lang='lat' dir='ltr'>vel</span> <span class='ocrx_word' id='word_1_138' title='bbox 727 1224 772 1261; x_wconf 70' lang='lat' dir='ltr'>ut</span> <span class='ocrx_word' id='word_1_139' title='bbox 812 1220 1063 1261; x_wconf 85' lang='lat' dir='ltr'>dictatorem</span> <span class='ocrx_word' id='word_1_140' title='bbox 1095 1221 1223 1275; x_wconf 69' lang='lat' dir='ltr'>dicat,</span> <span class='ocrx_word' id='word_1_141' title='bbox 1270 1235 1451 1275; x_wconf 88' lang='lat' dir='ltr'>quorum</span> 
     </span>
     <span class='ocr_line' id='line_1_19' title="bbox 103 1278 1451 1333; baseline 0.001 -15"><span class='ocrx_word' id='word_1_142' title='bbox 103 1281 301 1319; x_wconf 86' lang='lat' dir='ltr'>neutrum</span> <span class='ocrx_word' id='word_1_143' title='bbox 332 1278 397 1319; x_wconf 90' lang='lat' dir='ltr'>ius</span> <span class='ocrx_word' id='word_1_144' title='bbox 431 1281 506 1319; x_wconf 88' lang='lat' dir='ltr'>est.</span> <span class='ocrx_word' id='word_1_145' title='bbox 556 1278 664 1332; x_wconf 66' lang='lat' dir='ltr'>Etsi,</span> <span class='ocrx_word' id='word_1_146' title='bbox 698 1279 734 1319; x_wconf 90' lang='lat' dir='ltr'>si</span> <span class='ocrx_word' id='word_1_147' title='bbox 767 1278 884 1320; x_wconf 80' lang='lat' dir='ltr'>Sulla</span> <span class='ocrx_word' id='word_1_148' title='bbox 916 1279 1059 1333; x_wconf 89' lang='lat' dir='ltr'>potuit</span> <span class='ocrx_word' id='word_1_149' title='bbox 1091 1280 1268 1332; x_wconf 84' lang='lat' dir='ltr'>efficere,</span> <span class='ocrx_word' id='word_1_150' title='bbox 1301 1280 1353 1320; x_wconf 86' lang='lat' dir='ltr'>ab</span> <span class='ocrx_word' id='word_1_151' title='bbox 1386 1280 1451 1320; x_wconf 89' lang='lat' dir='ltr'>in-</span> 
     </span>
     <span class='ocr_line' id='line_1_20' title="bbox 105 1337 1451 1393; baseline 0.001 -16"><span class='ocrx_word' id='word_1_152' title='bbox 105 1339 269 1391; x_wconf 83' lang='lat' dir='ltr'>terrege</span> <span class='ocrx_word' id='word_1_153' title='bbox 312 1339 360 1377; x_wconf 89' lang='lat' dir='ltr'>ut</span> <span class='ocrx_word' id='word_1_154' title='bbox 405 1337 586 1378; x_wconf 81' lang='lat' dir='ltr'>dictator</span> <span class='ocrx_word' id='word_1_155' title='bbox 630 1337 838 1378; x_wconf 86' lang='lat' dir='ltr'>diceretur</span> <span class='ocrx_word' id='word_1_156' title='bbox 884 1338 945 1392; x_wconf 90' lang='lat' dir='ltr'>[et</span> <span class='ocrx_word' id='word_1_157' title='bbox 984 1339 1188 1384; x_wconf 56' lang='lat' dir='ltr'>maa-istm</span> <span class='ocrx_word' id='word_1_158' title='bbox 1227 1338 1451 1393; x_wconf 86' lang='lat' dir='ltr'>equitum],</span> 
     </span>
     <span class='ocr_line' id='line_1_21' title="bbox 53 1395 1451 1452; baseline 0 -14"><span class='ocrx_word' id='word_1_159' title='bbox 53 1414 87 1438; x_wconf 82' lang='lat'>20</span> <span class='ocrx_word' id='word_1_160' title='bbox 106 1409 180 1436; x_wconf 84' lang='lat' dir='ltr'>our</span> <span class='ocrx_word' id='word_1_161' title='bbox 210 1395 280 1436; x_wconf 89' lang='lat' dir='ltr'>hic</span> <span class='ocrx_word' id='word_1_162' title='bbox 310 1410 396 1436; x_wconf 87' lang='lat' dir='ltr'>non</span> <span class='ocrx_word' id='word_1_163' title='bbox 428 1396 593 1449; x_wconf 75' lang='lat' dir='ltr'>possit?</span> <span class='ocrx_word' id='word_1_164' title='bbox 637 1395 760 1437; x_wconf 86' lang='lat' dir='ltr'>Nihil</span> <span class='ocrx_word' id='word_1_165' title='bbox 791 1397 980 1452; x_wconf 79' lang='lat' dir='ltr'>expedio,</span> <span class='ocrx_word' id='word_1_166' title='bbox 1010 1397 1093 1438; x_wconf 85' lang='lat' dir='ltr'>nisi</span> <span class='ocrx_word' id='word_1_167' title='bbox 1119 1399 1167 1438; x_wconf 94' lang='lat' dir='ltr'>ut</span> <span class='ocrx_word' id='word_1_168' title='bbox 1194 1400 1267 1438; x_wconf 87' lang='lat' dir='ltr'>aut</span> <span class='ocrx_word' id='word_1_169' title='bbox 1293 1397 1345 1438; x_wconf 89' lang='lat' dir='ltr'>ab</span> <span class='ocrx_word' id='word_1_170' title='bbox 1372 1397 1451 1438; x_wconf 86' lang='lat' dir='ltr'>hoc</span> 
     </span>
     <span class='ocr_line' id='line_1_22' title="bbox 106 1445 1396 1510; baseline 0.002 -16"><span class='ocrx_word' id='word_1_171' title='bbox 106 1456 324 1507; x_wconf 84' lang='lat' dir='ltr'>tamquam</span> <span class='ocrx_word' id='word_1_172' title='bbox 355 1453 400 1502; x_wconf 95' lang='lat' dir='ltr'>Q.</span> <span class='ocrx_word' id='word_1_173' title='bbox 428 1445 591 1496; x_wconf 76' lang='lat' dir='ltr'>Mucius</span> <span class='ocrx_word' id='word_1_174' title='bbox 625 1458 698 1495; x_wconf 85' lang='lat' dir='ltr'>aut</span> <span class='ocrx_word' id='word_1_175' title='bbox 731 1455 782 1496; x_wconf 82' lang='lat' dir='ltr'>ab</span> <span class='ocrx_word' id='word_1_176' title='bbox 814 1456 888 1496; x_wconf 91' lang='lat' dir='ltr'>illo</span> <span class='ocrx_word' id='word_1_177' title='bbox 922 1458 1140 1509; x_wconf 84' lang='lat' dir='ltr'>tamquam</span> <span class='ocrx_word' id='word_1_178' title='bbox 1171 1455 1216 1496; x_wconf 89' lang='lat' dir='ltr'>L.</span> <span class='ocrx_word' id='word_1_179' title='bbox 1245 1454 1396 1510; x_wconf 75' lang='lat' dir='ltr'>Scipio.</span> 
     </span>
     <span class='ocr_line' id='line_1_23' title="bbox 197 1512 1451 1568; baseline 0.002 -16"><span class='ocrx_word' id='word_1_180' title='bbox 197 1512 302 1553; x_wconf 82' lang='lat' dir='ltr'>Cum</span> <span class='ocrx_word' id='word_1_181' title='bbox 342 1514 389 1553; x_wconf 88' lang='lat' dir='ltr'>tu</span> <span class='ocrx_word' id='word_1_182' title='bbox 421 1512 523 1554; x_wconf 87' lang='lat' dir='ltr'>haec</span> <span class='ocrx_word' id='word_1_183' title='bbox 555 1514 687 1567; x_wconf 82' lang='lat' dir='ltr'>leges,</span> <span class='ocrx_word' id='word_1_184' title='bbox 727 1528 804 1568; x_wconf 86' lang='lat' dir='ltr'>eoo</span> <span class='ocrx_word' id='word_1_185' title='bbox 836 1514 958 1555; x_wconf 87' lang='lat' dir='ltr'>illum</span> <span class='ocrx_word' id='word_1_186' title='bbox 989 1515 1172 1555; x_wconf 87' lang='lat' dir='ltr'>fortasse</span> <span class='ocrx_word' id='word_1_187' title='bbox 1205 1529 1451 1555; x_wconf 73' lang='lat' dir='ltr'>convenero</span> 
     </span>
     <span class='ocr_line' id='line_1_24' title="bbox 109 1571 1452 1627; baseline 0.001 -15"><span class='ocrx_word' id='word_1_188' title='bbox 109 1571 345 1612; x_wconf 56' lang='grc' dir='ltr'>εΤέ’τλοιθι.</span> <span class='ocrx_word' id='word_1_189' title='bbox 408 1571 668 1625; x_wconf 55' lang='lat' dir='ltr'>‘Kuvnoov’</span> <span class='ocrx_word' id='word_1_190' title='bbox 709 1587 760 1613; x_wconf 89' lang='lat' dir='ltr'>ne</span> <span class='ocrx_word' id='word_1_191' title='bbox 793 1572 898 1612; x_wconf 89' lang='lat' dir='ltr'>illud</span> <span class='ocrx_word' id='word_1_192' title='bbox 931 1573 1101 1626; x_wconf 85' lang='lat' dir='ltr'>quidem</span> <span class='ocrx_word' id='word_1_193' title='bbox 1130 1576 1327 1614; x_wconf 78' lang='lat' dir='ltr'>nostium</span> <span class='ocrx_word' id='word_1_194' title='bbox 1358 1588 1452 1627; x_wconf 88' lang='lat' dir='ltr'>pro—</span> 
     </span>
     <span class='ocr_line' id='line_1_25' title="bbox 107 1629 1451 1685; baseline 0.002 -15"><span class='ocrx_word' id='word_1_195' title='bbox 107 1630 258 1684; x_wconf 88' lang='lat' dir='ltr'>prium.</span> <span class='ocrx_word' id='word_1_196' title='bbox 321 1629 428 1670; x_wconf 89' lang='lat' dir='ltr'>Erat</span> <span class='ocrx_word' id='word_1_197' title='bbox 473 1630 584 1670; x_wconf 88' lang='lat' dir='ltr'>enim</span> <span class='ocrx_word' id='word_1_198' title='bbox 629 1645 723 1684; x_wconf 87' lang='lat' dir='ltr'>spes</span> <span class='ocrx_word' id='word_1_199' title='bbox 762 1631 993 1684; x_wconf 84' lang='lat' dir='ltr'>propinqui</span> <span class='ocrx_word' id='word_1_200' title='bbox 1029 1632 1208 1685; x_wconf 85' lang='lat' dir='ltr'>reditus,</span> <span class='ocrx_word' id='word_1_201' title='bbox 1253 1634 1341 1672; x_wconf 83' lang='lat' dir='ltr'>erat</span> <span class='ocrx_word' id='word_1_202' title='bbox 1378 1631 1451 1672; x_wconf 84' lang='lat' dir='ltr'>ho-</span> 
     </span>
     <span class='ocr_line' id='line_1_26' title="bbox 56 1665 1452 1744; baseline -0.001 -12"><span class='ocrx_word' id='word_1_203' title='bbox 56 1706 89 1732; x_wconf 85' lang='lat'>25</span> <span class='ocrx_word' id='word_1_204' title='bbox 109 1689 273 1729; x_wconf 85' lang='lat' dir='ltr'>minum</span> <span class='ocrx_word' id='word_1_205' title='bbox 306 1689 486 1742; x_wconf 74' lang='lat' dir='ltr'>querela.</span> <span class='ocrx_word' id='word_1_206' title='bbox 536 1687 661 1729; x_wconf 78' lang='lat' dir='ltr'>Nunc</span> <span class='ocrx_word' id='word_1_207' title='bbox 694 1689 806 1729; x_wconf 72' lang='lat' dir='ltr'>exile</span> <span class='ocrx_word' id='word_1_208' title='bbox 833 1690 1039 1744; x_wconf 86' lang='lat' dir='ltr'>cupimus,</span> <span class='ocrx_word' id='word_1_209' title='bbox 1071 1705 1153 1743; x_wconf 86' lang='lat' dir='ltr'>qua</span> <span class='ocrx_word' id='word_1_210' title='bbox 1180 1665 1252 1743; x_wconf 67' lang='lat' dir='ltr'>s⁷pe</span> <span class='ocrx_word' id='word_1_211' title='bbox 1278 1690 1452 1744; x_wconf 77' lang='lat' dir='ltr'>redituS,</span> 
     </span>
     <span class='ocr_line' id='line_1_27' title="bbox 107 1747 1450 1801; baseline 0.001 -14"><span class='ocrx_word' id='word_1_212' title='bbox 107 1747 213 1788; x_wconf 87' lang='lat' dir='ltr'>mihi</span> <span class='ocrx_word' id='word_1_213' title='bbox 252 1747 420 1801; x_wconf 85' lang='lat' dir='ltr'>quidem</span> <span class='ocrx_word' id='word_1_214' title='bbox 452 1762 684 1801; x_wconf 81' lang='lat' dir='ltr'>numquam</span> <span class='ocrx_word' id='word_1_215' title='bbox 716 1747 760 1787; x_wconf 88' lang='lat' dir='ltr'>in</span> <span class='ocrx_word' id='word_1_216' title='bbox 791 1750 975 1788; x_wconf 88' lang='lat' dir='ltr'>mentem</span> <span class='ocrx_word' id='word_1_217' title='bbox 1005 1748 1134 1788; x_wconf 72' lang='lat' dir='ltr'>venit.</span> <span class='ocrx_word' id='word_1_218' title='bbox 1195 1747 1295 1789; x_wconf 84' lang='lat' dir='ltr'>Non</span> <span class='ocrx_word' id='word_1_219' title='bbox 1326 1749 1450 1789; x_wconf 90' lang='lat' dir='ltr'>modo</span> 
     </span>
     <span class='ocr_line' id='line_1_28' title="bbox 110 1806 1451 1859; baseline 0.001 -13"><span class='ocrx_word' id='word_1_220' title='bbox 110 1808 251 1846; x_wconf 85' lang='lat' dir='ltr'>autem</span> <span class='ocrx_word' id='word_1_221' title='bbox 282 1806 400 1846; x_wconf 87' lang='lat' dir='ltr'>nulla</span> <span class='ocrx_word' id='word_1_222' title='bbox 433 1806 601 1859; x_wconf 84' lang='lat' dir='ltr'>querela</span> <span class='ocrx_word' id='word_1_223' title='bbox 634 1808 697 1846; x_wconf 89' lang='lat' dir='ltr'>est</span> <span class='ocrx_word' id='word_1_224' title='bbox 723 1806 1043 1859; x_wconf 82' lang='lat' dir='ltr'>municipalium</span> <span class='ocrx_word' id='word_1_225' title='bbox 1067 1806 1287 1847; x_wconf 85' lang='lat' dir='ltr'>hominum</span> <span class='ocrx_word' id='word_1_226' title='bbox 1313 1821 1360 1847; x_wconf 89' lang='lat' dir='ltr'>ac</span> <span class='ocrx_word' id='word_1_227' title='bbox 1385 1822 1451 1847; x_wconf 89' lang='lat' dir='ltr'>ru-</span> 
     </span>
     <span class='ocr_line' id='line_1_29' title="bbox 112 1865 1452 1919; baseline 0.001 -14"><span class='ocrx_word' id='word_1_228' title='bbox 112 1865 326 1919; x_wconf 87' lang='lat' dir='ltr'>sticorum,</span> <span class='ocrx_word' id='word_1_229' title='bbox 346 1865 417 1905; x_wconf 88' lang='lat' dir='ltr'>sed</span> <span class='ocrx_word' id='word_1_230' title='bbox 443 1868 590 1905; x_wconf 84' lang='lat' dir='ltr'>contra</span> <span class='ocrx_word' id='word_1_231' title='bbox 616 1867 811 1905; x_wconf 83' lang='lat' dir='ltr'>metuunt</span> <span class='ocrx_word' id='word_1_232' title='bbox 837 1868 885 1905; x_wconf 88' lang='lat' dir='ltr'>ut</span> <span class='ocrx_word' id='word_1_233' title='bbox 911 1865 1132 1918; x_wconf 79' lang='lat' dir='ltr'>crudelem,</span> <span class='ocrx_word' id='word_1_234' title='bbox 1152 1865 1319 1906; x_wconf 88' lang='lat' dir='ltr'>iratum.</span> <span class='ocrx_word' id='word_1_235' title='bbox 1363 1865 1452 1906; x_wconf 89' lang='lat' dir='ltr'>Nec</span> 
     </span>
     <span class='ocr_line' id='line_1_30' title="bbox 111 1923 1451 1977; baseline 0.001 -14"><span class='ocrx_word' id='word_1_236' title='bbox 111 1924 255 1963; x_wconf 83' lang='lat' dir='ltr'>tamen</span> <span class='ocrx_word' id='word_1_237' title='bbox 290 1923 395 1964; x_wconf 88' lang='lat' dir='ltr'>mihi</span> <span class='ocrx_word' id='word_1_238' title='bbox 438 1923 662 1977; x_wconf 85' lang='lat' dir='ltr'>quicquam</span> <span class='ocrx_word' id='word_1_239' title='bbox 702 1926 765 1963; x_wconf 82' lang='lat' dir='ltr'>est</span> <span class='ocrx_word' id='word_1_240' title='bbox 802 1923 996 1964; x_wconf 86' lang='lat' dir='ltr'>miserius</span> <span class='ocrx_word' id='word_1_241' title='bbox 1040 1938 1165 1977; x_wconf 86' lang='lat' dir='ltr'>quam</span> <span class='ocrx_word' id='word_1_242' title='bbox 1204 1924 1451 1965; x_wconf 85' lang='lat' dir='ltr'>remansisse</span> 
     </span>
     <span class='ocr_line' id='line_1_31' title="bbox 59 1982 1453 2036; baseline 0 -13"><span class='ocrx_word' id='word_1_243' title='bbox 59 1999 93 2023; x_wconf 79' lang='lat'>30</span> <span class='ocrx_word' id='word_1_244' title='bbox 112 1995 187 2021; x_wconf 86' lang='lat' dir='ltr'>nec</span> <span class='ocrx_word' id='word_1_245' title='bbox 223 1982 410 2034; x_wconf 83' lang='lat' dir='ltr'>optatius</span> <span class='ocrx_word' id='word_1_246' title='bbox 438 1997 564 2035; x_wconf 83' lang='lat' dir='ltr'>quam</span> <span class='ocrx_word' id='word_1_247' title='bbox 597 1982 761 2022; x_wconf 79' lang='lat' dir='ltr'>evolare</span> <span class='ocrx_word' id='word_1_248' title='bbox 793 1996 879 2022; x_wconf 89' lang='lat' dir='ltr'>non</span> <span class='ocrx_word' id='word_1_249' title='bbox 911 1985 998 2022; x_wconf 86' lang='lat' dir='ltr'>tam</span> <span class='ocrx_word' id='word_1_250' title='bbox 1031 1982 1081 2022; x_wconf 84' lang='lat' dir='ltr'>ad</span> <span class='ocrx_word' id='word_1_251' title='bbox 1115 1982 1216 2022; x_wconf 85' lang='lat' dir='ltr'>belli</span> <span class='ocrx_word' id='word_1_252' title='bbox 1243 1997 1369 2036; x_wconf 85' lang='lat' dir='ltr'>quam</span> <span class='ocrx_word' id='word_1_253' title='bbox 1401 1983 1453 2023; x_wconf 90' lang='lat' dir='ltr'>ad</span> 
     </span>
     <span class='ocr_line' id='line_1_32' title="bbox 112 2039 1453 2094; baseline 0.002 -15"><span class='ocrx_word' id='word_1_254' title='bbox 112 2039 237 2093; x_wconf 80' lang='lat' dir='ltr'>fugae</span> <span class='ocrx_word' id='word_1_255' title='bbox 264 2040 517 2082; x_wconf 84' lang='lat' dir='ltr'>societatem.</span> <span class='ocrx_word' id='word_1_256' title='bbox 555 2040 674 2094; x_wconf 68' lang='lat' dir='ltr'>’&#39;sSed</span> <span class='ocrx_word' id='word_1_257' title='bbox 699 2043 746 2080; x_wconf 85' lang='lat' dir='ltr'>tu</span> <span class='ocrx_word' id='word_1_258' title='bbox 774 2041 914 2081; x_wconf 84' lang='lat' dir='ltr'>omnia</span> <span class='ocrx_word' id='word_1_259' title='bbox 941 2041 1013 2094; x_wconf 83' lang='lat' dir='ltr'>qui</span> <span class='ocrx_word' id='word_1_260' title='bbox 1033 2041 1210 2081; x_wconf 84' lang='lat' dir='ltr'>consilia</span> <span class='ocrx_word' id='word_1_261' title='bbox 1231 2041 1453 2082; x_wconf 84' lang='lat' dir='ltr'>differebas</span> 
     </span>
     <span class='ocr_line' id='line_1_33' title="bbox 113 2097 1453 2153; baseline 0.002 -16"><span class='ocrx_word' id='word_1_262' title='bbox 113 2098 159 2137; x_wconf 89' lang='lat' dir='ltr'>in</span> <span class='ocrx_word' id='word_1_263' title='bbox 183 2097 227 2137; x_wconf 91' lang='lat' dir='ltr'>id</span> <span class='ocrx_word' id='word_1_264' title='bbox 251 2100 430 2153; x_wconf 80' lang='lat' dir='ltr'>tempus,</span> <span class='ocrx_word' id='word_1_265' title='bbox 462 2114 557 2140; x_wconf 90' lang='lat' dir='ltr'>cum</span> <span class='ocrx_word' id='word_1_266' title='bbox 584 2099 795 2152; x_wconf 76' lang='lat' dir='ltr'>sciremus,</span> <span class='ocrx_word' id='word_1_267' title='bbox 823 2114 928 2153; x_wconf 88' lang='lat' dir='ltr'>quae</span> <span class='ocrx_word' id='word_1_268' title='bbox 954 2099 1155 2139; x_wconf 80' lang='lat' dir='ltr'>Brundisi</span> <span class='ocrx_word' id='word_1_269' title='bbox 1182 2102 1275 2140; x_wconf 86' lang='lat' dir='ltr'>acta</span> <span class='ocrx_word' id='word_1_270' title='bbox 1301 2103 1453 2141; x_wconf 88' lang='lat' dir='ltr'>essent.</span> 
     </span>
     <span class='ocr_line' id='line_1_34' title="bbox 115 2155 1454 2212; baseline 0.002 -16"><span class='ocrx_word' id='word_1_271' title='bbox 115 2155 279 2197; x_wconf 84' lang='lat' dir='ltr'>Scimus</span> <span class='ocrx_word' id='word_1_272' title='bbox 322 2170 492 2212; x_wconf 82' lang='lat' dir='ltr'>nempe3</span> <span class='ocrx_word' id='word_1_273' title='bbox 548 2158 769 2198; x_wconf 86' lang='lat' dir='ltr'>haeremus</span> <span class='ocrx_word' id='word_1_274' title='bbox 813 2158 949 2198; x_wconf 88' lang='lat' dir='ltr'>nihilo</span> <span class='ocrx_word' id='word_1_275' title='bbox 994 2157 1146 2198; x_wconf 92' lang='lat' dir='ltr'>minus.</span> <span class='ocrx_word' id='word_1_276' title='bbox 1213 2157 1298 2198; x_wconf 75' lang='lat' dir='ltr'>Vix</span> <span class='ocrx_word' id='word_1_277' title='bbox 1343 2158 1454 2199; x_wconf 89' lang='lat' dir='ltr'>enim</span> 
     </span>
     <span class='ocr_line' id='line_1_35' title="bbox 116 2214 1454 2269; baseline 0.002 -15"><span class='ocrx_word' id='word_1_278' title='bbox 116 2228 236 2268; x_wconf 88' lang='lat' dir='ltr'>spero</span> <span class='ocrx_word' id='word_1_279' title='bbox 276 2214 381 2255; x_wconf 88' lang='lat' dir='ltr'>mihi</span> <span class='ocrx_word' id='word_1_280' title='bbox 417 2215 529 2256; x_wconf 82' lang='lat' dir='ltr'>hunc</span> <span class='ocrx_word' id='word_1_281' title='bbox 565 2216 731 2256; x_wconf 75' lang='lat' dir='ltr'>veniam</span> <span class='ocrx_word' id='word_1_282' title='bbox 770 2216 984 2269; x_wconf 83' lang='lat' dir='ltr'>daturum,</span> <span class='ocrx_word' id='word_1_283' title='bbox 1024 2216 1102 2256; x_wconf 86' lang='lat' dir='ltr'>etsi</span> <span class='ocrx_word' id='word_1_284' title='bbox 1143 2216 1278 2257; x_wconf 86' lang='lat' dir='ltr'>multa</span> <span class='ocrx_word' id='word_1_285' title='bbox 1311 2217 1454 2258; x_wconf 86' lang='lat' dir='ltr'>adfero</span> 
     </span>
     <span class='ocr_line' id='line_1_36' title="bbox 62 2273 1455 2327; baseline 0 -11"><span class='ocrx_word' id='word_1_286' title='bbox 62 2290 95 2316; x_wconf 80' lang='lat'>35</span> <span class='ocrx_word' id='word_1_287' title='bbox 115 2273 227 2314; x_wconf 88' lang='lat' dir='ltr'>iusta</span> <span class='ocrx_word' id='word_1_288' title='bbox 259 2273 310 2313; x_wconf 86' lang='lat' dir='ltr'>ad</span> <span class='ocrx_word' id='word_1_289' title='bbox 341 2273 663 2327; x_wconf 88' lang='lat' dir='ltr'>impetrandum.</span> <span class='ocrx_word' id='word_1_290' title='bbox 725 2274 806 2315; x_wconf 82' lang='lat' dir='ltr'>Sed</span> <span class='ocrx_word' id='word_1_291' title='bbox 838 2275 918 2315; x_wconf 87' lang='lat' dir='ltr'>tibi</span> <span class='ocrx_word' id='word_1_292' title='bbox 952 2289 1118 2315; x_wconf 84' lang='lat' dir='ltr'>omnem</span> <span class='ocrx_word' id='word_1_293' title='bbox 1150 2275 1266 2316; x_wconf 85' lang='lat' dir='ltr'>illius</span> <span class='ocrx_word' id='word_1_294' title='bbox 1298 2290 1455 2316; x_wconf 83' lang='lat' dir='ltr'>meum-</span> 
     </span>
    </p>
   </div>
  </div>
 </body>
</html>
