1665 2553
313 89 656 125 EPISTULARUM
681 90 746 124 AD
772 88 988 124 ATTIOUM
1013 89 1064 123 ΠΙ
1091 93 1145 133 2-2,
1173 93 1228 124 23.
1384 89 1441 130 95

96 186 206 228 enim
247 185 299 227 ab
343 187 437 228 octo
480 185 669 227 tribunis
709 185 764 240 pl.
797 185 1069 240 promulgata
1111 184 1262 226 scribis
1295 187 1338 226 te
1370 199 1441 225 eas

94 246 259 286 litteras
285 259 334 286 eo
359 245 454 299 ipso
481 245 547 286 die
574 245 749 298 dedisse,
779 244 823 285 id
852 246 916 285 est
943 259 976 284 a.
999 244 1035 284 d.
1056 255 1124 284 ΗΠ
1143 242 1237 285 Kal.
1257 242 1299 285 N
1304 257 1442 285 ovem—

95 304 204 359 bres,
236 306 290 358 et,
322 303 423 357 quid
442 306 566 358 putes
587 303 788 344 utilitatis
809 318 901 344 eam
923 302 1311 358 promulgationem
1332 304 1441 343 attu-

94 363 206 418 lisse,
236 362 474 417 perseribis.
525 361 577 403 In
608 376 691 416 quo
725 362 762 403 si
791 361 877 402 iam
907 364 1055 402 nostra
1088 362 1202 402 salus
1236 375 1331 402 eum
1362 361 1442 401 hae

60 422 187 477 5lege
219 421 439 476 desperata
470 421 569 476 erit,
605 421 732 462 velim
763 435 839 475 pro
872 423 946 461 tuo
979 420 1024 462 in
1060 435 1127 461 me
1159 434 1302 461 amore
1331 419 1441 460 hane

96 481 265 522 inanem
304 494 442 521 meam
483 479 748 535 diligentiam
794 479 1081 520 miserabilem
1124 479 1269 533 potius
1315 493 1442 533 quam

95 540 284 593 ineptam
315 542 459 593 putes,
500 538 568 579 sin
605 540 669 579 est
707 538 868 592 aliquid
904 538 1011 592 spei,
1053 538 1124 579 des
1164 552 1351 591 operam,
1392 540 1441 577 ut

95 598 255 639 maiore
274 597 495 652 diligentia
514 597 692 651 posthae
720 613 743 638 a
767 597 926 638 nostris
951 597 1277 651 magistratibus
1304 596 1441 637 defen-

96 657 254 698 damur.
317 656 429 697 Nam
462 671 509 697 ea
539 658 730 697 veterum
767 656 1038 697 tribunorum
1069 655 1123 709 pl.
1156 654 1325 710 rogatio
1359 654 1441 695 tria

43 734 76 758 ιο
97 716 236 770 capita
266 715 438 770 habuit,
474 729 606 756 unum
638 714 687 756 de
718 714 858 756 reditu
888 728 982 755 meo
1016 714 1223 768 seriptum
1253 714 1440 768 incaute3

94 775 205 816 nihil
247 774 359 815 enim
404 774 646 814 restituitur
691 775 858 828 praeter
900 773 1116 814 civitatem
1157 775 1199 814 et
1240 772 1440 826 ordinem,

97 833 210 888 quod
241 832 347 874 mihi
378 847 456 887 pro
487 847 580 874 meo
614 846 713 874 casu
745 832 848 874 satis
883 834 964 886 est3
998 831 1088 887 sed,
1120 846 1226 885 quae
1259 831 1442 873 cavenda

96 892 255 933 fuerint
288 894 328 932 et
371 906 453 945 quo
495 891 639 947 modo,
679 894 721 932 te
761 905 849 932 non
889 890 1013 945 fugit.
1073 889 1273 931 Alterum
1315 893 1441 944 eaput

97 954 162 992 est
193 950 452 992 tralaticium
484 950 533 991 de
564 950 836 1004 impunitate,
870 948 916 990 S1
943 961 1054 999 QVID
1089 960 1275 990 CONTRA
1306 960 1441 990 ALIAS

43 1027 76 1052 15
96 1020 243 1051 LEeEs
276 1020 379 1050 E1vs
412 1019 546 1050 LEGIS
579 1019 702 1050 ERGO
735 1019 923 1049 FACTVM
956 1019 1037 1049 SIT.
1083 1007 1276 1048 Tertium
1302 1010 1443 1062 caput,
1487 1004 1495 1007 ’

96 1068 155 1109 mi
185 1067 412 1123 Pomponi,
453 1082 536 1122 quo
580 1067 756 1109 consilio
799 1070 840 1107 et
885 1082 908 1107 a
948 1081 1031 1121 quo
1074 1066 1130 1107 sit
1170 1066 1444 1121 inculcatum,

96 1127 199 1168 vide.
262 1126 353 1168 Scis
386 1126 498 1168 enim
523 1124 720 1167 Clodium
752 1125 955 1180 sanxisse,
986 1127 1034 1166 ut
1066 1125 1139 1166 vix
1170 1127 1244 1165 aut
1276 1127 1324 1165 ut
1357 1139 1442 1165 om-

95 1186 196 1227 nino
236 1199 325 1226 non
364 1187 509 1239 posset
548 1199 625 1226 neo
665 1200 739 1239 per
781 1187 975 1225 senatum
1013 1198 1091 1225 nee
1128 1198 1202 1237 per
1234 1183 1442 1237 populum

96 1244 303 1285 infirmari
335 1259 411 1285 sua
441 1244 520 1284 lex.
573 1242 654 1284 Sed
678 1243 794 1284 vides
818 1257 1052 1297 numquam
1078 1257 1169 1284 esse
1196 1242 1442 1283 observatas

45 1321 78 1345 20
99 1303 338 1344 sanctiones
371 1317 516 1343 earum
546 1302 702 1357 legum,
734 1316 840 1356 quae
867 1302 1186 1357 abrogarentur.
1248 1299 1374 1356 Nam,
1407 1300 1443 1341 si

96 1362 140 1402 id
172 1364 299 1415 esset,
339 1361 457 1402 nulla
488 1362 574 1402 fere
607 1361 806 1415 abrogari
838 1363 1001 1415 posset3
1041 1374 1178 1414 neque
1209 1360 1323 1401 enim
1355 1359 1443 1400 ulla

99 1423 176 1475 est,
208 1434 314 1474 quae
345 1434 433 1461 non
463 1419 558 1473 ipsa
590 1434 633 1460 se
667 1419 828 1473 saepiat
860 1419 1112 1460 difficultate
1139 1418 1441 1473 abrogationis.

100 1477 198 1532 Sed,
235 1492 331 1519 eum
362 1478 431 1519 lex
463 1478 712 1533 abrogatur,
748 1478 855 1519 illud
885 1478 1027 1532 ipsum
1065 1477 1315 1532 abrogatur,
1354 1491 1438 1531 quo

97 1537 222 1578 modo
250 1551 342 1578 eam
368 1537 567 1591 abrogari
593 1539 798 1591 oporteat.
843 1536 938 1578 Hoe
963 1551 1093 1590 quom
1119 1539 1160 1576 et
1186 1550 1231 1576 re
1256 1550 1356 1576 vera
1378 1535 1440 1576 ita

45 1614 78 1639 25
99 1596 173 1650 sit,
213 1598 254 1636 et
286 1609 415 1649 quom
453 1609 616 1649 semper
652 1595 714 1636 ita
749 1595 946 1636 habitum
985 1595 1339 1648 observatumque
1373 1594 1442 1648 sit,

99 1657 195 1696 octo
227 1654 367 1695 nostri
397 1654 560 1695 tribuni
591 1653 645 1707 pl.
679 1656 805 1708 caput
836 1655 1072 1708 posuerunt
1108 1652 1206 1694 hoo:
1249 1651 1296 1693 SI
1329 1664 1440 1701 QVID

98 1725 146 1754 IN
177 1724 268 1754 HAG
300 1723 569 1754 ROGATIONE
603 1723 832 1754 SCRIPTVM
864 1723 968 1767 EST,
1006 1722 1132 1761 QVOD
1170 1723 1261 1751 PER
1293 1721 1440 1751 LEGES

99 1782 323 1813 PLEBISVE
364 1782 513 1826 SCITA,
557 1770 639 1811 hoc
680 1774 744 1812 est
785 1771 898 1824 quod
943 1784 1018 1823 per
1058 1770 1195 1823 legem
1236 1768 1442 1824 Clodiam,

99 1840 428 1883 PROMVLGARE,
459 1840 719 1882 ABROGARE,
750 1839 1024 1883 DEROGARE,
1056 1838 1301 1869 OBROGARE
1336 1838 1438 1867 SINE

49 1906 82 1930 30
101 1900 287 1929 FRAVDE
321 1899 407 1930 SVA
437 1899 534 1929 NON
565 1898 745 1940 LICEAT,
777 1898 872 1928 NON
904 1897 1136 1939 LICVERIT,
1169 1896 1357 1935 QVODVE
1385 1897 1444 1939 ΕΙ,

103 1957 181 1996 QVI
210 1957 565 2001 PROMVLGAVIT,
595 1956 883 2000 ABROGAVIT,
921 1955 1208 1998 DEROGAVIT,
1243 1954 1444 1985 OBROGA-

101 2016 197 2057 VIT,
239 2015 296 2046 OB
337 2017 433 2046 EAM
472 2017 570 2046 REM
607 2016 791 2046 POENAE
830 2015 1082 2045 MVLTAEVE
1124 2014 1212 2056 SIT,
1253 2013 1294 2044 Ε.
1325 2014 1369 2043 Η.
1402 2014 1442 2043 L.

101 2074 143 2104 N.
172 2074 211 2104 R.
255 2062 399 2117 Atque
422 2063 504 2105 hoe
527 2064 573 2104 in
597 2064 681 2104 illis
706 2063 891 2104 tribunis
918 2062 972 2116 pl.
999 2076 1085 2102 non
1108 2061 1319 2115 laedebat3
1350 2060 1443 2115 lege

104 2122 215 2162 enim
235 2121 404 2176 collegii
429 2122 496 2163 sui
519 2137 607 2164 non
631 2122 895 2163 tenebantur.
941 2119 1031 2169 Quo
1058 2119 1193 2161 maior
1219 2121 1281 2160 est
1308 2119 1443 2173 suspi-

51 2196 83 2222 35
103 2180 167 2221 cio
187 2179 376 2221 malitiae
399 2180 622 2235 aliquoius,
654 2195 750 2222 cum
775 2180 828 2233 id,
861 2179 974 2234 quod
999 2178 1050 2219 ad
1075 2178 1191 2232 ipsos
1217 2177 1328 2218 nihil
1352 2192 1443 2232 per-

102 2238 284 2293 tinebat,
323 2240 413 2279 erat
455 2241 595 2280 autem
630 2241 776 2280 contra
810 2253 892 2292 me,
941 2237 1220 2291 seripserunt,
1259 2239 1308 2277 ut
1341 2237 1442 2278 novi

103 2297 267 2338 tribuni
297 2297 370 2351 pl,
409 2297 446 2338 si
478 2300 617 2339 essent
649 2297 882 2339 timidiores
891 2331 902 2352 ,
939 2296 1075 2337 multo
1107 2296 1243 2351 magis
1276 2295 1361 2336 sibi
1394 2310 1441 2336 eo
