1665 2553
627 87 665 122 P.
688 90 884 122 140—145.
1294 84 1424 119 XLVI]

88 182 293 227 (Lehmann
311 182 389 216 Aa.
410 193 445 227 p.
466 185 511 215 43
526 183 605 221 ex).
622 201 665 207 -—
687 184 730 214 36
751 184 816 215 aut
834 179 923 224 quid
942 180 990 213 acl
1009 183 1046 213 te
1065 177 1220 213 attinet?
1257 177 1424 219 Schuetz,

88 230 259 264 Wesenb.
298 231 309 274 ΙΙ
345 229 392 264 Ρ.
414 227 503 264 142.
525 232 545 262 8
573 228 641 263 Sed
665 228 770 262 haec
793 227 963 261 haetenus
982 225 1137 259 Ernesto
1164 226 1313 259 auctore
1332 234 1423 258 rece.

90 277 170 311 edd.
191 277 254 311 hic
285 287 421 310 omnes.
466 276 561 309 Boot
598 275 845 309 ‘constantem
871 272 1055 307 Ciceronis
1080 272 1201 306 usum'
1228 271 1286 305 bis
1312 271 1424 312 novit,

87 324 145 358 bis
172 323 309 358 oblitus
337 325 402 367 esb,
428 323 519 356 item
544 321 696 366 Tyrrell.
735 320 776 354 V.
801 321 847 354 ad
873 332 907 364 p.
930 324 1007 354 264.
1023 323 1078 361 35,
1105 322 1255 360 399.14,
1274 322 1352 352 452.
1369 321 1423 350 24.

88 371 152 414 Et,
196 381 242 404 ne
286 370 376 414 quid.
420 369 584 403 variasse
628 369 797 402 videatur
832 366 973 410 Cicero,
1018 366 1169 400 additur
1206 365 1320 399 etiam
1357 364 1426 399 Sed

88 430 124 462 p.
147 421 224 452 501.
248 421 302 452 31.
324 437 368 442 —
396 420 438 450 13
465 417 610 451 omnino
636 427 704 449 om.
725 415 828 448 Boot..
850 435 893 439 -—
915 417 958 447 20
983 415 1016 448 si
1040 414 1181 457 quidem
1194 417 1306 457 potes,
1331 412 1426 446 deme

89 466 194 500 illum
224 464 451 499 domestiemn
482 463 689 506 scrupulzmz
716 461 837 495 Moser
860 471 982 505 progr.
1003 460 1089 494 Ulm
1110 463 1197 494 1841
1224 471 1259 503 p.
1274 463 1369 502 4sq.,
1394 458 1427 492 si

86 516 202 558 potes,
237 512 318 546 tolle
348 511 438 545 dom.
460 521 576 553 semp.
601 510 656 543 Fr.
679 508 846 542 Schmidt:
869 519 991 552 progr.
1011 507 1176 541 Norimb.
1199 510 1288 540 1879
1314 518 1348 549 p.
1370 508 1424 538 27.

90 580 134 584 -
161 562 204 592 26
231 569 330 592 oium
356 558 443 602 quid
467 557 651 595 Lmubin..
678 555 831 599 Tyrrell,
858 555 937 589 sine
963 554 1075 588 dubio
1101 553 1201 597 quod
1224 553 1263 587 in
1288 552 1345 586 Μ2
1370 553 1428 586 est

90 606 259 650 inprimis
278 616 376 639 mene
395 605 492 648 quid,
515 604 579 637 sed
598 603 654 636 M1
673 603 787 636 habeb
805 602 1041 646 inprimisque
1060 601 1158 645 quid.
1191 603 1202 644 ΙΙ
1238 601 1284 634 P.
1300 598 1389 634 143.
1405 603 1424 632 2

90 664 128 688 eo
154 653 248 686 Boot
276 651 451 686 ‘correxit
477 662 519 684 ex
547 661 601 694 ep.
625 660 698 692 seq.
719 649 844 692 initio,
871 648 935 682 ubi
959 650 1075 682 recte:
1114 659 1157 683 eoe
1180 648 1243 682 hoe
1268 647 1335 681 die.
1386 646 1427 678 In

90 699 140 733 IX
167 703 197 733 6.
214 703 246 742 3,
272 698 337 732 ubi
359 698 482 731 aliena
503 697 664 741 epistula
684 696 830 739 citatur,
855 706 929 729 non
949 695 1189 729 sollicitanda
1208 696 1294 728 sunt
1314 692 1426 726 verba

91 758 134 782 ex
171 758 213 781 ea
250 746 333 780 die'.
385 745 498 778 Miror
528 755 601 778 non
633 743 832 778 correxisse
863 742 1035 776 Bootium
1065 754 1096 776 v.
1119 753 1146 776 c.
1173 753 1207 786 p.
1232 745 1308 774 134.
1332 744 1372 774 19
1408 750 1427 773 e

91 806 121 827 v,
152 797 205 827 15.
250 792 292 826 V.
319 792 389 836 leg.
418 802 493 835 agr.
514 803 548 835 p.
572 794 649 825 226.
673 794 726 824 12.
766 810 808 815 -
848 793 868 823 3
898 790 1043 824 Interea
1073 793 1192 824 tamen
1221 786 1427 821 Lehmanni

93 840 197 874 codd.
219 841 254 873 Σ
283 839 372 881 (Ati.
393 851 428 883 p.
449 842 511 879 47,
541 840 636 879 184‘»,
673 837 808 871 Tamen
838 837 975 871 interea
1008 839 1056 878 Δ,
1096 836 1177 869 edd.
1220 856 1258 859 —
1307 838 1350 868 10
1381 834 1428 867 isti

94 897 221 932 mayolo
240 896 355 930 marg.
370 885 496 918 Lamb.
513 895 543 918 a.
561 888 662 925 1584,
682 884 818 926 Baiter,
838 883 980 927 Tyrrell
1001 893 1056 927 ep.
1072 886 1150 916 204.
1176 881 1235 915 Ad
1253 893 1287 925 p.
1301 885 1355 915 52.
1372 883 1426 914 19.

92 955 136 959 -
165 938 206 967 12
232 937 414 968 venerant
438 931 596 973 Ernesti,
617 930 789 965 Wesenb.
830 929 900 963 Cur
924 940 997 964 non
1023 941 1052 963 V.
1070 941 1098 963 c.
1119 940 1149 963 v,
1165 932 1185 963 8
1205 931 1426 972 acceperat,

92 993 122 1015 v,
145 984 206 1022 25,
247 983 323 1013 132.
345 983 405 1021 32,
443 982 522 1012 493.
546 981 564 1011 7
596 989 775 1019 veneram,
815 981 932 1010 133.1
967 987 1186 1021 acceperam„
1220 979 1240 1009 3
1272 975 1426 1016 dederat,

95 1031 171 1061 136.
200 1030 242 1060 29
282 1036 490 1061 veneramus
528 1026 595 1059 ete.
624 1026 691 1058 etc.
736 1024 795 1057 Ad
832 1036 866 1068 p.
895 1027 949 1057 22.
979 1027 1032 1058 10.
1072 1044 1116 1048 --
1162 1026 1204 1056 19
1243 1023 1342 1056 scies
1378 1020 1427 1063 M,

92 1073 277 1116 Wesenb.,
304 1072 457 1116 Tyrrell.
497 1070 548 1105 Cf.
569 1075 647 1105 227.
670 1075 723 1105 26.
762 1070 846 1104 Non
870 1070 990 1104 rarius
1017 1080 1129 1114 quam
1153 1069 1193 1103 in
1219 1069 1302 1102 aliis
1322 1067 1427 1101 libris
1490 1072 1498 1075 ’

92 1122 156 1165 (ad.
182 1121 278 1154 dom.
299 1124 377 1154 487.
399 1124 454 1161 22,
482 1118 572 1152 Sesb.
595 1122 625 1152 3.
648 1122 710 1160 20,
742 1117 828 1151 fam.
851 1121 905 1151 75.
928 1119 962 1161 7>
994 1117 1033 1150 in
1058 1117 1116 1150 his
1142 1128 1169 1159 e,
1195 1117 1220 1158 i,
1245 1127 1271 1150 u
1298 1115 1428 1148 addita

96 1170 162 1202 aut
193 1168 345 1211 dempta
377 1166 614 1200 inveniunt-ur
643 1165 745 1199 velut
775 1177 809 1209 p.
833 1168 862 1198 1.
884 1168 927 1197 22
944 1175 996 1207 sq.
1017 1164 1187 1208 putentia
1220 1163 1282 1207 qui
1313 1163 1427 1203 illum,

94 1219 139 1248 24
164 1215 337 1260 reqinum,
365 1217 395 1247 2.
419 1217 436 1247 7
463 1224 588 1247 eurum
614 1214 651 1246 et
675 1212 753 1253 mei,
780 1216 810 1246 3.
833 1215 853 1245 6
879 1212 980 1245 uinci
1004 1221 1070 1255 pro
1096 1221 1204 1252 nune,
1232 1213 1274 1243 16
1302 1210 1335 1243 ei
1358 1209 1427 1250 uis,

94 1266 149 1295 44.
172 1265 214 1295 29
242 1261 355 1303 Zateis,
381 1264 435 1294 47.
458 1264 499 1293 11
527 1259 670 1302 nostr-ei,
699 1263 752 1292 55.
770 1262 811 1292 31
832 1259 924 1293 tueis
943 1258 1079 1300 litteris,
1109 1261 1184 1291 148.
1201 1260 1256 1298 32,
1285 1260 1361 1290 156.
1384 1259 1426 1289 21

95 1309 265 1343 obtineret
289 1312 321 1342 et
345 1308 420 1342 eius
445 1308 548 1350 (corr.
568 1307 650 1350 ius).
684 1326 727 1330 —
767 1309 809 1339 28
826 1317 904 1348 sqq.
924 1305 1072 1339 taedeat.
1112 1305 1200 1338 Non
1224 1304 1353 1337 habeat
1383 1323 1427 1327 —

95 1354 225 1390 cesset?
263 1355 362 1397 edd„
397 1353 511 1388 etiam
536 1353 726 1387 Lehmann
753 1363 807 1396 ep.
830 1352 893 1386 sel.
914 1351 947 1384 Π
973 1356 1004 1395 9,
1030 1351 1103 1385 nisi
1130 1351 1229 1394 quod
1253 1349 1427 1384 WVesenb.

97 1402 164 1436 sic:
208 1402 365 1436 taedeat:
400 1412 473 1435 non
498 1401 624 1434 habeat
650 1420 694 1425 —-
720 1403 844 1441 cesset;
875 1399 1021 1443 quippe,
1053 1398 1148 1432 Boot
1175 1408 1193 1431 e
1218 1398 1305 1431 vett.
1329 1397 1427 1430 edd.:

96 1449 183 1483 Non
213 1449 333 1482 habet
369 1468 412 1472 —
450 1451 586 1482 cessat.
636 1446 714 1490 Ego
746 1445 875 1479 malim
907 1457 997 1480 eum
1022 1456 1096 1479 non
1120 1445 1264 1487 habeat,
1302 1443 1429 1485 animi,

97 1500 128 1530 et
152 1495 354 1529 industriae
378 1494 515 1536 Baiter,
541 1493 684 1537 Tyrrell
710 1504 765 1537 ep.
787 1496 865 1526 207.
909 1494 920 1536 Η
967 1492 1013 1526 Ρ.
1036 1490 1125 1526 144.
1148 1495 1189 1525 12
1206 1503 1258 1534 sq.
1285 1501 1431 1524 versum

99 1542 250 1586 agnovit
268 1541 470 1575 Buecheler
488 1540 563 1574 ind.
580 1540 716 1584 Gryph.
734 1543 822 1573 1868
843 1539 918 1573 hib.
932 1551 967 1583 p.
985 1542 1039 1581 17,
1065 1538 1233 1572 Ribbeck
1253 1548 1342 1572 com.
1358 1537 1428 1570 inc.

96 1588 227 1631 XLIX,
259 1588 370 1631 Boob,
403 1587 557 1631 Tyrrell,
582 1589 772 1630 tamquam
799 1585 982 1620 Ciceronis
1007 1585 1119 1619 verba
1144 1585 1288 1628 reliqui.
1315 1605 1359 1609 -
1387 1587 1430 1617 14

96 1636 129 1671 si
161 1640 193 1670 te
224 1647 247 1669 a
271 1646 324 1669 me
349 1635 467 1669 amari
490 1635 543 1669 vis
568 1634 773 1676 Lehmann,
806 1634 853 1668 sit
878 1643 998 1667 annus
1024 1633 1196 1677 (annuus)
1224 1631 1346 1673 codd„
1384 1631 1431 1665 sit

98 1693 261 1717 annuum
291 1682 401 1724 Boot,
434 1681 519 1715 secl.
538 1681 681 1723 Baiter,
712 1681 779 1715 sim
805 1691 951 1713 annuus
976 1679 1101 1721 Klotz,
1134 1678 1295 1723 Tyrrell,
1328 1678 1430 1711 modo

97 1730 145 1764 sit
176 1740 357 1763 annuum:
393 1728 425 1763 si
457 1739 508 1762 me
539 1738 656 1769 amas,
688 1728 778 1761 assis
802 1726 975 1760 Wesenb.
1014 1747 1058 1751 —
1097 1730 1140 1759 15
1166 1730 1277 1760 totum
1301 1723 1358 1757 Μ2
1384 1726 1431 1765 eb,

98 1777 141 1810 ut
158 1775 314 1816 videtur,
333 1774 538 1808 Lehmanni
558 1774 674 1815 codd.,
693 1773 830 1813 Baiber,
850 1773 1036 1815 Wesenb.,
1057 1772 1209 1816 Tyrrell,
1230 1771 1431 1812 Lehmann,

98 1827 173 1858 tum
198 1822 400 1856 Buecheler
424 1833 515 1855 mus.
536 1821 653 1855 Rhen.
673 1820 722 1854 XI
746 1832 780 1864 p.
803 1824 869 1853 513
885 1831 955 1863 sq.,
993 1830 1062 1854 om.
1084 1819 1156 1862 M1,
1186 1819 1290 1852 Boot.
1317 1837 1361 1842 —
1389 1821 1432 1851 16

99 1869 187 1903 mihi
211 1870 335 1914 iynota
359 1873 444 1903 sunt
468 1868 657 1902 Lehmann
684 1878 703 1902 e
729 1867 804 1901 suis
831 1867 934 1901 codd.
956 1868 1000 1910 (V.
1019 1878 1055 1910 p.
1077 1868 1169 1909 243),
1200 1866 1325 1909 iynota
1349 1867 1434 1899 sunt

100 1916 187 1949 mihi
211 1916 259 1956 M,
285 1915 383 1959 vulg.
406 1916 486 1949 edd.
508 1936 551 1940 —
579 1918 621 1948 18
637 1926 689 1958 sq.
710 1915 733 1959 †
741 1915 855 1958 plura
878 1915 1031 1948 scribam
1056 1913 1157 1947 tarde
1181 1912 1248 1946 tibi
1272 1911 1433 1945 redituro

102 1972 145 1995 ex
170 1962 225 1995 Μ1
243 1962 380 2005 Baiter,
406 1963 510 2005 Boot,
535 1963 655 1996 reditu
679 1962 848 2005 (redditu)
868 1960 924 1993 Μ2
945 1962 982 1994 et
1001 1959 1067 1992 alii
1087 1958 1202 2000 codd.,
1229 1958 1434 2001 Epistolam

100 2009 251 2043 sciebam
273 2009 375 2043 tarde
400 2010 465 2043 tibi
488 2009 668 2043 redditum
691 2009 742 2042 iri
761 2007 928 2049 Gronow,
953 2005 1107 2050 Tyrrell,
1134 2005 1252 2039 Plura
1269 2004 1434 2047 scribam,

101 2066 181 2089 eum
212 2056 416 2098 constiter05
447 2057 532 2090 haec
564 2055 715 2090 sciebam
739 2055 841 2089 tarde
865 2054 931 2088 tibi
954 2053 1134 2088 redditum
1158 2052 1208 2085 iri
1232 2051 1433 2093 Lehmann,

102 2102 221 2135 Plura
245 2102 397 2136 scribam
422 2103 525 2138 alias.
563 2102 647 2136 Has
671 2102 821 2136 sciebam
846 2101 948 2135 tarde
972 2100 1039 2134 tibi
1062 2098 1241 2133 redditum
1265 2099 1315 2132 iri
1340 2097 1432 2131 coni.

103 2147 226 2182 Orelli.
277 2147 330 2182 De
360 2149 504 2183 redditu
534 2150 584 2183 iri
615 2160 645 2182 v,
668 2147 835 2181 Schmalz
861 2145 1039 2180 Fleckeis.
1062 2144 1183 2178 annal.
1205 2148 1295 2178 1892
1320 2157 1355 2188 p.
1377 2147 1432 2186 80,

101 2194 410 2238 Neue-Wagener
434 2196 484 2229 IH
508 2209 542 2241 p.
565 2199 643 2237 177,
669 2194 765 2228 infra
790 2206 824 2237 p.
847 2197 924 2226 338.
946 2197 1000 2226 34.
1027 2212 1072 2217 —-
1098 2195 1142 2225 24
1157 2202 1210 2235 sq.
1230 2203 1260 2225 V.
1277 2190 1434 2225 Schiche

101 2252 222 2286 progr.
242 2241 360 2274 Berol.
384 2245 470 2276 1897
497 2254 532 2287 p.
555 2246 610 2284 11,
643 2253 675 2275 α.
696 2242 729 2275 d.
750 2241 824 2274 ΠΙ
842 2241 899 2273 Id.
920 2239 1057 2280 Baiter,
1083 2250 1116 2272 a.
1136 2239 1169 2272 d.
1193 2239 1267 2272 ΙΠ
1286 2242 1350 2271 aut
1373 2237 1438 2271 IV

100 2289 158 2323 Id.
180 2287 352 2322 Wesenb.
401 2290 412 2332 ΙΙ
461 2289 506 2324 P.
528 2289 618 2324 145.
641 2292 657 2321 1
692 2287 905 2333 Synnadae
938 2296 957 2319 e
985 2286 1072 2329 ‘mg.
1086 2284 1110 2319 1.
1127 2285 1231 2319 1584'
1259 2284 1431 2318 Wesenb.
