1665 2553
202 97 286 138 172
625 94 674 131 M.
700 94 842 129 TULLI
867 92 1115 129 CICERONIS

200 192 362 246 aliquid
409 191 610 246 perdere?
680 189 915 239 Quaternas
964 188 1149 229 habebat
1192 188 1237 229 in
1286 187 1541 243 syngrapha.

199 250 314 292 Fieri
343 265 431 291 non
460 252 649 304 poterat,
691 263 786 303 nec,
827 248 864 288 si
904 250 1066 301 posset,
1108 261 1184 301 ego
1225 247 1316 301 pati
1358 261 1539 301 possem.

199 309 340 351 Audio
374 309 545 350 omnino
581 307 800 361 Scaptium
831 306 1057 360 paenitere.
1119 304 1248 359 Nam,
1281 305 1393 359 quod
1425 319 1540 346 sena-

200 371 270 409 tus
303 368 546 409 consultum
578 381 668 407 esse
700 365 878 419 dicebat,
909 367 958 405 ut
989 365 1056 405 ius
1088 379 1139 405 ex
1165 363 1409 418 syngrapha
1435 363 1539 404 dice-

199 430 330 482 retm,
360 441 408 467 eo
437 425 614 467 consilio
640 425 800 465 factum
826 426 903 478 est,
935 423 1048 477 quod
1072 423 1294 477 pecuniam
1320 421 1541 463 Salaminii
1576 438 1594 464 5

201 488 349 526 contra
390 485 528 540 legem
569 482 795 524 Gabiniam
835 484 1113 536 sumpserant
1174 480 1362 522 Vetabat
1400 483 1542 521 autem

201 544 304 585 Auli
342 544 413 584 lex
452 544 517 584 ius
559 542 641 583 01101
682 542 731 582 010
771 542 833 582 ita
875 543 1046 595 sumpta
1087 540 1274 594 pecunia.
1344 539 1542 580 Decrevit

201 603 335 657 igitur
378 603 666 656 senat11s7-ut
709 600 774 641 ius
819 599 1026 641 diceretur
1069 613 1118 640 ex
1160 599 1244 639 ista
1287 597 1541 652 syngrapha.

202 660 328 702 Nunc
357 661 442 702 ista
477 660 608 701 habet
644 659 749 700 iuris
780 658 891 700 idem
929 657 1042 712 quod
1073 660 1251 711 ceterae,
1286 656 1396 697 nihil
1426 671 1541 711 prae-

203 720 328 774 cipui.
388 718 504 760 Haec
541 734 565 759 a
595 732 662 759 me
700 717 845 758 ordine
880 717 993 758 facta
1029 718 1133 770 puto
1171 730 1239 757 me
1274 715 1409 756 Bruto
1447 729 1542 769 pro-
1562 731 1598 757 ιο

201 779 422 833 baturum3
452 777 534 818 tibi
564 776 724 831 nescio;
758 775 911 818 Catoni
942 777 1055 816 certe
1080 774 1281 829 probabo.

292 835 408 878 Sed'
396 812 482 877 fam
508 836 559 876 ad
584 838 626 876 te
652 835 793 888 ipsum
817 837 1017 875 rzevertm
1055 832 1143 874 Ain
1173 832 1355 889 tandem,
1385 831 1543 887 Attice,

201 896 398 937 laudator
428 894 692 949 integritatis
725 896 766 934 et
799 893 1035 947 elegantiae
1066 894 1253 947 nostrae,

292 978 464 1018 ‘ausus
505 991 552 1017 es
590 976 685 1017 hoc
725 990 780 1016 ex
820 990 902 1016 ore
940 977 1028 1015 tuo
1067 999 1122 1003 —
1155 973 1240 1030 —-',

201 1071 343 1125 inquit
374 1070 552 1124 Ennius,
583 1073 632 1111 ut
665 1069 828 1123 equites
862 1067 1033 1122 Scaptio
1067 1067 1120 1108 ad
1144 1067 1367 1121 pecuniam
1394 1080 1544 1121 008011-
1564 1082 1598 1108 15

203 1130 300 1170 dam
331 1129 485 1183 darem,
514 1143 581 1169 me
612 1128 791 1182 rogare?
852 1127 922 1167 An
952 1130 1013 1181 tu,
1045 1126 1081 1167 si
1113 1140 1278 1167 mecum
1310 1140 1437 1180 esses,
1470 1125 1544 1179 qui

205 1188 357 1228 scribis
389 1187 573 1228 morderi
605 1189 646 1227 te
671 1186 897 1240 interdum,
929 1184 1041 1239 quod
1065 1199 1152 1225 non
1178 1184 1306 1225 simul
1330 1184 1400 1237 sis,
1431 1186 1547 1237 pate-

203 1260 295 1287 rere
326 1260 393 1286 me
425 1246 469 1286 id
499 1245 646 1298 facere,
678 1244 715 1285 31
746 1244 925 1286 vellem?
989 1241 1111 1284 tNon
1141 1242 1358 1296 amplius',
1390 1242 1547 1296 inquis,

206 1304 559 1358 ‘quinquaginta'
604 1301 711 1344 Cum
738 1301 941 1356 Spartaco
972 1301 1112 1342 minus
1143 1301 1270 1342 multi
1299 1301 1436 1354 primo
1461 1300 1548 1341 fue-

204 1366 316 1404 runt.
368 1361 475 1411 Quid
506 1362 678 1403 tandem
709 1361 783 1401 isti
814 1361 916 1402 mali
942 1360 987 1401 in
1012 1363 1100 1400 tam
1126 1362 1271 1400 tenera
1295 1358 1436 1400 insula
1459 1373 1546 1399 non
1566 1376 1601 1400 ρο

204 1421 432 1462 fecissent?
481 1419 582 1462 Non
612 1420 812 1461 fecissent
844 1418 1014 1460 autem?
1052 1419 1182 1459 immo
1217 1417 1318 1471 quid
1350 1420 1448 1458 ante
1480 1417 1547 1458 ad-

204 1482 380 1521 ventum
410 1494 553 1520 meum
582 1493 671 1520 non
700 1478 918 1519 fecerunt?
969 1476 1188 1518 Inclusum
1219 1476 1266 1516 in
1291 1476 1406 1517 curia
1432 1489 1548 1516 sena-

204 1541 300 1579 tum
330 1538 572 1579 habuerunt
606 1536 885 1578 Salaminium
917 1536 978 1577 ita
1008 1536 1168 1576 multos
1203 1535 1310 1589 dies,
1342 1537 1390 1575 ut
1420 1534 1547 1575 inter-

204 1597 333 1637 ierint
373 1611 462 1637 non
500 1596 609 1637 nulli
648 1596 769 1637 fame
841 1595 948 1636 Erat
995 1594 1107 1636 enim
1154 1593 1391 1647 praefectus
1432 1591 1548 1646 Appi

207 1654 402 1721 Scaptius
441 1657 483 1696 et
520 1654 705 1696 habebat
743 1656 906 1695 turmas
939 1653 990 1694 ab
1017 1652 1170 1706 Appio
1231 1651 1280 1692 Id
1310 1665 1377 1692 1110
1414 1650 1548 1705 igitur
1567 1666 1602 1693 25

206 1717 267 1769 tu,
298 1714 416 1755 cuius
448 1713 687 1754 mehercule
714 1727 760 1754 os
787 1712 893 1753 1111111
925 1714 1023 1752 ante
1056 1711 1201 1752 0011103
1236 1709 1344 1751 solet
1376 1709 1548 1764 versari,

206 1749 302 1813 cuin
333 1773 383 1813 de
415 1772 557 1826 aliquo
591 1772 731 1813 officio
765 1785 812 1812 30
836 1770 958 1812 laude
990 1770 1146 1824 cogito,
1176 1771 1225 1809 tu
1252 1782 1329 1822 me,
1361 1767 1548 1821 inquam,

206 1845 345 1886 rogaS,
377 1831 616 1885 praefectus
648 1833 697 1871 ut
723 1828 920 1884 Scaptius
954 1807 1067 1870 sit‘.po
1077 1805 1198 1868 Alias
1229 1826 1310 1867 hoc
1343 1828 1549 1866 statuera-

206 1893 392 1943 111113,111;
423 1890 738 1944 negotiatorem
768 1888 990 1941 neminem,
1021 1887 1148 1940 idque
1170 1885 1315 1925 Bruto
1349 1884 1548 1938 probara-

206 1963 312 1988 mus.
374 1947 543 1989 Habeat
575 1947 611 1988 is
644 1947 834 1988 turmas?
874 1960 947 1987 cur
984 1945 1128 1999 potius
1162 1958 1289 1996 quam
1321 1942 1546 1983 cohortes?
1568 1959 1604 1983 30

209 2004 393 2059 Sumptu
424 2007 509 2047 iam
540 2020 673 2059 nepos
706 2005 845 2046 evadit
878 2003 1085 2057 Scaptius.
1148 2001 1348 2042 ‘Volunt'
1350 2001 1549 2055 ,inquit,

209 2064 462 2117 principes’.
515 2063 628 2118 Scio3
653 2078 753 2104 nam
779 2063 830 2104 ad
850 2078 916 2104 me
936 2061 1155 2126 Ephesum
1179 2073 1314 2113 usque
1339 2062 1549 2100 venerunt

207 2122 441 2176 flentesque
473 2122 666 2175 equitum
698 2121 854 2162 scelera
880 2123 921 2161 et
951 2118 1143 2160 miserias
1171 2132 1268 2158 suas
1296 2117 1550 2158 detulerunt.

207 2179 359 2233 Itaque
391 2180 539 2221 statim
570 2180 665 2221 dedi
694 2180 880 2233 litteras,
916 2181 964 2218 ut
1001 2192 1051 2218 ex
1084 2175 1224 2229 Cypro
1258 2176 1421 2230 equites
1454 2177 1550 2216 ante

210 2241 367 2278 certam
401 2239 511 2279 diem
543 2238 806 2291 decederent,
844 2214 896 2278 ob
937 2249 1110 2288 eamque
1149 2249 1335 2288 causam,
1372 2237 1464 2274 tum
1496 2233 1549 2274 ob
1570 2248 1605 2275 35

210 2298 370 2336 ceteras
410 2295 631 2337 Salaminii
667 2310 746 2337 nos
790 2272 836 2336 in
873 2294 1033 2336 caelum
1069 2293 1246 2334 decretis
1286 2292 1373 2333 suis
1415 2294 1551 2333 sustu-
