1665 2553
211 91 295 132 518
663 90 712 126 M.
739 90 879 125 TULLI
905 90 1151 126 CICERONIS

213 185 440 240 aliquando
479 201 554 227 suo
591 186 809 241 familiari,
847 186 1086 227 adversario
1124 188 1199 227 tuo
1238 186 1422 228 voluisse
1454 201 1549 228 con-

214 245 387 299 sultum,
417 259 512 286 cum
544 245 660 285 illius
693 245 952 286 existimatio
985 247 1191 300 ageretur.
1241 244 1335 286 Hoc
1363 245 1549 299 primum

214 303 431 358 ignoscere
476 306 539 344 est
582 303 863 344 humanitatis
907 306 1022 358 tuae3
1073 317 1171 344 suos
1216 304 1326 344 enim
1370 304 1549 358 quisque

214 362 337 402 debet
368 362 497 417 tueri3
529 362 688 417 deinde,
721 362 757 402 si
788 377 855 403 me
887 377 1003 403 amas
1037 360 1208 417 (omitte
1227 361 1452 418 Atticum),
1483 362 1548 404 Ci-

214 421 355 461 ceroni
392 423 485 476 tuo,
529 435 653 474 quem
692 421 840 474 quanti
876 421 1024 475 facias,
1060 435 1160 474 prae
1196 422 1239 461 te
1277 421 1386 462 soles
1426 421 1548 476 ferre,
1585 439 1600 465 5

214 481 353 520 totum
384 478 464 519 hoc
491 479 554 534 da,
585 482 645 533 ut,
677 479 789 533 quod
815 494 980 533 semper
1005 479 1258 534 existimavi,
1287 493 1400 520 nunc
1424 479 1548 533 plane

146 549 186 578 11
215 537 477 593 intellegam,
514 551 581 578 me
619 552 643 578 a
678 540 721 578 te
752 538 935 579 multum
967 538 1108 579 amari.
1169 537 1421 579 Buthrotios
1452 552 1547 579 cum

216 595 369 637 Caesar
407 596 711 650 decreto-suo,
754 596 866 650 quod
904 610 981 651 ego
1020 596 1243 651 obsignavi
1274 611 1369 637 cum
1399 596 1546 638 multis

215 654 489 708 amplissimis
520 654 636 709 viris,
666 655 934 696 liberavisset
967 655 1304 709 ostendissetque
1334 655 1459 696 nobis
1492 670 1546 706 se,

213 727 308 754 cum
341 713 497 768 agrarii
522 728 636 754 mare
661 714 927 768 transissent,
957 713 1123 754 litteras
1148 714 1389 769 missurum,
1421 728 1546 768 quem
1566 733 1600 757 ιο

212 772 258 812 in
289 785 438 826 agrum
465 772 780 827 deducerentur,
811 772 972 826 accidit,
1003 775 1051 813 ut
1077 772 1219 813 subito
1245 772 1317 813 ille
1342 772 1545 814 interiret.

212 829 391 885 Deinde,
436 845 561 884 quem
605 830 656 871 ad
699 830 871 872 modum
906 833 955 871 tu
994 831 1074 872 scis
1112 830 1366 887 (interfuisti
1403 830 1547 887 enim),

213 903 307 929 cum
345 889 539 930 consules
579 892 794 943 oporteret
834 904 886 930 ex
922 892 1092 930 senatus
1135 889 1328 930 consulto
1361 889 1410 930 de
1441 890 1544 931 actis

212 946 405 988 Caesaris
438 962 702 1003 cognoscere,
733 962 798 988 res
831 947 883 988 ab
916 948 967 989 iis
1000 948 1045 988 in
1074 947 1167 989 Kal.
1193 947 1282 989 Iun.
1310 947 1440 989 dilata
1469 950 1545 990 est.

211 1006 402 1047 Accessit
434 1006 486 1047 ad
517 1009 687 1047 senatus
719 1007 960 1047 consultum
990 1007 1070 1061 lex,
1103 1021 1209 1060 quae
1238 1007 1326 1047 lata
1358 1009 1422 1047 est
1453 1021 1486 1048 a.
1507 1006 1543 1048 d.
1564 1024 1597 1050 15

211 1076 278 1105 ΗΠ
309 1063 419 1105 Non.
453 1064 599 1119 [Iun.],
638 1079 744 1118 quae
779 1065 848 1106 lex
886 1080 1028 1106 earum
1059 1080 1220 1121 rerum,
1256 1080 1359 1119 quas
1393 1064 1545 1107 Caesar

213 1123 446 1178 statuisset,
483 1124 746 1178 decrevisset,
778 1124 947 1178 egisset,
979 1124 1224 1165 consulibus
1257 1124 1544 1178 cognitionem

211 1181 335 1222 dedit.
406 1180 542 1223 Causa
585 1181 911 1223 Buthrotiorum
955 1182 1093 1223 delata
1137 1185 1200 1222 est
1243 1182 1295 1222 ad
1338 1182 1542 1224 consules.

209 1237 437 1280 Decretum
475 1239 667 1280 Caesaris
710 1241 933 1281 recitatum
971 1243 1034 1281 est
1075 1243 1116 1281 et
1159 1240 1283 1280 multi
1326 1243 1543 1294 praeterea

209 1297 343 1338 libelli
376 1296 564 1339 Caesaris
596 1298 762 1352 prolati.
820 1298 1024 1339 Consules
1056 1298 1105 1339 de
1137 1299 1301 1339 consilii
1333 1299 1542 1340 sententia
1562 1318 1595 1342 20

210 1356 483 1397 decreverunt
522 1357 750 1397 secundum
787 1356 1038 1397 Buthrotios
1075 1356 1100 1382 ‘³‘
1124 1356 1148 1382 ‘³‘
1184 1356 1386 1398 Plancum
1423 1357 1541 1398 dede-

141 1427 182 1456 12
210 1417 320 1455 runt.
382 1414 523 1469 Nunc,
560 1415 618 1455 mi
653 1414 801 1469 Capito
835 1414 940 1471 (scio
974 1416 1101 1469 enim,
1143 1418 1348 1469 quantum
1379 1430 1542 1470 semper

210 1473 319 1527 apud
357 1488 446 1527 eos,
485 1473 736 1527 quibuscum
769 1474 844 1529 sis,
880 1488 1005 1528 posse
1037 1474 1183 1527 soleas,
1224 1488 1271 1515 eo
1303 1474 1399 1528 plus
1431 1475 1541 1528 apud

208 1531 422 1572 hominem
459 1532 708 1572 facillimum
746 1535 872 1586 atque
902 1533 1270 1587 humanissimum,
1307 1532 1541 1589 Plancum),

209 1591 377 1645 enitere,
411 1590 580 1632 elabora
605 1591 671 1631 vel
696 1591 838 1644 potius
865 1591 1090 1645 eblandire,
1123 1591 1252 1646 effice,
1275 1593 1323 1631 ut
1348 1591 1541 1648 Plancus,
1560 1609 1593 1635 25

209 1663 333 1702 quem
365 1663 486 1703 spero
520 1649 729 1702 optimum
763 1664 864 1705 esse,
895 1650 950 1690 sit
977 1650 1105 1690 etiam
1128 1649 1278 1690 melior
1304 1664 1430 1703 opera
1454 1652 1539 1692 tua.

209 1706 390 1754 Omnino
434 1722 501 1748 res
543 1707 669 1748 huius
714 1708 828 1748 modi
865 1708 970 1749 miln'
1007 1708 1174 1750 videtur
1212 1722 1320 1763 esse,
1362 1711 1411 1749 ut
1450 1708 1540 1750 sine

207 1766 456 1820 cuiusquam
488 1767 626 1821 gratia
656 1765 836 1807 Plancus
868 1767 958 1820 ipse
989 1781 1066 1832 pro
1098 1767 1268 1821 ingenio
1296 1768 1338 1807 et
1363 1767 1540 1820 pruden-

207 1824 268 1864 tia
300 1838 375 1865 sua
404 1838 491 1865 non
523 1824 579 1864 sit
610 1824 894 1881 dubitaturus,
931 1825 1034 1879 quin
1064 1825 1276 1866 decretum
1307 1825 1539 1880 consulum,

208 1897 386 1936 quorum
426 1885 468 1923 et
502 1882 596 1937 lege
633 1885 674 1923 et
718 1886 887 1924 senatus
919 1883 1110 1924 consulto
1143 1883 1329 1938 cognitio
1362 1886 1404 1924 et
1434 1883 1539 1924 iudi-
1558 1901 1592 1926 30

206 1941 318 1981 cium
343 1941 438 1995 fuit,
469 1944 700 1996 conservet,
724 1942 973 1995 praesertim
998 1956 1092 1983 cum
1117 1918 1218 1982 hoco
1222 1955 1373 1996 genere
1398 1942 1539 1996 cogni-

206 1999 371 2040 tionum
413 1999 667 2040 labefactato
711 2003 803 2041 acta
841 1999 1032 2041 Caesaris
1069 2000 1114 2041 in
1152 2000 1326 2040 dubium
1362 2003 1539 2041 ventura

205 2057 444 2111 videantur,
488 2072 595 2111 quae
630 2072 716 2099 non
754 2059 879 2099 modo
917 2058 965 2113 ii,
1010 2073 1190 2112 quorum
1227 2059 1423 2113 interest,
1466 2059 1539 2099 sed

207 2116 333 2156 etiam
370 2116 419 2170 ii,
456 2116 529 2169 qui
566 2115 639 2156 illa
681 2130 767 2157 non
797 2117 998 2171 probant,
1036 2117 1114 2157 otii
1144 2131 1268 2158 causa
1299 2117 1537 2158 confirmari

132 2184 178 2216 13
204 2174 346 2215 velint.
398 2174 517 2222 Quod
549 2188 643 2215 cum
674 2175 735 2215 ita
767 2176 835 2231 sit,
865 2177 1008 2216 tamen
1038 2175 1214 2216 interest
1245 2177 1391 2216 nostra
1415 2174 1537 2216 Plan-
1555 2192 1588 2218 35

205 2246 299 2272 cum
335 2232 416 2274 hoc
454 2233 592 2273 animo
624 2233 775 2274 libenti
806 2233 1055 2288 prolixoque
1086 2234 1238 2288 facere3
1283 2234 1395 2288 quod
1425 2236 1537 2275 certe

203 2290 345 2345 faciet,
391 2291 426 2331 si
464 2294 511 2332 tu
541 2291 739 2333 nervulos
778 2294 875 2333 tuos
913 2292 1019 2333 mihi
1059 2306 1181 2346 saepe
1220 2292 1413 2347 cognitos
1445 2307 1537 2334 sua-
