1665 2553
271 92 609 127 EPISTULARUM
634 91 699 126 AD
726 91 940 126 ATTICUM
965 91 1032 125 VII
1058 94 1159 125 3—5.
1314 89 1395 131 197

705 221 755 263 V.

144 293 217 328 Ser.
238 294 279 327 Δι”η
305 292 505 327 Formiano
532 292 612 326 XV
633 291 681 325 K.
709 291 806 334 Ian„
831 295 871 325 ut
895 291 1047 333 videtur,
1073 302 1106 324 a.
1133 292 1204 324 704
1231 291 1321 333 (50).

484 361 650 397 CICERO
677 359 848 395 ATTICO
876 360 972 394 SAL.

149 423 307 464 Multas
348 437 432 464 uno
473 425 662 475 tempore
698 421 836 475 accepi
878 420 1080 474 epistulas
1127 422 1241 474 tuas3
1290 434 1395 474 quae
1424 431 1440 461 1

26 500 42 524 ⁵
62 482 185 537 mihi,
230 496 485 535 quamquam
516 480 750 521 recentiora
782 479 1001 520 audiebam
1043 493 1091 520 ex
1124 479 1193 533 iis,
1235 479 1307 532 qui
1346 478 1397 519 ad

61 556 128 581 me
159 540 397 595 veniebant,
427 542 570 580 tamen
595 541 714 580 erant
745 538 966 592 iuoundae3
999 538 1186 578 studium
1218 537 1329 578 enim
1355 540 1396 578 et

61 599 398 640 benevolentiam
429 598 706 639 declarabant.
758 596 1010 637 Valetudine
1047 599 1120 637 tua
1150 611 1323 637 moveor
1355 599 1396 636 et

60 657 213 698 Piliam
244 657 290 698 in
319 657 429 698 idem
461 671 592 711 genus
624 655 763 696 morbi
794 655 1007 709 delapsam
1044 669 1186 696 curam
1216 654 1297 695 tibi
1329 654 1396 694 ad-

61 717 170 757 ferre
200 716 403 756 maiorem
439 715 586 756 sentio.
645 713 754 755 Date
788 714 921 768 igitur
957 728 1144 768 operam,
1180 716 1228 754 ut
1262 713 1395 754 valea-

12 792 43 817 10
62 775 129 816 tis,
202 773 267 815 De
313 774 467 815 Tirone
506 773 626 815 video
673 773 754 813 tibi
800 787 920 813 curae
967 786 1067 813 esse.
1129 771 1262 820 Quem
1309 772 1396 825 qui·
1422 783 1440 811 2

63 833 157 874 dem
189 847 285 888 ego,
325 833 405 874 etsi
436 831 641 873 mirabilis
679 831 888 872 utilitates
926 830 1031 871 mihi
1070 831 1261 884 praebet,
1301 844 1396 871 cum

62 892 192 947 valet,
231 892 276 932 in
317 891 430 932 omni
467 905 617 946 genere
648 890 715 931 vel
750 890 1021 944 negotiorum
1052 889 1118 930 vel
1159 889 1396 929 studiorum

63 964 274 1003 meorum,
316 952 458 990 tamen
499 952 672 1004 propter
715 948 1023 989 humanitatem
1063 950 1104 988 et
1144 947 1395 988 modestiam

62 1009 173 1049 malo
207 1009 371 1049 salvum
409 1023 534 1062 quam
570 1009 744 1061 propter
775 1021 900 1047 usum
930 1021 1081 1047 meum.
1142 1005 1395 1061 Philogenes
1422 1017 1441 1046 3
1485 1007 1493 1010 ’

9 1083 43 1109 15
63 1081 226 1108 mecum
268 1066 376 1107 nihil
417 1081 618 1120 umquam
662 1066 711 1106 de
753 1065 959 1106 Luscenio
1002 1065 1171 1106 locutus
1216 1068 1296 1120 est3
1346 1064 1395 1105 de

64 1126 212 1166 ceteris
253 1125 379 1167 rebus
419 1124 549 1166 habes
587 1123 851 1178 Dionysium.
915 1123 1112 1165 Sororem
1152 1126 1270 1164 tuam
1309 1137 1396 1164 non

17 1213 34 1217 -
62 1184 227 1225 venisse
257 1184 303 1224 in
326 1183 541 1224 Arcanum
571 1183 713 1224 miror.
762 1182 826 1223 De
858 1181 1098 1236 Chrysippo
1130 1196 1267 1222 meum
1302 1196 1396 1222 con-

64 1243 205 1283 silium
236 1242 408 1296 probari
438 1242 519 1283 tibi
548 1256 635 1282 non
665 1241 843 1282 moleste
874 1241 974 1282 fero.
1036 1240 1130 1295 Ego
1163 1240 1208 1280 in
1239 1240 1396 1281 Tuscu—

61 1301 206 1342 lanum
236 1301 346 1341 nihil
377 1315 475 1342 sane
506 1300 587 1341 hoc
618 1302 826 1354 tempore3
859 1299 1026 1341 devium
1053 1302 1116 1340 est
1148 1306 1238 1348 τοῖς
1264 1299 1396 1340 ἀπαν-

10 1377 44 1401 20
64 1366 196 1400 τῶσιν
246 1362 287 1399 et
334 1359 462 1400 habet
506 1359 587 1400 alia
630 1359 884 1413 δύςχρηστα.
953 1356 1032 1398 Sed
1076 1358 1125 1398 de
1168 1356 1394 1398 Formiano

64 1417 332 1458 Tarracinam
369 1417 502 1471 pridie
538 1416 631 1458 Kal.
672 1417 758 1458 Ian.
825 1416 927 1457 Inde
966 1416 1236 1469 Pomptinam
1283 1431 1397 1456 sum-

63 1491 194 1531 mam,
238 1476 334 1516 inde
373 1477 418 1516 ‘in
455 1475 669 1516 Albanum
707 1475 892 1529 Pompei.
959 1473 1026 1515 Ita
1067 1474 1118 1515 ad
1157 1475 1306 1515 urbem
1345 1486 1396 1515 ΙΙΙ

65 1533 212 1575 Nonas
243 1533 376 1574 natali
406 1548 511 1575 meo.

152 1591 216 1633 De
256 1607 300 1633 re
343 1592 510 1645 publica
553 1592 705 1633 cotidie
751 1592 887 1646 magis
930 1591 1072 1632 timeo.
1141 1590 1241 1632 Non
1285 1591 1395 1632 enim
1422 1601 1443 1631 4

11 1667 45 1693 25
64 1651 179 1705 boni,
209 1653 256 1691 ut
288 1653 505 1705 putantur,
536 1651 816 1691 consentiunt.
861 1649 974 1697 Quos
1008 1663 1084 1704 ego
1118 1649 1281 1703 equites
1313 1649 1396 1690 Ro-

64 1724 230 1763 manos,
272 1723 377 1763 quos
411 1711 624 1749 senatores
657 1709 761 1763 vidi,
799 1708 872 1762 qui
903 1708 1102 1748 acerrime
1134 1722 1228 1748 cum
1259 1710 1397 1747 cetera

64 1771 158 1809 tum
195 1767 276 1808 1100
314 1768 395 1808 iter
434 1766 610 1821 Pompei
649 1767 955 1820 vituperarent!
1022 1765 1128 1806 Pace
1175 1780 1279 1819 opus
1322 1768 1395 1806 est.

65 1826 132 1867 Ex
168 1826 346 1867 victoria
390 1840 484 1866 cum
519 1825 655 1866 multa
686 1825 796 1865 mala
826 1827 920 1865 tum
950 1826 1060 1865 certe
1091 1826 1296 1877 tyrannus
1330 1838 1397 1864 ex-

67 1885 198 1925 sistet.
261 1883 341 1925 Sed
370 1884 474 1925 haec
503 1898 635 1938 prope
666 1883 775 1923 diem
804 1897 953 1923 coram.
1015 1881 1105 1922 lam
1135 1882 1258 1936 plane
1290 1881 1397 1923 mihi

14 1959 48 1984 30
68 1943 201 1996 deest,
242 1943 353 1996 quod
391 1943 442 1984 ad
477 1945 520 1983 te
557 1942 754 1995 scribam3
794 1955 871 1982 nec
913 1941 1023 1981 enim
1055 1941 1103 1980 de
1141 1954 1185 1981 re
1216 1940 1398 1996 publica,

68 2000 180 2055 quod
210 2003 385 2054 uterque
416 2003 611 2042 nostrum
644 2001 723 2041 scit
760 2000 921 2054 eadem,
958 2001 1000 2040 et
1037 1999 1265 2039 domestica
1295 2002 1397 2039 nota

67 2061 166 2099 sunt
198 2059 413 2100 ambobus.

154 2116 381 2170 Reliquum
407 2120 470 2158 est
495 2117 638 2173 iocari,
663 2117 699 2158 si
723 2117 792 2157 1110
819 2116 940 2157 sinat.
987 2114 1098 2156 Nam
1124 2129 1202 2170 ego
1227 2116 1264 2156 is
1292 2130 1396 2170 sum,
1423 2126 1443 2156 5
1466 2120 1468 2122 ’

68 2175 140 2230 qui
182 2175 247 2215 illi
290 2176 459 2216 concedi
500 2179 646 2230 putem
688 2175 836 2216 utilius
886 2188 994 2228 esse,
1043 2174 1155 2228 quod
1196 2173 1397 2229 postulat.

12 2250 46 2275 35
67 2249 193 2288 quam
225 2233 346 2287 signa
377 2234 565 2275 conferri.
629 2233 730 2275 Sero
763 2234 874 2274 enim
910 2233 1147 2274 resistimus
1180 2233 1235 2287 01,
1273 2247 1398 2286 quem

64 2307 139 2346 per
182 2306 314 2333 annos
355 2292 493 2333 decem
530 2292 710 2333 aluimus
747 2294 894 2333 contra
930 2305 1018 2332 nos.
1083 2290 1205 2339 ‘Quid
1243 2291 1396 2332 senties
