1665 2553
319 60 662 95 EPISTULARUM
687 61 752 95 AD
779 60 995 95 ATTICUM
1019 61 1070 94 XI
1097 64 1222 96 9—11.
1354 61 1441 103 335)

95 157 282 198 furorem
322 171 372 198 ex
412 156 465 197 iis
504 155 719 211 epistulis,
756 171 860 211 quas
893 156 945 197 ad
976 158 1018 198 te
1049 156 1165 210 misi,
1202 156 1440 210 perspicere

95 215 286 270 potuisti.
336 214 454 256 Haec
484 215 567 256 tibi
600 215 736 256 dolori
768 230 859 257 esse
891 218 1005 257 certo
1039 216 1142 267 sci03
1175 229 1243 256 me
1269 215 1438 269 quidem

96 275 338 316 excruciant
379 276 421 314 et
453 287 500 315 eo
533 274 688 328 magis,
728 274 842 328 quod
872 274 980 315 mihi
1011 288 1106 315 cum
1136 274 1223 314 illis
1255 288 1308 315 ne
1342 288 1439 328 que—

95 333 214 374 rendi
247 332 417 387 quidem
445 332 586 373 locum
617 334 810 373 futurum
841 336 958 386 puto.

60 409 75 434 5
183 391 247 433 De
287 390 500 432 Africanis
537 391 664 432 rebus
699 392 825 446 longe
864 391 947 432 alia
980 391 1124 444 nobis,
1169 405 1216 432 ac
1253 394 1301 432 tu
1341 391 1438 431 scri—

94 465 260 505 pseras,
300 450 565 491 nuntiantur.
626 449 750 491 Nihil
792 450 904 491 enim
947 450 1111 490 firmius
1151 464 1242 490 esse
1280 449 1438 503 dicunt,

94 509 203 550 nihil
233 509 436 563 paratius.
486 508 661 550 Accedit
692 508 901 562 Hispania
933 511 975 550 et
1004 509 1186 550 alienata
1209 508 1348 562 Italia,
1380 508 1436 549 le-

1464 402 1484 431 [Ο

95 568 271 623 gionum
300 582 377 608 1160
407 568 472 608 vis
505 568 650 608 eadem
680 582 755 608 nec
787 567 1000 622 voluntas,
1030 567 1216 608 urbanae
1247 581 1314 608 res
1346 582 1436 621 per-
1470 598 1475 603 .

95 626 216 668 ditae.
279 625 390 674 Quid
421 629 505 680 est,
541 626 616 666 ubi
649 626 921 681 acquiescam,
959 626 1044 666 nisi
1077 641 1204 680 quam
1235 625 1307 666 diu
1338 629 1436 666 tuas

41 703 75 727 ιο
94 685 261 726 litteras
293 685 420 740 lego?
471 684 585 733 Quae
612 688 753 726 essent
778 685 968 739 profecto
995 685 1240 739 crebriores,
1272 685 1307 725 si
1335 684 1436 738 quid

93 743 289 798 haberes,
333 758 416 798 quo
460 747 633 797 putares
676 758 814 784 meam
849 744 1091 785 molestiam
1127 743 1264 783 minui
1300 757 1435 797 posse.

96 802 178 845 Sed
213 805 357 843 tamen
386 805 428 843 te
459 816 577 857 rogo,
604 807 651 844 ut
681 817 735 844 ne
766 803 1027 844 intermittas
1060 802 1242 843 scribere
1274 802 1326 842 ad
1356 816 1437 855 me,

96 861 296 915 quicquid
328 861 419 915 erit,
458 875 625 916 eosque,
648 857 731 915 ‘qui
760 861 865 902 mihi
897 863 987 902 tam
1019 861 1244 902 crudeliter
1275 860 1436 901 inimici

96 923 214 975 sunt,
255 920 290 960 si
323 920 461 960 odisse
492 935 579 961 non
609 924 751 974 potes,
783 935 950 961 accuses
982 922 1135 973 tamen,
1166 934 1254 960 non
1283 922 1331 960 ut
1365 919 1437 959 ali-

41 995 74 1021 15
95 979 195 1032 quid
238 979 452 1032 proficias,
497 979 569 1019 sed
612 981 661 1019 ut
700 979 781 1019 tibi
823 994 890 1020 me
928 993 1070 1020 carum
1108 992 1199 1019 esse
1238 978 1436 1019 sentiant.

94 1037 222 1078 Plura
254 1037 306 1077 ad
336 1040 378 1078 te
411 1037 605 1091 scribam,
638 1037 673 1078 si
698 1037 805 1078 mihi
831 1037 882 1078 ad
907 1051 976 1078 eas
1001 1037 1182 1091 litteras,
1214 1051 1317 1090 quas
1343 1051 1438 1090 pro-

93 1096 207 1137 xime
239 1096 290 1136 ad
322 1099 364 1137 te
397 1096 503 1151 dedi,
533 1096 811 1150 rescripseris.
872 1096 990 1137 Vale.
1052 1107 1118 1136 XII
1148 1094 1200 1136 K.
1226 1094 1347 1136 Febr.

733 1213 804 1254 XI.

318 1293 391 1328 Ser.
413 1294 597 1328 Brundisi
628 1293 734 1328 VIII
753 1294 810 1327 Id.
833 1293 948 1328 Mart.
971 1305 1003 1328 α.
1027 1295 1099 1327 ’707
1126 1295 1216 1336 (47).

41 1384 75 1408 20
521 1374 689 1410 CICERO
716 1375 889 1410 ATTICO
918 1375 1015 1409 SAL.

184 1445 410 1487 Confectus
453 1447 539 1488 iam
579 1448 767 1488 cruciatu
808 1447 1091 1488 maximorum
1129 1447 1341 1500 dolorum,
1385 1462 1438 1487 ne

96 1506 133 1546 si
166 1505 222 1546 sit
255 1505 442 1559 quidem,
488 1506 601 1559 quod
634 1506 684 1546 ad
715 1508 757 1546 te
791 1506 966 1546 debeam
1000 1505 1202 1559 scribere,
1241 1506 1365 1546 facile
1395 1506 1439 1546 id

96 1564 270 1618 exsequi
301 1564 482 1618 possim,
517 1564 600 1604 hoc
630 1564 791 1618 minus,
830 1564 942 1618 quod
973 1578 1040 1604 res
1071 1564 1190 1604 nulla
1222 1567 1299 1618 est,
1331 1578 1438 1617 quae

97 1622 318 1663 scribenda
364 1623 437 1676 sit,
481 1636 575 1663 cum
613 1622 864 1676 praesertim
907 1637 959 1663 ne
1004 1636 1099 1675 spes
1139 1622 1309 1675 quidem
1351 1622 1439 1663 ulla

43 1698 76 1723 25
98 1681 346 1722 ostendatur
382 1681 473 1722 fore
510 1681 673 1721 melius.
734 1680 801 1721 Ita
841 1680 926 1721 iam
957 1695 1010 1721 ne
1041 1682 1137 1721 tuas
1171 1681 1339 1734 quidem
1370 1681 1439 1721 lit-

97 1742 209 1780 teras
253 1742 469 1794 exspecto,
519 1754 776 1793 quamquam
821 1752 984 1792 semper
1029 1738 1188 1792 aliquid
1229 1739 1438 1792 adferunt,

97 1798 211 1851 quod
240 1799 379 1839 velim.
430 1797 565 1846 Quare
597 1801 645 1838 tu
672 1798 840 1851 quidem
868 1797 1056 1851 scribito,
1088 1811 1182 1837 cum
1209 1797 1303 1849 erit,
1337 1798 1438 1850 quoi

98 1856 181 1897 deS.
242 1856 337 1910 Ego
370 1857 456 1897 tuis
489 1857 714 1910 proximis,
753 1871 857 1909 quas
888 1859 1033 1896 tamen
1063 1855 1148 1896 iam
1179 1855 1344 1909 pridem
1376 1870 1439 1896 30-

99 1914 207 1967 cepi,
242 1915 352 1955 nihil
387 1915 522 1955 habeo
568 1914 680 1968 quod
716 1915 963 1968 rescribam3
1006 1914 1135 1968 longo
1169 1914 1281 1954 enim
1311 1914 1439 1954 inter-

45 1989 78 2014 30
98 1973 210 2012 vallo
242 1973 362 2014 video
392 1973 618 2014 immutata
644 1987 733 2014 esse
760 1973 919 2027 omnia3
950 1972 1025 2013 illa
1050 1986 1139 2013 esse
1165 1972 1298 2026 firma,
1332 1986 1439 2026 quae

100 2031 298 2085 debeant,
345 2046 424 2072 nos
476 2032 686 2072 stultitiae
733 2035 904 2072 nostrae
955 2031 1229 2085 gravissimas
1279 2045 1438 2084 poenas

99 2089 290 2142 pendere.

187 2146 233 2188 P.
261 2146 464 2188 Sallustio
496 2148 679 2189 curanda
711 2151 809 2188 sunt
840 2146 914 2188 HS
947 2149 1060 2201 fiii,
1105 2161 1211 2200 quae
1245 2147 1384 2201 accepi
1416 2162 1439 2187 a

100 2203 173 2246 Cn.
208 2204 422 2246 Sallustio.
484 2205 625 2247 Velim
667 2206 826 2260 videas,
862 2208 911 2246 ut
954 2206 1043 2246 sine
1075 2219 1194 2246 mora
1226 2209 1436 2247 curentur.

45 2280 78 2305 35
99 2263 162 2304 De
194 2278 241 2304 ea
272 2279 316 2304 re
350 2264 498 2318 scripsi
530 2265 580 2305 ad
611 2264 863 2305 Terentiam.
913 2264 1057 2317 Atque
1081 2263 1162 2304 hoc
1187 2264 1329 2318 ipsum
1354 2264 1438 2305 iam

1468 1458 1484 1488 1

1465 2159 1485 2188 2
