1665 2553
169 1663 188 1692 (31

216 90 304 131 464
644 91 692 124 M.
714 91 855 126 TULLI
880 91 1132 126 CICERONIS

216 186 296 242 rei,
333 186 404 228 sed
442 187 576 228 totius
615 187 859 228 consulatus
900 187 976 228 sui.
1039 185 1147 228 Cum
1184 185 1372 228 Antonio
1415 189 1557 229 autem

218 245 277 286 sic
309 260 494 301 agemus,
528 248 575 286 ut
607 246 849 299 perspiciat,
882 246 918 286 si
949 246 994 286 in
1026 260 1074 287 eo
1100 246 1274 300 negotio
1300 246 1424 287 nobis
1452 246 1555 287 satis

216 304 380 358 fecerit,
425 307 564 345 totum
602 319 668 344 me
706 304 898 345 futurum
940 319 1072 345 suum.
1134 303 1400 345 Dolabellam
1433 319 1554 359 spero

217 362 331 403 domi
362 377 464 404 esse.

305 421 540 462 Redeamus
573 421 625 461 ad
655 424 838 462 nostros.
888 420 951 462 De
984 422 1139 475 quibus
1171 425 1220 462 tu
1251 422 1407 463 bonam
1440 436 1555 475 spem
1593 441 1609 466 5

216 482 259 520 te
303 480 516 534 significas
560 479 714 520 habere
756 483 931 534 propter
968 481 1201 521 edictorum
1237 480 1555 521 humanitatem.

216 538 310 593 Ego
350 542 491 579 autem
528 539 740 592 perspexi,
778 553 871 579 cum
912 554 935 579 a
972 553 1039 579 me
1070 551 1168 579 XVII
1198 539 1291 580 Kal.
1326 539 1375 579 de
1406 538 1557 580 Puteo—

215 597 312 638 lano
346 596 571 651 Neapolim
591 597 763 638 Pansae
804 597 1078 638 conveniendi
1120 612 1245 638 causa
1276 598 1556 652 proficiscere-

216 658 288 696 tur
318 655 501 711 Hirtius,
534 670 700 696 omnem
732 656 822 697 eius
856 671 1036 697 sensum.
1101 655 1255 697 Scduxi
1289 657 1400 697 enim
1432 659 1473 697 et
1506 656 1557 697 ad

217 729 362 768 pacem
404 729 498 755 sum
536 714 794 755 cohortatus.
862 714 962 756 Non
999 718 1167 769 poterat
1207 715 1366 756 scilicet
1402 729 1556 769 negare
1577 734 1610 759 10

219 788 262 814 se
294 773 399 814 velle
432 788 589 827 pacem,
622 773 693 814 sed
722 788 810 814 non
840 774 979 814 minus
1013 788 1055 815 se
1087 777 1331 815 nostrorum
1363 789 1478 815 arma
1503 774 1558 814 ti-

218 846 329 872 mere
363 847 489 885 quam
520 831 696 887 Antoni,
728 835 769 873 et
801 835 944 873 tamen
975 835 1179 886 utrosque
1205 847 1291 873 non
1317 833 1406 873 sine
1432 847 1557 873 causa

218 891 474 944 praesidium
510 890 683 943 habere,
729 905 772 932 se
811 894 951 932 autem
990 894 1168 945 utraque
1207 906 1323 933 arma
1359 894 1556 933 metuere.

219 948 328 998 Quid
361 950 559 1003 quaeris?
610 947 743 991 οὐδὲν
773 949 903 1003 ὑγιές.

306 1007 369 1049 De
403 1008 560 1057 Quinto
592 1009 680 1049 filio
714 1009 795 1049 tibi
828 1008 1050 1049 adsentior.
1100 1007 1218 1049 Patri
1251 1008 1420 1062 quidem
1445 1011 1556 1049 certe
1576 1027 1608 1051 15
1664 1059 1665 1062 Ἴ

218 1067 486 1120 gratissimae
535 1067 669 1107 bellae
718 1070 816 1108 tuae
865 1067 1032 1108 litterae
1074 1067 1257 1108 fuerunt.
1329 1066 1557 1108 Caerelliae
1664 1068 1665 1071 ’

216 1140 315 1166 vero
359 1126 481 1166 facile
526 1126 628 1166 satis
673 1126 772 1179 feci,
816 1140 891 1166 nec
934 1126 1052 1166 valde
1092 1126 1284 1167 laborare
1322 1126 1428 1166 mihi
1466 1126 1557 1167 visa

218 1186 291 1236 est,
323 1187 377 1239 et,
410 1185 445 1224 si
477 1184 561 1237 illa,
594 1199 672 1239 ego
706 1187 816 1225 certe
848 1199 935 1225 non
965 1185 1213 1225 laborarem.
1277 1183 1410 1225 Istam
1442 1199 1556 1235 vero,

218 1257 342 1295 quam
381 1242 462 1282 tibi
500 1242 723 1283 molestam
762 1243 911 1283 scribis
948 1258 1057 1297 esse,
1102 1244 1289 1283 auditam
1328 1258 1351 1283 a
1391 1246 1433 1284 te
1467 1257 1557 1283 esse

218 1301 390 1341 omnino
430 1301 623 1341 demiror.
692 1300 821 1354 Nam,
867 1301 980 1354 quod
1018 1316 1108 1342 eam
1152 1301 1401 1342 conlaudavi
1445 1301 1557 1355 apud
1577 1320 1610 1344 20

217 1359 373 1399 amicos
416 1359 685 1400 audientibus
717 1359 855 1400 tribus
888 1360 987 1400 filiis
1020 1360 1109 1400 eius
1142 1363 1183 1401 et
1215 1360 1304 1400 filia
1334 1363 1427 1414 tua,
1464 1360 1555 1412 ’ξ-τὸ

217 1417 262 1458 ἐκ
294 1418 454 1459 τούτου
487 1418 588 1471 quid
621 1421 684 1458 est
716 1418 824 1458 hoc‘?

347 1499 496 1548 ‘Quid
534 1502 613 1540 est
652 1503 833 1554 autem,
876 1515 960 1541 cur
993 1514 1082 1555 ego
1124 1502 1428 1554 personatus

745 1559 1034 1599 ambulem?

216 1652 424 1693 Parumne
467 1652 590 1693 foeda
632 1667 813 1706 persona
852 1655 916 1693 est
954 1653 1087 1706 ipsius
1129 1653 1386 1694 senectutis?
1437 1653 1556 1701 Quod
1576 1670 1608 1695 25

215 1711 375 1752 Brutus
415 1714 557 1765 rogat,
599 1714 647 1752 ut
680 1714 776 1752 ante
808 1711 1037 1764 Kalendas,
1076 1711 1127 1751 ad
1159 1726 1225 1752 me
1258 1726 1426 1765 quoque
1458 1712 1555 1753 scri-

216 1770 315 1823 psit,
347 1773 388 1810 et
420 1770 600 1810 fortasse
632 1770 793 1810 faciam.
855 1769 936 1810 Sed
962 1770 1097 1823 plane,
1130 1770 1231 1823 quid
1256 1770 1370 1823 velit,
1402 1771 1553 1812 nescio.

217 1828 327 1877 Quid
354 1828 466 1868 enim
493 1828 557 1868 illi
584 1828 745 1868 adferre
772 1828 939 1869 consilii
966 1842 1153 1881 possum,
1173 1842 1267 1868 cum
1293 1828 1384 1882 ipse
1410 1843 1554 1883 egeam

217 1887 413 1941 consilio,
451 1890 492 1927 et
530 1901 624 1927 cum
663 1887 733 1927 ille
775 1901 874 1927 suae
916 1887 1215 1927 inmortalitati
1246 1887 1395 1927 melius
1429 1902 1555 1940 quam

215 1949 363 1986 nostro
403 1945 491 1985 otio
530 1945 819 1986 consuluerit?
869 1945 932 1985 De
971 1946 1117 1999 regina
1148 1959 1292 1985 rumor
1324 1945 1553 2001 exstingui-
1574 1963 1608 1987 30

216 2006 298 2044 tur.
360 2002 423 2044 De
455 2003 658 2059 Flamma,
691 2004 864 2044 obsecro
897 2007 951 2058 te,
984 2004 1018 2044 si
1053 2004 1154 2057 quid
1185 2006 1318 2057 potes.
