1665 2553
310 54 650 90 EPISTULARUM
675 55 741 89 AD
767 55 982 90 ATTICUM
1007 56 1040 90 X
1067 60 1214 92 12—13.
1346 57 1431 98 315

92 151 287 205 σφάλμα,
325 151 458 206 vides,
497 166 623 205 quam
659 154 784 206 turpe
815 152 844 205 †
865 154 939 193 est.
1002 151 1225 207 trahimur,
1263 166 1340 193 nec
1371 153 1432 193 fu-

91 209 302 265 giendum,
335 210 370 250 si
403 210 504 264 quid
536 211 775 252 violentius.

179 267 243 309 De
270 267 411 309 Caelio
446 283 567 323 saepe
600 284 764 310 mecum
791 269 907 324 agito
933 284 1020 323 nec,
1054 269 1089 310 si
1117 269 1219 323 quid
1243 269 1431 310 habuero
1458 283 1477 313 3
1505 283 1542 316 (e)

90 326 193 382 tale,
230 327 453 368 dimittam.
515 327 744 382 Hispanias
787 343 909 382 spero
940 328 1084 369 firmas
1117 343 1218 369 esse.
1282 328 1431 369 Massi·

55 404 70 430 5
90 385 287 426 liensium
315 386 475 427 factum
501 401 596 427 cum
621 388 762 441 ipsum
788 402 861 441 per
888 402 931 428 se
957 387 1221 428 luculentum
1248 390 1312 428 est
1338 390 1431 427 tum

40 444 43 495 j
89 444 195 485 mihi
235 448 485 500 argumento
531 448 594 486 est
635 449 746 487 recte
784 460 874 487 esse
911 445 956 486 in
993 445 1226 500 Hispaniis.
1288 445 1432 486 Minus

90 504 202 544 enim
229 504 440 558 auderent,
473 504 508 545 si
535 504 657 545 aliter
683 507 805 559 esset,
838 508 879 545 et
906 505 1080 559 scirent,
1111 519 1209 545 nam
1236 507 1277 545 et
1304 504 1431 545 vicini

90 565 131 603 et
169 563 393 618 diligentes
432 566 542 604 sunt.
611 562 764 604 Odium
802 566 944 604 autem
980 566 1092 604 recte
1130 563 1430 604 animadvertis

89 621 374 676 significatum
406 623 451 663 in
482 622 661 664 theatro.
723 622 930 677 Legiones
964 623 1092 663 etiam
1123 622 1211 677 has,
1250 636 1354 676 quas
1386 622 1432 663 in

52 678 214 724 oItah'a
253 681 502 735 assumpsit,
545 681 824 722 alienissimas
858 695 948 722 esse
979 681 1112 722 video.
1175 679 1257 722 Sed
1288 684 1430 721 tamen

86 739 196 780 nihil
227 739 440 781 inimicius
475 755 601 794 quam
633 740 715 781 sibi
747 741 848 794 ipse.
910 740 1022 781 Illud
1053 742 1165 781 recte
1196 740 1340 793 times,
1378 754 1430 780 ne

86 801 193 839 ruat.
257 797 303 839 Si
340 799 591 853 desperarit,
628 802 739 840 certe
778 801 883 839 ruet.
945 798 1036 847 Quo
1075 798 1211 853 magis
1250 799 1430 839 efficien-

86 857 187 897 dum
226 857 387 911 aliquid
425 860 508 913 est,
548 858 720 898 fortuna
758 858 884 898 velim
922 857 1116 912 meliore,
1156 857 1297 898 animo
1331 856 1431 898 Cae-

85 916 211 957 liano.
273 914 353 956 Sed
384 916 568 970 primum
600 917 795 970 quidque.
847 916 966 964 Quod
999 917 1303 970 qualecumque
1339 916 1432 969 erit,

52 993 67 1019 5
87 975 289 1016 continuo
324 975 440 1016 scies.
503 974 594 1015 Nos
626 976 781 1030 iuveni,
812 977 860 1015 ut
891 989 1031 1030 rogas,
1063 974 1429 1028 suppeditabimus
1456 990 1478 1019 4
1514 989 1554 1021 (7)

87 1036 128 1075 et
165 1033 504 1087 Peloponnesum
543 1034 680 1087 ipsam
719 1034 1036 1075 sustinebimus.
1099 1033 1181 1074 Est
1219 1034 1331 1074 enim
1370 1034 1431 1073 in-

86 1092 221 1147 doles,
264 1092 388 1133 modo
434 1093 607 1146 aliquod
652 1093 681 1146 †
718 1093 799 1133 hoc
841 1092 896 1133 sit
933 1090 1045 1146 ἦθος
1085 1094 1428 1133 ΑΚΙΜΟΑΟΝ.

86 1150 206 1200 Quod
251 1152 286 1192 si
331 1151 465 1192 adhuc
508 1151 673 1192 nullum
719 1154 801 1206 est,
845 1165 935 1192 esse
973 1154 1116 1192 tamen
1152 1154 1313 1204 potest,
1357 1153 1430 1191 aut

86 1210 215 1266 ἀρετὴ
258 1224 346 1251 non
389 1213 454 1251 est
499 1211 721 1264 διδακτόν,
767 1210 880 1264 quod
920 1210 1026 1250 mihi
1066 1210 1307 1264 persuaderi
1344 1224 1431 1262 non

48 1289 66 1312 0
86 1271 240 1323 potest.
617 1291 619 1293 ·

698 1410 814 1451 XIII.

348 1501 420 1536 Ser.
439 1502 479 1535 in
506 1501 668 1536 Cumano
695 1501 792 1536 Non.
812 1502 908 1537 Mai.
927 1513 959 1537 a.
980 1505 1050 1537 705
1078 1504 1168 1545 (49).

490 1594 681 1629 CICERO
706 1595 899 1629 ATTICO
926 1595 1033 1629 SAL.

176 1679 377 1734 Epistula
410 1682 484 1719 tua
516 1679 759 1733 gratissima
791 1678 874 1719 fuit
905 1693 1022 1719 meae
1054 1678 1218 1718 Tulliae
1250 1680 1291 1718 et
1322 1693 1430 1718 mer·
1458 1692 1476 1722 1

32 1757 68 1783 25
87 1740 178 1781 cule
221 1738 336 1779 mihi.
407 1736 579 1791 Semper
621 1737 834 1791 speculam
872 1737 1058 1790 aliquam
1099 1737 1295 1777 adferunt
1332 1740 1430 1777 tuae

87 1798 266 1839 litterae.
331 1795 496 1838 Scribes
534 1796 668 1851 igitur
707 1810 769 1849 ac,
813 1796 848 1836 si
887 1795 987 1850 quid
1024 1795 1077 1836 ad
1109 1810 1225 1849 spem
1257 1795 1432 1850 poteris,

88 1871 141 1897 ne
172 1855 392 1897 dimiseris.
444 1854 508 1895 Tu
534 1854 698 1895 Antoni
723 1855 864 1895 leones
891 1854 1165 1908 pertimescas
1192 1868 1300 1894 cave.
1356 1852 1430 1894 Ni—

88 1914 152 1955 hil
189 1917 253 1955 est
290 1914 364 1955 illo
401 1913 573 1954 homine
604 1913 838 1953 iucundius.
900 1912 1085 1954 Attende
1117 1912 1277 1966 πρᾶξιν
1308 1916 1430 1953 πολι-

89 1979 224 2015 τικοῦ.
286 1972 493 2014 Evocavit
536 1972 692 2013 litteris
736 1986 758 2012 e
802 1971 1045 2024 municipiis
1090 1971 1231 2011 decem
1268 1971 1428 2024 primos

33 2050 71 2076 30
91 2034 132 2072 et
164 2043 234 2072 1111
246 2031 369 2072 viros.
420 2030 640 2072 Venerunt
673 2030 725 2071 ad
756 2030 901 2071 villam
933 2030 1023 2070 eius
1055 2044 1187 2070 mane.
1238 2028 1430 2070 Primum

90 2089 262 2131 dormiit
294 2090 345 2130 ad
374 2089 414 2130 h.
441 2101 504 2145 ΠΙ,
535 2089 695 2143 deinde,
727 2103 821 2129 cum
853 2091 963 2129 esset
995 2088 1241 2129 nuntiatum
1266 2088 1430 2129 venisse

89 2148 396 2202 Neapolitanos
428 2151 470 2188 et
496 2146 708 2188 Cumanos
739 2146 824 2202 (his
852 2148 964 2188 enim
990 2150 1054 2187 est
1081 2146 1236 2187 Caesar
1261 2145 1432 2202 iratus),

88 2207 294 2261 postridie
332 2206 467 2246 redire
498 2206 641 2260 iussit,
684 2206 817 2246 lavari
850 2221 893 2246 se
925 2205 1032 2246 velle
1065 2208 1105 2246 et
1137 2204 1236 2258 περὶ
1268 2209 1430 2246 κοιλιο-

89 2268 247 2307 λυσιάν
284 2267 499 2318 γίνεσθαι.
560 2264 653 2305 Hoc
690 2264 788 2304 here
827 2264 974 2304 effecit.
1036 2263 1173 2305 Hodie
1213 2266 1354 2305 autem
1385 2265 1431 2305 in
