1665 2553
310 69 650 105 EPISTULARUM
676 69 740 103 AD
767 68 984 103 ATTICUM
1009 68 1041 103 V
1070 72 1124 113 10,
1155 73 1209 103 11.
1347 67 1429 109 139

722 223 793 266 XI.

327 304 401 339 Ser.
421 304 575 339 Athenis
594 316 653 349 pr.
674 305 772 339 Non.
798 304 920 349 Quint.
942 316 975 338 a.
998 306 1069 339 703
1097 305 1187 347 (51).

510 385 679 421 CICERO
707 385 881 421 ATTICO
909 385 1008 420 SAL.

172 460 279 516 Hui,
316 460 501 501 totiesne
532 474 600 501 me
631 460 798 500 litteras
831 458 995 500 dedisse
1026 457 1221 511 Romam,
1253 472 1349 499 cum
1380 456 1432 498 ad
1461 468 1478 498 1

48 535 64 561 5
85 523 126 561 te
158 520 297 561 nullas
324 519 496 560 darem?
541 518 601 560 At
627 533 726 560 vero
753 518 932 572 posthac
957 518 1119 558 frustra
1144 516 1290 571 potius
1322 516 1430 557 dabo

86 594 225 633 quam,
257 579 293 619 si
318 584 431 619 recte
458 578 549 618 dari
574 577 806 632 potuerint,
833 576 1112 631 committam,
1138 578 1187 616 ut
1211 590 1298 616 non
1324 575 1431 616 dem.

85 637 150 678 Ne
194 637 413 692 provincia
455 636 581 678 nobis
626 638 900 690 prorogetur,
949 649 1024 689 per
1067 635 1280 676 fortunas!
1331 634 1432 674 dum

87 697 202 750 ades,
247 695 450 751 quicquid
496 694 710 749 provideri
746 695 915 747 poterit,
958 693 1143 748 provide.
1205 692 1307 734 Non
1350 692 1433 733 dici

86 758 240 809 potest,
274 770 401 809 quam
430 754 606 809 flagrem
633 753 838 794 desiderio
866 752 997 807 urbis,
1032 767 1159 807 quam
1183 752 1255 793 vix
1280 751 1433 792 harum

32 830 67 855 10
87 828 229 855 rerum
259 813 546 855 insulsitatem
577 813 721 853 feram.

175 872 400 913 Marcellus
434 872 555 913 foede
581 872 626 912 in
647 870 855 913 Comensi.
906 870 1005 911 Etsi
1030 869 1103 910 ille
1128 869 1432 924 magistratum
1458 881 1478 910 ‘2

86 946 173 972 non
205 934 405 986 gesserat,
437 933 526 971 erat
558 933 701 971 tamen
732 929 1074 983 Transpadanus.
1136 927 1203 969 Ita
1234 928 1341 968 mihi
1373 927 1433 969 vi-

89 990 210 1031 detur
249 1004 337 1031 non
379 989 518 1030 minus
564 989 772 1030 stomachi
812 990 962 1029 nostro
1002 1002 1126 1040 quam
1166 986 1338 1028 Caesari
1374 987 1432 1027 fe·
1490 1007 1497 1010 -

20 1064 32 1080 1
89 1049 206 1090 cisse.
268 1047 349 1089 Sed
384 1048 466 1089 hoc
501 1048 592 1101 ipse
629 1047 792 1089 viderit.
854 1046 1082 1100 Pompeius
1117 1045 1225 1087 mihi
1263 1059 1432 1100 quoque
1459 1056 1480 1086 3

34 1125 69 1148 15
89 1107 323 1162 videbatur,
355 1107 468 1161 quod
500 1106 650 1147 scribis
670 1105 908 1147 Varronem
933 1106 1080 1159 dicere,
1112 1105 1157 1146 in
1177 1104 1433 1158 Hispaniam

90 1169 201 1207 certe
237 1166 389 1207 iturus.
450 1164 499 1206 Id
537 1179 615 1220 ego
648 1165 821 1206 minime
854 1164 1111 1218 probabam3
1157 1163 1231 1217 qui
1263 1163 1435 1217 quidem

89 1224 341 1278 Theophani
367 1224 489 1265 facile
514 1224 707 1278 persuasi
730 1223 841 1264 nihil
866 1237 954 1264 esse
979 1222 1131 1264 melius
1160 1237 1287 1276 quam
1311 1222 1436 1262 illum

87 1298 297 1337 nusquam
341 1283 562 1324 discedere.
631 1283 749 1337 Ergo
788 1281 973 1323 Graecus
1012 1280 1240 1322 incumbet.
1307 1280 1435 1322 Valet

92 1345 234 1383 autem
265 1342 496 1383 auctoritas
530 1342 618 1382 eius
652 1341 764 1395 apud
794 1341 917 1382 illum
947 1340 1191 1394 plurimum.

35 1418 72 1442 ρο
179 1400 274 1455 Ego
306 1400 382 1441 has
414 1415 475 1454 pr.
506 1400 662 1442 Nonas·
687 1399 919 1448 Quinctiles
952 1399 1223 1453 proficiscens
1250 1397 1432 1438 Athenis
1459 1409 1482 1439 4

92 1459 198 1514 dedi,
229 1473 324 1499 cum
349 1459 410 1499 ibi
436 1459 576 1499 decem
607 1459 724 1512 ipsos
750 1458 927 1499 fuissem
952 1458 1050 1499 dies.
1101 1456 1287 1498 Venerat
1313 1455 1435 1498 Pom-

91 1518 250 1572 ptinus,
281 1532 366 1558 una
399 1516 470 1559 Cn.
496 1517 720 1571 Volusius,
765 1517 908 1558 aderat
941 1519 1159 1570 quaestor;
1190 1518 1291 1556 tuus
1323 1530 1434 1556 unus

93 1576 258 1617 Tullius
291 1576 449 1617 aberat.
499 1574 715 1629 Aphracta
746 1575 1013 1616 Rhodiorum
1045 1578 1087 1615 et
1119 1574 1281 1615 dicrota
1306 1573 1435 1627 Myti-

91 1635 335 1676 lenaeorum
366 1634 579 1675 habebam
610 1637 652 1676 et
684 1634 844 1688 aliquid
876 1634 1116 1675 ἐπικώπων.
1166 1631 1230 1673 De
1261 1632 1435 1673 Parthis

38 1710 74 1736 25
94 1697 184 1736 erat
216 1693 444 1734 silentium.
507 1692 629 1742 Quod
661 1695 864 1746 superest,
898 1692 940 1732 di
971 1692 1137 1732 iuvent!

181 1751 272 1793 Nos
306 1751 441 1792 adhuc
472 1751 554 1792 iter
586 1766 660 1805 per
688 1750 907 1792 Graeciam
939 1764 1104 1790 summa
1136 1763 1231 1790 cum
1257 1749 1431 1789 admira·
1462 1759 1483 1789 5

93 1810 209 1851 tione
241 1811 429 1864 fecimus,
460 1824 536 1850 nec
560 1809 799 1850 mehercule
824 1809 973 1862 habeo,
1007 1808 1121 1861 quod
1148 1807 1284 1848 adhuc
1310 1821 1436 1861 quem

95 1883 285 1910 accusem
316 1883 517 1910 meorum.
579 1867 790 1909 Videntur
821 1866 927 1908 mihi
958 1880 1084 1907 nosse
1115 1868 1310 1907 nostram
1343 1879 1436 1906 cau-

97 1941 186 1968 sam
223 1930 263 1968 et
294 1927 584 1968 condicionem
614 1925 890 1980 profectionis
924 1939 1044 1979 suae,
1087 1924 1211 1978 plane
1244 1924 1436 1965 serviunt

41 2002 77 2028 30
97 1985 403 2027 existimationi
435 2000 562 2026 meae.
614 1984 733 2034 Quod
767 1986 971 2038 superest,
1003 1983 1039 2024 si
1067 1997 1215 2023 verum
1240 1982 1346 2023 illud
1372 1984 1438 2023 est

97 2044 264 2098 (οἵαπερ
301 2044 327 2097 ἡ
366 2043 610 2099 δε’σποινα’,
647 2046 757 2084 certe
788 2042 1108 2096 permanebunt.
1169 2040 1293 2081 Nihil
1326 2041 1438 2082 enim

97 2117 121 2143 a
151 2116 218 2143 me
247 2102 340 2142 fieri
370 2102 430 2143 ita
461 2103 682 2156 videbunt,
719 2104 768 2142 ut
801 2101 883 2142 sibi
915 2101 971 2141 sit
1003 2099 1274 2153 delinquendi
1304 2099 1438 2140 locus.

97 2158 175 2201 Sin
204 2160 248 2200 id
278 2175 428 2213 parum
458 2161 687 2214 profuerit,
725 2160 798 2200 fiet
831 2159 992 2213 aliquid
1024 2174 1048 2199 a
1078 2158 1204 2199 nobis
1238 2158 1437 2199 severius.

95 2217 209 2259 Nam
241 2218 375 2259 adhuc
405 2219 580 2260 lenitate
613 2219 755 2260 dulces
789 2232 935 2259 sumus
969 2219 1022 2271 et,
1064 2220 1112 2257 ut
1145 2231 1281 2271 spero,
1313 2217 1439 2270 profi-

43 2294 77 2320 35
98 2278 231 2318 cimus
276 2276 552 2331 aliquantum.
616 2276 698 2318 Sed
737 2290 813 2330 ego
852 2277 979 2330 hanc,
1022 2278 1071 2316 ut
1111 2274 1243 2315 Siculi
1281 2275 1440 2330 dicunt,
