1665 2553
315 103 656 138 EPISTULARUM
681 104 745 138 AD
771 103 988 138 ATTICUM
1012 103 1099 139 XIII
1127 108 1276 140 31—33.
1391 105 1477 147 419

140 199 382 253 Torquatus
414 198 629 241 Romaest.
689 198 801 254 Misi,
838 202 886 240 ut
917 199 998 240 tibi
1031 199 1212 242 daretur.
1279 198 1477 241 Catulum
1504 212 1524 242 3

141 261 182 300 et
213 258 461 313 Lucullum,
496 260 544 299 ut
577 258 744 313 opinor,
782 261 916 300 antea.
976 257 1056 299 His
1090 258 1212 299 libris
1243 273 1354 300 nova
1384 274 1478 313 pro-

139 317 307 358 hoemia
348 319 448 358 sunt
485 316 644 370 addita,
683 317 837 370 quibus
876 331 1022 358 eorum
1061 319 1237 371 uterque
1269 317 1476 359 laudatur.

139 375 226 417 Eas
263 376 429 416 litteras
461 375 557 416 volo
594 375 768 430 habeas,
807 378 848 416 et
886 378 985 416 sunt
1017 376 1222 430 quaedam
1253 376 1345 417 alia.
1409 376 1478 430 Et,

105 451 121 478 5
142 434 255 488 quod
281 434 332 475 ad
357 437 400 475 te
427 433 476 475 de
503 434 643 475 decem
669 434 820 489 legatis
848 435 1009 489 scripsi,
1041 450 1191 489 parum
1217 435 1479 489 intellexisti,

141 493 281 548 credo,
322 493 421 547 quia
452 494 525 534 διὰ
557 494 747 546 σημείων
779 493 1037 547 scripseram.
1099 493 1162 534 De
1197 492 1239 534 C.
1265 493 1477 534 Tuditano

142 552 254 593 em'm
287 552 557 606 quaerebam,
599 566 724 605 quem
756 566 807 592 ex
838 551 1068 593 Hortensio
1102 552 1316 593 audieram
1347 552 1478 593 fuisse

141 611 187 651 in
223 611 373 651 decem.
436 610 549 650 Eum
580 610 700 651 video
733 610 779 650 in
808 609 984 651 Libonis
1016 614 1255 665 praetorem
1286 611 1330 652 P.
1355 611 1477 664 Popi-

140 669 218 723 lio,
254 668 297 710 P.
324 668 498 722 Rupilio
538 682 631 710 coss.
694 668 830 709 Annis
863 681 963 710 XIIII
995 672 1108 724 ante,
1150 684 1277 723 quam
1307 672 1478 723 praetor

89 745 122 770 10
141 728 278 768 factus
310 730 394 782 est,
427 727 593 782 legatus
626 742 714 768 esse
747 728 973 781 potuisset,
1010 728 1093 768 nisi
1126 729 1349 769 admodum
1384 743 1477 769 sero

143 789 342 840 quaestor
374 789 477 827 esset
508 786 675 827 factus?
715 786 827 840 quod
852 801 939 827 non
964 787 1159 828 arbitror.
1204 786 1339 828 Video
1367 787 1479 828 enim

142 845 308 886 curules
345 845 622 899 magistratus
660 859 755 885 eum
790 845 994 900 legitimis
1033 845 1153 886 annis
1186 845 1385 900 perfacile
1417 860 1479 886 ce-

142 904 266 958 pisse.
326 903 595 944 Postumium
635 906 794 957 autem,
838 904 956 944 cuius
999 906 1184 945 statuam
1227 904 1272 944 in
1311 904 1477 945 Isthmo

142 963 383 1003 meminisse
423 964 463 1003 te
505 962 626 1016 diciS,
664 962 898 1003 nesciebam
934 963 1077 1004 fuisse.
1138 962 1180 1003 Is
1220 965 1361 1004 autem
1403 965 1479 1015 est,

90 1038 123 1064 15
144 1021 217 1075 qui
248 1034 320 1063 cos.
354 1035 449 1061 cum
480 1021 528 1061 L.
555 1020 731 1061 Lucullo
763 1021 864 1075 fuit3
906 1035 1031 1074 quem
1061 1024 1110 1062 tu
1141 1020 1247 1062 mihi
1279 1021 1480 1062 addidisti
1514 1034 1523 1037 ’

145 1094 243 1121 sane
285 1079 338 1120 ad
372 1079 495 1120 illum
534 1080 753 1132 σύλλογον
782 1094 1008 1133 personam
1039 1079 1242 1120 idoneam.
1303 1079 1480 1120 Videbis

144 1139 288 1193 igitur,
329 1138 365 1178 si
395 1137 567 1192 poteris,
599 1140 774 1192 ceteros,
804 1141 852 1178 ut
884 1138 1098 1192 possimus
1130 1144 1378 1192 πομπεῦσαι
1408 1137 1480 1179 καὶ

144 1205 234 1246 τοῖς
264 1197 525 1249 προσώποις.

713 1312 910 1354 XXXIII.

92 1402 124 1426 20
338 1393 411 1428 Ser.
432 1394 472 1427 in
502 1393 706 1428 Tusculano
730 1394 805 1427 III
824 1393 921 1427 Non.
941 1393 1027 1428 Imz.
1048 1405 1080 1428 α.
1104 1396 1176 1428 709
1202 1396 1292 1437 (45).

547 1475 738 1509 CICERO
762 1475 954 1509 ATTICO
979 1475 1086 1510 SAL.

238 1545 272 1587 O
295 1546 609 1601 neglegentiam
633 1547 800 1587 miram!
834 1546 1023 1588 Semelne
1049 1549 1173 1600 putas
1199 1546 1304 1587 mihi
1325 1547 1481 1588 dixisse
1510 1559 1526 1588 1

145 1604 327 1646 Balbum
354 1607 395 1646 et
419 1604 646 1646 Faberium
672 1605 977 1658 professionem
1003 1605 1209 1646 relatam?
1255 1605 1327 1658 qui
1354 1606 1481 1646 etiam

147 1678 291 1705 eorum
323 1663 441 1704 iussu
465 1663 665 1717 miserim,
699 1664 771 1717 qui
797 1664 1079 1716 profiteretur.
1129 1663 1197 1704 Ita
1223 1664 1334 1704 enim
1361 1677 1482 1716 opor-

94 1740 126 1765 25
146 1725 234 1763 tere
260 1722 466 1763 dicebant.
504 1721 723 1763 Professus
751 1725 814 1762 est
836 1721 1093 1762 Philotimus
1119 1722 1308 1762 libertus.
1341 1720 1482 1777 Nosti,

147 1781 287 1835 credo,
329 1781 560 1821 librarium.
622 1780 703 1821 Sed
742 1780 898 1820 scribes
940 1783 981 1820 et
1022 1780 1192 1834 quidem
1233 1780 1480 1820 confectum.

146 1839 214 1880 Ad
245 1838 483 1892 Faberium,
514 1841 562 1879 ut
593 1839 673 1878 tibi
704 1838 853 1892 placet,
883 1838 1050 1879 litteras
1082 1839 1190 1891 misi,
1221 1852 1317 1879 cum
1345 1838 1479 1879 Balbo
1508 1851 1528 1880 2

148 1900 289 1938 autem
326 1900 429 1951 puto
468 1900 511 1937 te
551 1897 712 1951 aliquid
747 1897 894 1937 fecisse
931 1896 1025 1950 †H.
1063 1897 1107 1937 in
1146 1896 1370 1950 Capitolio.
1431 1895 1483 1937 In

147 1955 339 2010 Vergilio
373 1955 478 1996 mihi
503 1956 620 1996 nulla
647 1958 710 1995 est
736 1956 941 2004 δυςωπιά.
990 1955 1079 1996 Ν66
1105 1956 1216 1996 enim
1241 1955 1330 1995 eius
1357 1969 1482 1995 causa

96 2031 130 2056 30
150 2028 248 2054 sane
286 2014 434 2068 debeo,
472 2017 529 2067 et,
568 2014 604 2054 si
642 2028 799 2068 emero,
836 2014 937 2067 quid
978 2014 1076 2067 erit,
1115 2013 1228 2068 quod
1264 2013 1481 2067 postulet?

150 2071 230 2113 Sed
261 2072 436 2126 videbis,
465 2086 518 2113 ne
549 2072 585 2113 is
616 2074 709 2112 tum
741 2072 797 2112 sit
828 2073 873 2112 in
903 2072 1048 2112 Africa
1079 2075 1128 2113 ut
1161 2071 1340 2113 Caelius.

236 2129 299 2170 De
329 2131 499 2171 nomine
530 2133 578 2171 tu
609 2131 770 2171 videbis
796 2145 890 2171 cum
924 2129 1085 2184 Cispi03
1118 2130 1200 2185 sed,
1234 2130 1269 2171 si
1300 2129 1481 2171 Plancus

149 2188 351 2242 destinat,
387 2191 479 2229 tum
514 2188 644 2229 habet
681 2203 746 2229 res
779 2189 1082 2230 difficultatem.
1148 2188 1205 2229 Te
1238 2188 1289 2229 ad
1319 2203 1385 2229 me
1416 2203 1483 2229 ve-

147 2247 239 2287 nire
276 2249 451 2300 uterque
488 2250 684 2288 nostrum
715 2247 848 2301 cupit3
894 2247 965 2288 sed
996 2247 1079 2287 ista
1110 2262 1176 2288 res
1206 2247 1324 2288 nullo
1356 2247 1481 2288 modo

96 2321 130 2347 35
149 2305 423 2359 relinquenda
466 2308 541 2348 est.
610 2304 822 2346 Othonem
865 2305 978 2359 quod
1017 2320 1158 2359 speras
1197 2320 1322 2359 posse
1359 2306 1484 2360 vinci,

1204 2373 1272 2408 27*
