1665 2553
326 60 664 96 EPISTULARUM
689 61 753 94 AD
780 59 995 95 ATTICUM
1021 60 1054 94 X
1080 60 1243 97 9A—11.
1361 61 1443 102 311

105 162 150 200 ut
191 158 229 199 ei
272 157 546 211 persuadeam
590 171 651 198 me
690 156 799 197 nihil
837 171 1081 211 properare3
1124 156 1353 196 missurum
1395 157 1446 197 ad

107 215 340 258 Caesarem.
393 214 512 256 Clam
545 231 679 271 agam,
711 230 806 256 cum
837 215 1104 269 paucissimis
1131 215 1286 255 alicubi
1313 215 1445 255 occul-

106 275 243 330 tabor,
269 275 413 328 †carti
443 274 542 315 hinc
573 275 668 315 istis
695 273 964 315 invitissimis
991 273 1180 327 evolabo,
1213 276 1339 327 atque
1365 274 1445 314 uti—

105 349 204 375 nam
231 333 282 374 ad
309 332 554 374 Curionem!
597 334 768 386 τΣύνες,
794 333 816 373 ὅ
842 348 908 374 τοι
936 331 1074 385 λέγω.’
1117 332 1298 386 Magnus
1325 332 1445 373 dolor

30 412 31 441 }
71 409 87 436 5
107 392 294 434 accessit.
356 391 579 433 Efficietur
612 392 771 446 aliquid
803 391 978 446 dignum
1008 391 1144 432 nobis.

30 447 31 456 ¹
196 453 424 504 Λυςουριά
456 454 529 492 tua
554 450 661 491 mihi
687 450 806 491 valde
832 450 1020 491 molesta.
1072 449 1250 503 Medere,
1284 449 1445 503 amabo,

107 510 205 550 dum
251 513 314 550 est
356 509 475 564 ἀρχή.
543 509 606 550 De
643 509 983 550 Massiliensibus
1022 511 1168 563 gratae
1205 511 1302 549 tuae
1339 508 1445 548 mihi
1472 520 1493 550 4

105 569 285 609 litterae.
337 567 513 623 Quaeso,
543 571 591 609 ut
617 568 758 621 sciam,
790 567 990 621 quicquid
1016 567 1208 608 audieris.
1260 566 1444 607 Ocellam

107 641 313 682 cuperem,
352 627 387 668 si
418 641 585 681 possem
618 627 768 681 palam,
803 626 915 680 quod
947 641 970 666 a
1004 625 1185 667 Curione
1217 625 1444 666 effeceram.

54 704 88 729 ιο
107 685 189 726 Hic
221 699 298 740 ego
333 683 526 726 Servium
558 688 772 739 exspect03
804 699 933 739 rogor
965 685 1077 726 enim
1109 685 1161 725 ab
1194 684 1283 725 eius
1315 698 1445 725 uxore

108 747 149 785 et
191 744 280 785 filio
320 747 362 785 et
399 747 503 798 puto
544 759 649 798 opus
689 758 789 785 esse.
859 744 888 797 1·
913 743 994 784 Hic
1032 746 1174 784 tamen
1217 741 1446 796 Cytherida

110 817 251 844 secum
281 803 429 844 lectica
462 806 606 857 aperta
639 805 796 857 portat,
828 803 1004 843 alteram
1035 816 1220 843 uxorem.
1278 800 1446 856 Septem

108 864 324 916 praeterea
362 862 608 903 coniunctae
646 861 816 908 lecticae
854 861 1083 901 amicarum
1122 863 1220 901 sunt
1259 875 1315 901 an
1347 860 1447 901 ami-

109 935 264 961 corum.
325 920 450 974 Vide,
489 935 615 974 quam
652 920 768 974 turpi
805 920 892 960 leto
929 934 1167 974 pereamus,
1205 922 1246 960 et
1288 919 1447 973 dubita,

56 997 90 1023 15
111 980 146 1019 si
178 981 312 1033 potes,
352 979 455 1032 quin
485 980 569 1034 ille,
601 993 674 1020 seu
705 979 842 1019 vietus
877 993 949 1019 seu
981 979 1115 1019 vietor
1146 978 1331 1032 redierit,
1362 992 1447 1018 cae-
1506 996 1513 999 ·

110 1038 204 1078 dem
243 1038 433 1078 facturus
473 1038 538 1078 sit.
600 1037 694 1092 Ego
733 1052 831 1078 vero
870 1037 936 1077 vel
974 1036 1221 1090 luntriculo,
1259 1037 1295 1077 si
1326 1036 1447 1077 navis

109 1110 197 1137 non
228 1097 320 1150 erit,
352 1096 529 1150 eripiam
554 1111 620 1137 me
646 1111 695 1136 ex
722 1096 904 1136 istorum
928 1096 1167 1149 parricidio.
1219 1093 1300 1136 Sed
1325 1095 1448 1149 plura

112 1155 304 1208 scribam,
335 1169 429 1195 cum
459 1155 581 1195 illum
612 1169 854 1196 convenero.

199 1212 399 1254 Iuvenem
429 1216 623 1254 nostrum
653 1228 740 1254 non
771 1227 945 1267 possum
976 1227 1063 1254 non
1094 1227 1252 1267 amare,
1291 1212 1362 1252 sed
1395 1213 1447 1253 ab
1475 1225 1494 1255 6

58 1290 92 1315 20
111 1286 159 1312 eo
191 1286 269 1312 nos
301 1287 388 1313 non
419 1273 551 1313 amari
583 1272 707 1326 plane
732 1272 945 1326 intellego.
996 1270 1118 1312 Nihil
1144 1285 1220 1326 ego
1247 1271 1333 1311 vidi
1359 1273 1448 1311 tam

111 1329 454 1386 ἀνηθοποίητον,
493 1334 581 1371 tam
620 1345 813 1371 aversum
851 1345 874 1371 a
913 1330 1018 1384 suis,
1055 1333 1144 1370 tam
1174 1330 1314 1370 nescio
1349 1330 1449 1383 quid

111 1389 315 1443 cogitans.
384 1389 416 1430 O
453 1389 540 1430 Vim
570 1389 859 1430 incredibilem
891 1388 1197 1429 molestiarum!
1252 1388 1332 1429 Sed
1370 1389 1449 1428 erit

112 1461 234 1487 curae
273 1450 314 1487 et
346 1450 429 1502 est,
466 1451 514 1488 ut
546 1451 728 1502 regatur.
790 1447 948 1488 Mirum
981 1450 1044 1488 est
1077 1447 1188 1488 enim
1220 1447 1450 1501 ingenium,

111 1506 254 1558 ἤθους
286 1505 574 1560 ἐπιμελητέον.

1473 754 1491 784 071

59 1639 92 1665 25
745 1622 815 1663 XI.

327 1701 400 1736 Ser.
422 1702 462 1736 in
489 1701 651 1737 Cmnano
677 1703 742 1737 IV
762 1703 859 1737 Non.
882 1702 976 1736 DIav'.
999 1714 1032 1736 α.
1055 1704 1125 1736 ’705
1153 1703 1242 1745 (49).

516 1783 706 1819 CICERO
731 1784 923 1819 ATTICO
948 1784 1055 1818 SAL.

204 1854 440 1910 Obsignata
483 1855 567 1896 iam
611 1856 792 1909 epistula
837 1856 1051 1909 superiore
1092 1870 1179 1896 non
1216 1855 1375 1909 placuit
1413 1857 1451 1896 ei
1481 1869 1495 1897 1

117 1913 227 1969 dari,
265 1914 332 1954 cui
363 1914 685 1968 constitueram,
723 1914 835 1968 quod
867 1918 956 1955 erat
989 1915 1160 1954 alienus.
1222 1913 1370 1968 Itaque
1402 1929 1450 1955 eo

64 1989 98 2014 30
119 1971 183 2012 die
221 1971 318 2012 data
353 1987 441 2013 non
478 1975 551 2013 est.
613 1972 788 2013 Interim
827 1973 942 2013 venit
974 1972 1229 2013 Philotimus
1268 1975 1309 2013 et
1346 1972 1451 2013 mihi

118 2045 140 2070 a
184 2032 225 2070 te
268 2030 434 2071 litteras
477 2031 670 2072 reddidit.
739 2031 901 2080 Quibus
949 2046 1053 2084 quae
1098 2031 1147 2070 de
1191 2031 1321 2071 fratre
1358 2046 1450 2072 meo

119 2088 280 2141 scribis,
313 2092 413 2129 sunt
445 2104 492 2130 ea
525 2090 692 2143 quidem
724 2105 873 2143 parum
899 2090 1033 2143 firma,
1066 2089 1137 2130 sed
1160 2088 1319 2129 habent
1343 2089 1453 2130 nihil

117 2146 327 2201 ὕπουλον,
357 2147 465 2187 nihil
496 2148 637 2201 fallax,
668 2148 776 2188 nihil
806 2163 893 2189 non
918 2148 1102 2188 flexibile
1129 2147 1179 2187 ad
1205 2147 1452 2203 bonitatem,

117 2204 238 2259 nihil,
271 2205 382 2258 quod
413 2219 509 2258 non,
542 2220 625 2259 quo
657 2206 775 2260 velis,
807 2221 891 2247 uno
926 2220 1117 2246 sermone
1143 2206 1281 2258 possis
1306 2206 1452 2259 perdu-

66 2279 99 2305 35
119 2277 227 2317 cere3
270 2277 323 2303 ne
366 2263 518 2318 multa,
562 2278 705 2304 omnes
744 2279 859 2318 suos,
899 2264 1026 2304 etiam
1064 2264 1218 2318 quibus
1257 2265 1453 2306 irascitur
