1665 2553
146 2187 166 2217 3

185 92 271 133 310
612 90 659 124 MV
681 90 821 124 TULLI
849 88 1098 124 CICERONIS

186 201 293 242 cero,
324 186 477 242 cogita,
506 200 559 227 ne
590 188 633 226 te
664 188 846 239 tuosque
874 185 1011 225 omm's
1047 184 1239 226 funditus
1267 188 1443 239 evertas,
1472 198 1525 225 ne

185 248 228 286 te
267 245 401 286 sciens
440 244 708 299 prudensque
740 258 788 284 eo
822 243 1037 298 demittas,
1075 243 1184 284 unde
1217 243 1378 283 exitum
1409 242 1524 284 vides

185 304 351 345 nullum
383 318 484 345 esse.
536 302 694 351 Quodsi
726 305 768 343 te
801 305 874 342 aut
900 316 1021 342 voces
1050 302 1321 355 optimatium
1347 315 1525 343 commo-

185 365 304 416 vent,
341 365 413 403 aut
451 376 536 403 non
573 362 789 402 nullorum
820 361 1041 401 hominum
1071 360 1343 401 insolentiam
1374 363 1415 401 et
1447 361 1526 401 iac-

185 422 389 462 tationem
423 421 530 461 ferre
560 434 648 460 non
680 422 820 474 potes,
858 419 988 473 eligas
1022 433 1168 460 censeo
1203 419 1374 473 aliquod
1409 419 1560 473 oppi-5

188 480 287 521 dum
316 494 494 520 vacuum
522 494 544 519 a
570 479 694 532 bello,
727 478 825 518 dum
851 478 953 519 haec
980 478 1278 532 decernuntur,
1311 491 1416 531 quae
1440 477 1526 518 iam

188 541 311 580 erunt
344 539 542 579 confecta.
604 537 651 578 Id
691 537 726 577 si
763 537 925 591 feceris,
963 539 1004 577 et
1043 550 1120 591 ego
1152 539 1195 577 te
1228 536 1439 590 sapienter
1470 536 1526 576 fe-

187 598 293 638 cisse
324 597 529 650 iudicabo,
561 598 602 636 et
635 594 856 636 Caesarem
887 610 974 636 non
1007 595 1199 636 offendes.

832 713 882 754 X.

411 795 484 829 Ser.
506 795 546 829 in
574 795 736 829 Cumano
763 795 802 828 —V
823 794 919 829 Non.
943 794 1038 828 Mai.
1061 805 1093 827 a.
1117 795 1188 828 705
1217 795 1306 836 (49).
1547 800 1580 824 10

611 875 778 911 CICERO
806 874 978 910 ATTICO
1006 874 1103 909 SAL.

276 949 345 991 Me
384 964 568 1003 caecum,
610 949 681 1002 qui
719 949 822 989 haec
854 951 951 988 ante
982 962 1069 988 non
1100 946 1293 987 viderim!
1345 945 1444 986 Misi
1476 945 1527 986 ad

187 1012 229 1049 te
262 1009 487 1062 epistulam
519 1007 692 1048 Antoni.
742 1007 797 1047 Ei
829 1021 923 1047 cum
956 1020 1033 1060 ego
1067 1005 1312 1059 saepissime
1339 1004 1527 1058 scripsis-

189 1082 276 1108 sem
306 1066 415 1107 nihil
447 1081 512 1107 me
543 1069 690 1107 contra
722 1064 914 1106 Caesaris
940 1065 1127 1105 rationes
1154 1064 1352 1118 cogitare,
1383 1062 1527 1103 memi-

186 1127 301 1166 nisse
332 1139 398 1166 me
430 1125 573 1179 generi
604 1125 699 1178 mei,
730 1124 971 1164 meminisse
1004 1123 1224 1176 amicitiae,
1255 1121 1457 1175 potuisse,
1490 1121 1526 1162 si
1547 1138 1579 1165 15

188 1185 311 1224 aliter
349 1184 565 1237 sentirem,
604 1197 694 1223 esse
731 1197 823 1222 cum
862 1181 1081 1235 Pompeio,
1125 1195 1192 1221 me
1231 1182 1390 1234 autem,
1427 1180 1526 1233 quia

188 1258 283 1284 cum
321 1242 542 1283 lictoribus
581 1241 742 1281 invitus
780 1254 1009 1293 cursarem,
1047 1240 1193 1280 abesse
1232 1238 1339 1279 velle
1376 1252 1452 1278 nec
1483 1238 1526 1278 id

187 1301 327 1354 ipsum
360 1303 520 1341 certum
553 1300 681 1340 etiam
712 1313 824 1339 nunc
855 1298 1023 1353 habere,
1052 1297 1159 1352 vide,
1193 1311 1320 1350 quam
1347 1296 1399 1336 ad
1424 1296 1526 1337 haec

188 1367 476 1414 τυραννικῶςῑ

278 1418 452 1458 ‘Tuum
499 1417 780 1457 consilium
825 1431 968 1470 quam
1012 1429 1184 1456 verum
1229 1416 1314 1454 est.
1384 1412 1526 1469 Nam,
1546 1432 1579 1455 20

189 1477 273 1531 qui
329 1491 376 1517 se
432 1475 643 1516 medium
695 1490 800 1516 esse
845 1475 974 1527 vult,
1024 1473 1075 1514 in
1123 1473 1294 1526 patria
1344 1475 1525 1526 manet,

190 1535 274 1589 qui
306 1534 684 1589 proficiscitur,
723 1533 917 1587 aliquid
949 1533 1006 1572 de
1040 1532 1205 1573 altera
1236 1533 1349 1572 utra
1380 1533 1525 1584 parte

188 1594 413 1634 iudicare
444 1592 663 1633 videtur.
710 1591 800 1633 Sed
833 1605 921 1646 ego
954 1591 998 1631 is
1030 1605 1128 1631 non
1161 1605 1283 1643 sum,
1316 1589 1400 1643 qui
1427 1591 1525 1630 sta-

189 1656 329 1694 tuere
374 1652 593 1705 debeam,
636 1651 744 1691 iure
785 1651 896 1704 quis
938 1649 1309 1703 proficiscatur
1349 1661 1524 1702 necne,

191 1713 361 1765 partes
409 1710 532 1751 mihi
582 1708 770 1751 Caesar
819 1710 906 1749 has
957 1707 1225 1762 imposuit,
1273 1721 1332 1746 ne
1383 1720 1578 1759 quem25

192 1769 391 1810 omnino
443 1768 701 1809 discedere
750 1782 808 1808 ex
859 1766 1019 1808 Italia
1068 1768 1282 1820 paterer.
1354 1763 1525 1812 Quare

191 1828 336 1882 parvi
386 1828 547 1868 refert
590 1842 661 1867 me
705 1827 918 1880 probare
962 1824 1330 1879 cogitationem
1371 1826 1525 1878 tuam,

192 1887 237 1927 si
268 1886 399 1926 nihil
430 1889 597 1926 tamen
627 1885 723 1926 tibi
755 1885 1015 1925 remittere
1047 1895 1260 1937 possum.
1310 1880 1383 1922 Ad
1410 1880 1525 1922 Cae-

193 1960 354 1985 sarem
391 1945 570 1985 mittas
610 1958 788 1984 censeo
822 1946 867 1983 et
901 1942 957 1983 ab
991 1956 1044 1982 eo
1075 1941 1168 1982 hoc
1193 1942 1352 1994 petas
1415 1939 1526 1981 Non

193 2003 391 2057 dubito,
430 2004 549 2056 quin
592 2003 968 2056 impetraturus
1014 2000 1101 2053 sis,
1150 2013 1256 2040 cum
1299 2013 1525 2052 praeser-
1545 2016 1578 2040 30

191 2062 281 2101 tim
322 2064 370 2102 te
412 2061 664 2102 amicitiae
701 2063 906 2101 nostrae
946 2059 1197 2099 rationem
1228 2056 1526 2098 habiturum

193 2134 301 2160 esse
340 2118 663 2173 pollicearis.’

281 2177 424 2218 Habes
452 2179 669 2230 σκυτάλην
696 2177 966 2229 Λακωνικήν.
1012 2173 1193 2216 Omnino
1222 2174 1425 2228 excipiam
1449 2173 1525 2215 ho-

193 2235 358 2276 minem.
409 2235 516 2277 Erat
549 2239 689 2276 autem
721 2248 751 2275 V
781 2233 928 2276 Nonas
960 2237 1163 2274 venturus
1189 2232 1366 2287 vesperi,
1396 2232 1439 2272 id
1464 2234 1526 2272 est

192 2293 327 2334 hodie.
379 2292 481 2335 Cras
513 2294 646 2349 igitur
679 2294 730 2334 ad
761 2308 827 2334 me
858 2293 1039 2334 fortasse
1070 2292 1220 2333 veniet.
1281 2291 1579 2346 Temptabo,35
