1665 2553
655 93 693 127 P.
717 96 911 127 124—130.
1370 90 1449 124 XLI

115 186 266 231 Tyrrell.
318 208 364 213 —
413 190 457 221 15
495 187 737 231 triumphare
762 186 833 228 Ml,
872 185 971 229 quod
1007 186 1157 230 praeter
1193 184 1373 218 Haasium
1410 184 1448 218 in

117 234 294 279 ‘Reisig's
331 233 606 278 Vorlesungen'
654 234 736 267 adn.
767 236 834 266 452
871 232 997 277 placet
1042 232 1155 266 etia-m
1192 231 1373 276 Tyrrellio
1412 233 1449 265 et

114 280 269 316 Pursero
301 281 349 314 ad
380 280 464 314 XIV
490 284 542 314 10.
567 285 584 314 1
620 280 701 324 (vol.
723 279 756 313 V
779 292 815 324 p.
838 283 903 313 237
932 290 986 324 6Ρ,
1010 282 1100 322 713),
1135 300 1180 304 ——
1213 283 1255 313 16
1281 280 1330 313 ad
1354 279 1449 312 mhi-

116 329 200 362 lum
228 328 500 372 ‘corrigendum
532 327 690 362 videtur’
719 326 849 361 Bootio
877 328 914 360 et
940 326 993 360 sic
1019 325 1149 370 Sisbye
1182 326 1283 370 apud
1308 325 1448 359 Madvi-

114 375 217 419 gium
241 375 332 409 Adv.
353 375 404 408 ΠΙ
428 387 463 419 Ρ.
487 378 563 408 174.
604 395 650 399 —
688 377 730 407 19
752 374 926 418 proximo
953 373 1070 415 codd,
1095 373 1232 407 Baiter.
1260 394 1305 398 —
1337 376 1380 406 22
1407 383 1450 406 est:

115 422 197 456 cod?
221 422 248 455 F
288 421 491 465 (Lehmann
522 421 598 455 Att.
625 433 659 465 p.
689 423 763 463 15),
800 420 1122 464 Neue—Wagener
1146 420 1197 453 11³
1220 432 1255 464 p.
1278 423 1362 461 875,
1401 424 1450 454 est

115 469 192 503 cod.
224 468 259 502 N
291 469 494 513 (Lehmann
524 468 599 502 Att.
628 480 661 512 p.
690 470 758 511 29),
796 478 814 502 e
848 468 925 502 cod.
953 467 1152 501 Antonian.
1181 467 1448 511 Malaespinae,

116 515 223 560 vulg,
256 526 323 550 om.
346 515 392 549 M.
426 537 471 540 —
503 519 546 548 24
572 516 679 549 etiam
703 515 736 549 si
761 514 863 549 codd.
887 514 946 548 ΟΡ
972 514 1175 557 (Lehmann
1201 514 1277 547 Att.
1298 526 1332 558 p.
1357 516 1448 557 149),

115 562 282 605 Schuetz,
307 562 493 605 Wesenb.,
518 562 623 604 Boot,
648 562 681 596 si
703 563 811 596 etiam
834 561 979 604 reliqui.
1013 563 1024 605 ΙΙ
1060 560 1243 595 P.128.4
1267 561 1448 604 quoniam,

114 621 187 643 non
213 621 291 644 cum
317 609 489 643 Wesenb.
528 630 574 634 —
611 612 724 652 5sqq.
752 609 853 643 Num
884 629 928 633 ——
960 607 1226 653 reyustaudus?
1270 607 1448 652 Pluygers

114 656 246 690 Mnem.
264 659 327 690 181
349 668 383 700 p.
402 659 479 699 127,
500 656 601 699 Tyrr.
617 665 672 700 ep.
690 658 767 697 158,
787 655 887 699 quod
902 655 976 689 ‘vix
996 655 1158 689 dubitat'
1174 654 1327 689 Bootius
1345 654 1449 698 ‘quin

116 702 300 737 Ciceronis
326 703 466 745 fuerit’,
491 703 591 737 Nam
617 704 699 747 (om.
716 702 784 743 M1)
804 723 849 727 ——
873 703 1122 747 reyustaudus.
1143 702 1241 746 vulg.
1262 723 1307 726 —
1333 705 1353 735 8
1373 713 1449 746 yer-

115 750 285 784 mauam?
319 751 341 794 †
351 750 482 794 putavi
519 750 560 784 de
591 749 733 791 Baiter,
766 749 860 783 Boot
894 749 1003 791 00111,
1046 749 1091 783 ‘si
1122 748 1301 782 hariolari
1326 748 1447 782 licet’:

114 797 227 839 Puto,
257 797 392 831 videbis
427 797 583 830 nummis
608 801 690 831 aute
715 797 858 831 comitia
883 797 1045 831 tributim
1064 796 1201 840 populo
1227 796 1354 830 divisis
1374 796 1450 839 peti

114 844 355 885 consulatum,
385 844 519 879 videbis
544 843 746 877 absolutum
773 843 882 885 Gali,
911 854 1019 887 remp
1039 843 1080 876 iu
1105 843 1324 877 dictaturam
1348 854 1450 877 ruere

115 891 182 935 (sic
213 890 365 935 Madvig
394 890 555 924 Adv.111
584 902 619 934 Ρ,
643 893 725 932 174,
758 889 857 923 idem
888 901 918 924 v.
940 893 960 923 8
986 890 1197 934 Disputavi
1222 890 1264 924 de
1288 891 1448 932 numm),

113 937 368 983 qerma‘nae*.9
401 937 494 980 peti
523 937 620 971 vide
653 938 808 971 uummis
833 948 865 971 a.
887 948 913 971 c.
934 941 977 971 tr.
997 948 1032 970 u.
1055 937 1075 970 l.
1097 937 1167 970 div.
1189 937 1328 980 palam,
1352 937 1449 970 vide

114 985 221 1019 absol.
251 984 341 1018 Gab.
369 983 542 1018 Wesenb
552 1012 559 1025 ,
597 995 814 1028 yermauae.
839 1013 843 1017 .
883 983 902 1018 ,9
939 985 962 1027 γ’·
972 984 1104 1026 putavi
1139 984 1182 1018 de
1217 982 1370 1027 Tyn-en
1404 1004 1448 1008 —

114 1053 159 1056 —
186 1036 228 1065 12
255 1031 334 1065 sine
360 1041 465 1065 cruce
490 1030 617 1064 Baiter
643 1032 680 1064 et
698 1030 884 1072 Wesenb.,
909 1030 1004 1064 Boot
1030 1030 1121 1064 coni.
1143 1034 1174 1064 et
1200 1031 1313 1064 lauda
1337 1041 1449 1064 meam

114 1078 413 1122 contemptionem.
446 1098 492 1103 —
522 1077 573 1111 ib.
595 1077 809 1112 Selicianae
836 1075 878 1119 C,
910 1077 1046 1119 Baiter,
1073 1077 1284 1111 Feliciauae
1309 1077 1449 1118 unciae,
1488 1075 1495 1078 ’

117 1125 182 1169 (sic
215 1123 254 1169 C>
286 1124 439 1169 Tyrrell.
478 1145 524 1149 ——
563 1128 604 1158 17
643 1124 810 1158 Hiberna
848 1125 997 1169 Ieyiouis
1032 1123 1261 1168 Nipperdeio
1300 1125 1449 1157 auctore

113 1183 204 1206 recc.
228 1171 326 1214 edd,
352 1172 537 1206 hibernam
563 1171 733 1216 legionem
759 1171 875 1212 codd„
902 1170 1105 1214 Sternkopf
1125 1170 1303 1204 Fleckeis
1326 1170 1446 1203 annal.

116 1222 204 1253 1897
230 1231 265 1263 p.
287 1221 354 1252 850
370 1230 447 1261 sqq.
475 1239 519 1243 ——
558 1221 600 1251 18
630 1217 786 1262 Quintus
812 1199 916 1251 codd.
938 1220 973 1251 Σ
996 1217 1199 1261 (Lehmann
1225 1217 1300 1251 Att
1321 1229 1356 1261 p.
1379 1219 1448 1261 89),

114 1266 208 1299 Boot
245 1276 264 1299 e
294 1265 382 1298 Rav.
416 1264 502 1309 (Q.)
542 1275 609 1298 om.
637 1264 734 1309 vulg.
774 1286 819 1289 —
857 1268 898 1298 27
933 1266 1100 1299 adventu
1124 1264 1273 1307 Bosius,
1311 1264 1448 1306 Baiter,

114 1313 219 1355 Boot,
254 1311 396 1355 Tyrrell
421 1311 573 1356 piQobab
601 1312 664 1355 (ad
688 1323 723 1356 p.
745 1315 798 1345 24.
821 1314 865 1354 8).
906 1333 951 1336 -—
987 1311 1039 1346 Ib
1060 1312 1209 1346 accedet
1234 1310 1448 1351 Cratander,

114 1359 252 1401 Baiter,
272 1358 425 1421 Tyr-rell
441 1380 486 1383 —
507 1362 550 1391 28
570 1359 631 1401 fac
642 1363 683 1393 ut
697 1369 776 1401 scr„
796 1363 837 1393 ut
852 1358 968 1401 codd,
988 1363 1028 1393 tu
1042 1358 1183 1400 Ρ3ἓ1·11.,
1205 1358 1285 1392 edd.
1300 1360 1449 1411 praeter

114 1406 296 1447 Bootium,
317 1405 379 1449 qui
402 1406 455 1440 ‘tu
474 1405 513 1438 in
526 1405 558 1438 R
578 1405 755 1439 omissum
775 1405 904 1439 abesse
922 1405 1076 1439 mavult'
1101 1407 1138 1439 et
1157 1405 1254 1447 secl,
1274 1410 1325 1447 tu,
1345 1406 1378 1439 si
1396 1416 1448 1438 me

115 1463 227 1494 amas,
251 1454 324 1495 fac
347 1452 483 1486 Baiter.
528 1451 587 1484 Ad
612 1464 646 1496 p.
670 1455 745 1486 108.
762 1455 816 1486 36.
848 1454 858 1496 ΙΙ
895 1452 940 1486 Ρ.
956 1451 1046 1486 129.
1063 1455 1082 1485 5
1108 1452 1274 1486 v.Ruete
1301 1451 1446 1485 εΡ111101,

114 1499 354 1533 Rundschau'
380 1502 479 1532 1883.
503 1502 603 1541 1222,
625 1498 779 1532 Schiche
798 1510 919 1543 progr.
934 1499 1052 1533 Berol.
1069 1502 1158 1533 1895
1178 1511 1214 1543 p.
1229 1503 1260 1532 4.
1277 1520 1321 1523 —
1343 1502 1360 1532 7
1382 1499 1450 1532 mei

115 1547 155 1580 iri
180 1557 218 1580 eo
243 1545 386 1589 Tyr-rell
411 1545 600 1579 Hermath.
622 1545 689 1579 vol.
706 1545 772 1578 VH
797 1549 887 1579 1890
911 1558 946 1590 p.
963 1550 1006 1579 36
1034 1548 1071 1580 et
1096 1546 1151 1580 ed.
1174 1556 1228 1590 ep.
1246 1550 1323 1588 184,
1350 1546 1449 1588 quod

117 1593 155 1626 in
181 1593 268 1626 Rav.
292 1594 348 1626 est
373 1595 413 1626 iu
438 1603 476 1626 eo
501 1603 566 1636 pro
592 1603 676 1635 meo,
706 1592 907 1626 ‘verissime
934 1593 1092 1627 correxit
1112 1592 1247 1636 aliquis
1269 1593 1369 1636 apud
1390 1591 1446 1626 Or.

115 1639 131 1672 I
150 1643 182 1674 et
201 1640 242 1673 de
263 1640 349 1674 meo’
371 1640 474 1681 Boot,
494 1639 606 1672 immo
626 1650 699 1672 non
718 1639 849 1681 verius,
871 1650 982 1682 quam
1002 1640 1033 1673 si
1054 1640 1136 1683 quis
1158 1639 1339 1683 corrigere
1359 1639 1450 1672 velit

116 1687 288 1731 epistulae
319 1688 385 1720 aut
415 1687 468 1721 rei
492 1686 681 1720 rescribere
710 1698 745 1730 p.
768 1690 845 1719 141.
868 1690 911 1719 20
939 1688 1004 1720 aut
1029 1687 1322 1731 occupationibus
1348 1687 1447 1730 iquo-

116 1745 207 1768 scere
233 1737 310 1767 372,
333 1736 376 1766 25
410 1735 474 1766 aut
504 1733 658 1767 rriiseriis
691 1733 805 1767 deesse
837 1736 890 1766 99.
914 1737 933 1766 6
962 1735 1027 1767 aut
1058 1734 1223 1768 brevitati
1248 1734 1449 1767 litterarum

116 1780 292 1815 subirasci
323 1779 409 1813 fam.
430 1779 480 1813 XI
506 1783 559 1813 24.
583 1783 601 1813 1
642 1781 707 1813 aut
742 1780 924 1824 yratulari
952 1781 1121 1823 felicitati
1150 1780 1199 1813 IX
1235 1784 1287 1813 14.
1311 1783 1389 1813 7m.
1413 1781 1449 1813 et

116 1827 156 1860 id
181 1837 296 1871 genus
321 1826 617 1860 innumerabilia.
657 1847 702 1851 -
740 1830 781 1860 11
808 1838 888 1861 vero
914 1837 982 1861 om.
1004 1827 1104 1869 Raw,
1130 1827 1232 1860 Boot.
1260 1847 1305 1850 —
1339 1830 1381 1859 15
1408 1826 1449 1860 de

116 1873 213 1907 inter
237 1874 330 1917 quod
357 1875 393 1907 et
411 1873 542 1908 DCCC
559 1873 741 1907 inserend.
757 1875 883 1907 censet
901 1873 1043 1917 Tyri-eil
1062 1873 1251 1907 Hermath.
1272 1872 1339 1905 VH
1358 1876 1449 1906 1890

116 1932 150 1964 p.
173 1923 216 1954 36
243 1921 281 1954 et
305 1920 343 1953 in
371 1920 424 1954 ed.
448 1919 528 1954 coll.
548 1932 582 1964 p.
607 1924 683 1954 133.
706 1924 761 1962 34,
797 1922 834 1954 et
859 1921 1037 1954 omittunt
1062 1921 1165 1954 codd.
1186 1932 1220 1964 p.
1244 1923 1320 1952 134.
1343 1923 1386 1953 26
1413 1921 1450 1953 et

118 1977 237 2011 saepe.
265 1987 310 1991 —
336 1971 378 2000 22
405 1978 466 2011 eyo
492 1977 560 2000 om.
583 1966 684 2009 Raw,
712 1967 787 2009 alii,
812 1967 916 2001 Boot.
960 1969 970 2011 ΙΙ
1013 1968 1057 2002 P.
1080 1966 1169 2000 130.
1191 1970 1209 1999 2
1226 1977 1278 2009 sq.
1298 1967 1374 2000 Ille
1399 1967 1450 2001 sic

118 2013 204 2048 dies
229 2012 325 2047 Crat.
348 2015 385 2047 et
409 2013 533 2048 Lehm.
555 2014 658 2047 codd.
679 2013 789 2047 EO¹P
815 2014 903 2057 (Att.
925 2026 959 2058 p.
977 2017 1070 2058 182),
1096 2013 1207 2055 Wes,
1233 2013 1293 2047 ille
1316 2013 1368 2047 sic
1392 2014 1450 2047 die

117 2059 163 2102 N,
182 2060 251 2094 ille.
285 2060 345 2095 Sic
369 2061 426 2094 die
444 2060 511 2103 Ml,
536 2061 599 2094 illo
618 2061 669 2095 sic
687 2061 745 2095 die
764 2060 819 2093 Μ2
839 2063 860 2105 (.
877 2061 949 2105 Sic)
970 2060 1043 2102 all,
1063 2060 1200 2102 Baiter,
1220 2060 1324 2103 Boot,
1345 2059 1446 2104 Tyrr.

118 2127 163 2131 —-
189 2110 207 2139 7
234 2107 390 2141 arcivero
416 2107 585 2151 Malasp.,
612 2107 767 2141 Schiche
792 2119 844 2151 pr.
866 2107 982 2141 Berol.
1001 2110 1090 2140 1895
1115 2118 1149 2150 p.
1166 2110 1260 2150 5sq.,
1283 2106 1445 2140 ‘Archiv'

117 2152 210 2197 IXp.
225 2156 290 2186 582
301 2164 365 2196 sq.,
385 2155 540 2188 ascivero
561 2164 607 2187 an
628 2165 697 2188 acc.
713 2154 761 2195 M,
782 2155 937 2188 accii-ero
952 2153 1105 2195 Manut,
1125 2153 1234 2198 vulg,
1260 2165 1329 2188 asc.
1345 2154 1447 2197 Tyrr.

118 2221 163 2224 —
188 2199 348 2234 Ib.riros
372 2199 547 2244 Malasp.,
579 2201 689 2243 Boot,
721 2200 840 2244 Tyrr.,
870 2200 936 2234 sed
963 2200 1003 2233 hi
1032 2199 1157 2234 Lamb.
1181 2202 1329 2234 auctore
1353 2201 1449 2234 viros

118 2257 188 2281 acc.
203 2247 312 2290 (aso),
333 2245 486 2281 Schiche
505 2247 579 2289 1.1.,
593 2258 725 2291 pueros
736 2247 845 2289 Bait,
859 2246 970 2288 Wes.,
992 2248 1038 2289 et,
1059 2257 1132 2290 qua
1153 2247 1246 2281 solet
1266 2247 1447 2281 confiden-

118 2293 182 2335 tia,
215 2292 254 2327 O.
276 2292 314 2326 E.
338 2292 505 2327 Schmidt
532 2293 618 2327 ‘Der
637 2293 798 2327 Briefw,⁷
824 2305 859 2337 p.
883 2297 924 2327 72
941 2304 1011 2336 sq,
1045 2293 1152 2336 quasi
1172 2304 1260 2328 uero
1282 2293 1448 2328 acciendi
