1665 2553
352 29 695 65 EPISTULARUM
720 31 784 65 AD
811 30 1025 66 ATTICUM
1051 32 1101 65 XI
1128 36 1182 77 13,
1211 37 1263 68 14.
1398 35 1483 76 339

139 126 280 180 velim,
312 126 426 180 quod
451 126 623 181 poteris,
655 126 908 181 consideres,
933 129 982 167 ut
1009 127 1076 181 sit,
1102 128 1212 168 unde
1236 129 1362 169 nobis
1391 144 1485 184 sup-

140 185 385 239 peditentur
425 187 620 238 sumptus
651 185 889 226 necessarii.
953 184 997 226 Si
1031 201 1135 240 quas
1167 186 1395 228 habuimus
1427 190 1486 229 fa-

141 244 335 298 cultates,
362 258 431 284 eas
456 242 658 297 Pompeio
685 247 789 298 tum,
810 259 905 285 cum
930 244 972 285 id
998 245 1245 286 videbamur
1272 247 1485 300 sapienter

140 302 289 356 facere,
323 302 563 343 detulimus,
615 302 765 356 Itaque
796 306 890 343 tum
922 306 963 343 et
995 318 1019 344 a
1050 307 1124 344 tuo
1151 305 1276 346 vilico
1306 306 1484 359 sumpsi-

106 377 122 404 5
141 376 234 402 mus
268 364 309 402 et
342 361 508 402 aliunde
534 362 719 402 mutuati
746 376 910 413 sumus3
941 376 1053 403 1111110
1079 362 1262 412 Quintus
1291 366 1483 418 queritur

140 435 215 474 per
255 420 421 461 litteras
460 420 542 460 sibi
580 434 658 460 nos
689 420 799 460 nihil
832 420 1012 475 dedisse,
1050 422 1122 475 qui
1153 436 1290 476 neque
1322 423 1374 463 ab
1407 423 1481 464 1110

140 479 282 534 rogati
338 493 483 519 sumus
527 493 663 532 neque
706 479 789 533 ipsi
834 494 924 520 eam
968 481 1188 533 pecuniam
1231 481 1484 535 aspeximus

143 536 225 578 Sed
257 537 385 578 velim
416 537 577 591 videas,
616 537 715 591 quid
749 538 823 592 sit,
861 539 974 592 quod
1006 540 1154 580 confici
1185 541 1336 595 possit,
1367 540 1484 594 quid-

142 610 223 651 que
254 596 361 636 mihi
393 595 442 636 de
476 596 673 636 omnibus
706 596 777 637 des
810 597 994 651 consilii,
1029 600 1068 638 et
1101 612 1268 639 causam
1300 600 1427 640 nosti.

87 671 121 696 10
229 654 358 695 Plura
395 669 447 695 ne
487 655 687 709 scribam,
725 655 870 696 dolore
901 656 1118 709 impedior.
1182 657 1226 698 Si
1259 658 1360 711 quid
1392 658 1483 711 erit,
1510 669 1529 699 5

141 713 253 768 quod
291 714 343 754 ad
385 727 491 767 quos
530 713 798 755 scribendum
837 729 931 755 meo
962 716 1135 756 nomine
1166 719 1307 770 putes,
1345 717 1483 770 velim,

139 775 187 813 ut
220 772 348 827 soles,
385 772 526 826 facias,
567 772 845 827 quotiensque
877 773 1066 828 habebis,
1098 775 1197 828 quoi
1231 775 1302 815 des
1335 775 1387 816 ad
1416 789 1483 816 me

138 831 316 885 litteras,
347 830 482 871 nolim
513 831 840 884 praetermittas.
902 831 1018 872 Vale.

751 947 863 989 XIV.

84 1034 118 1060 15
346 1027 420 1062 Ser.
442 1027 625 1062 Brundisi
650 1029 731 1063 circ.
760 1029 818 1062 VI
838 1029 885 1062 K.
908 1029 1001 1063 Mai.
1030 1042 1061 1064 (ι,
1086 1033 1158 1064 707
1185 1033 1274 1073 (47).

564 1110 732 1145 CICERO
757 1110 931 1145 ATTICO
959 1110 1057 1144 SAL

227 1180 328 1223 Non
363 1197 430 1224 me
470 1182 644 1223 offendit
681 1183 838 1224 veritas
869 1182 1111 1224 litterarum
1142 1186 1332 1238 tuarum,
1369 1184 1481 1238 quod
1509 1197 1526 1227 1

138 1255 204 1282 me
237 1255 331 1282 cum
364 1242 660 1282 communibus
693 1244 785 1282 tum
817 1241 1054 1295 praecipuis
1080 1242 1204 1282 malis
1231 1257 1482 1296 oppressum

138 1314 190 1339 ne
222 1299 373 1353 incipis
407 1300 596 1355 quidem,
633 1303 681 1340 ut
714 1300 897 1351 solebas,
936 1300 1146 1341 consolari
1176 1301 1406 1355 faterisque
1438 1302 1482 1342 id

86 1374 120 1399 20
142 1358 234 1398 fieri
272 1358 357 1398 iam
394 1373 481 1399 non
516 1373 651 1412 posse.
713 1358 802 1399 Nec
843 1359 955 1399 enim
987 1374 1034 1399 ea
1066 1362 1184 1414 sunt,
1222 1374 1329 1413 quae
1361 1363 1482 1401 erant

141 1419 276 1469 antea,
308 1431 415 1471 cum,
446 1419 494 1457 ut
518 1417 627 1457 nihil
653 1417 777 1471 aliud,
804 1418 977 1458 comites
1002 1432 1069 1458 me
1095 1421 1136 1458 et
1162 1419 1298 1459 socios
1324 1418 1480 1460 habere

140 1474 355 1528 putabam.
419 1474 572 1516 Omnes
612 1476 722 1516 enim
753 1476 931 1516 Achaici
973 1476 1263 1530 deprecatores
1294 1478 1480 1531 itemque

140 1534 186 1573 in
217 1532 331 1587 Asia,
371 1534 524 1587 quibus
555 1549 642 1575 non
673 1537 763 1575 erat
794 1535 1002 1589 ignotum,
1033 1536 1160 1575 etiam
1194 1536 1347 1589 quibus
1380 1538 1482 1591 erat,

140 1591 182 1631 in
221 1590 412 1632 Africam
450 1592 646 1633 dicuntur
677 1592 931 1647 navigaturi.
993 1592 1060 1633 Ita
1091 1596 1258 1646 praeter
1288 1594 1480 1635 Laelium

87 1666 122 1692 25
141 1650 354 1691 neminem
385 1650 521 1691 habeo
555 1651 700 1704 culpae
726 1651 904 1706 socium,
937 1652 1009 1705 qui
1034 1654 1177 1692 tamen
1200 1651 1281 1692 1100
1306 1652 1479 1693 meliore

138 1709 183 1749 in
221 1723 345 1750 causa
384 1712 465 1764 est,
504 1709 616 1763 quod
657 1710 742 1750 iam
780 1712 842 1750 est
879 1712 1081 1762 receptus.
1144 1710 1207 1750 De
1238 1725 1305 1750 me
1337 1713 1479 1751 autem
1505 1723 1526 1752 2

138 1781 225 1808 non
256 1767 404 1808 dubito
439 1768 542 1822 quin
573 1768 624 1808 ad
655 1767 836 1808 Balbum
869 1770 911 1808 et
943 1768 995 1808 ad
1027 1767 1211 1821 Oppium
1245 1768 1479 1822 scripserit;

140 1840 163 1865 a
202 1826 372 1880 quibus,
411 1826 446 1866 si
485 1826 585 1880 quid
624 1829 732 1867 esset
769 1826 939 1879 laetius,
980 1827 1134 1867 certior
1165 1827 1303 1867 factus
1335 1842 1483 1882 essem,

139 1886 279 1925 tecum
333 1885 460 1926 etiam
512 1887 650 1925 essent
693 1885 835 1925 locuti.
910 1884 1171 1933 Quibuscum
1215 1887 1263 1925 tu
1307 1885 1356 1925 de
1398 1886 1481 1927 1100

87 1960 121 1983 30
140 1941 232 1995 ipso
260 1943 516 1997 conloquare
544 1943 670 1984 velim
697 1946 738 1984 et
765 1943 815 1984 ad
840 1958 918 1996 me,
940 1943 1040 1996 quid
1065 1943 1146 1983 tibi
1172 1943 1478 1998 responderint,

140 2000 317 2054 scribas,
354 2016 443 2042 non
480 2002 593 2055 quod
631 2002 683 2042 ab
715 2001 798 2042 isto
830 2001 942 2042 salus
975 2001 1073 2041 data
1105 2001 1329 2055 quicquam
1361 2002 1478 2042 habi-

140 2061 236 2099 tura
268 2060 322 2100 sit
352 2060 639 2115 firmitudinis,
671 2060 742 2100 sed
772 2063 915 2101 tamen
941 2059 1100 2113 aliquid
1127 2060 1290 2100 consuli
1317 2063 1358 2100 et
1383 2075 1478 2114 pro-

141 2117 246 2170 spici
287 2119 456 2171 poterit.
517 2119 614 2159 Etsi
647 2119 835 2159 omnium
867 2120 1136 2171 conspectum
1167 2118 1332 2172 horreo,
1362 2133 1478 2172 prae-

140 2175 287 2216 sertim
318 2175 399 2216 hoo
431 2190 603 2231 genero,
642 2179 796 2230 tamen,
833 2177 878 2217 in
909 2176 1038 2217 tantis
1074 2176 1198 2216 malis
1231 2177 1333 2229 quid
1364 2177 1478 2218 aliud

85 2250 119 2276 35
140 2234 286 2288 velim,
335 2248 422 2275 non
465 2235 640 2288 reperio.
715 2234 895 2283 Quintus
940 2235 1097 2289 pergit,
1141 2237 1189 2275 ut
1233 2235 1286 2275 ad
1327 2250 1394 2276 me
1436 2238 1477 2276 et
1502 2247 1522 2277 3
1584 2263 1586 2265 ·

1195 2303 1263 2336 22*
