1665 2553
161 1063 180 1092 Ν.)

164 2113 180 2128 0

162 2127 181 2142 u)

208 74 292 116 328
633 73 682 107 M.
710 72 850 108 TULLI
876 72 1125 108 CICERONIS

846 225 919 268 VI.

474 307 548 344 Ser.
570 308 754 342 Brundisi
779 307 844 342 IV
864 307 913 342 K.
934 307 1019 342 Dec.
1042 319 1075 342 α.
1097 309 1170 342 706
1196 309 1288 351 (48).

487 389 656 424 CICERO
682 388 857 424 ATTICO
884 388 1108 423 SALUTEM
1132 388 1269 424 DICIT.

298 460 538 504 Sollicitum
589 475 679 502 esse
722 462 765 502 te
809 475 903 502 cum
947 460 996 501 de
1040 461 1126 501 tuis
1171 461 1548 516 communibusque

207 521 392 562 fortunis
424 524 517 561 tum
548 520 729 561 maxime
762 519 810 560 de
841 533 908 560 me
941 534 986 560 ac
1019 519 1068 560 de
1100 519 1245 561 dolore
1276 535 1370 561 meo
1399 521 1546 562 sentio.
1587 537 1602 563 5

209 580 290 629 Qui
322 580 491 634 quidem
522 593 640 631 meus
673 578 793 619 dolor
823 592 911 619 non
941 578 1065 618 modo
1091 592 1179 619 non
1203 579 1423 633 minuitur,
1455 593 1549 620 cum

209 639 368 680 socium
401 638 481 679 sibi
510 637 704 693 adiungit
729 636 917 677 dolorem
942 639 1076 691 tuum,
1109 636 1181 678 sed
1206 637 1333 678 etiam
1360 639 1549 692 augetur.

209 696 391 739 Omnino
437 711 513 750 pro
559 699 633 737 tua
676 695 900 749 prudentia
944 695 1094 749 sentiS,
1139 710 1222 749 qua
1260 696 1550 737 consolatione

207 756 339 797 levari
370 756 551 796 maxime
583 755 754 809 possim.
816 753 978 795 Probas
1011 754 1123 794 enim
1153 768 1293 795 meum
1325 754 1550 796 consilium

206 828 422 869 negasque
462 814 569 854 mihi
610 813 836 867 quicquam
875 813 953 853 tali
991 816 1180 866 tempore
1217 814 1362 867 potius
1399 814 1550 855 facien·
1569 831 1604 856 10

208 874 307 914 dum
343 873 485 914 fuisse.
548 872 681 913 Addis
722 871 850 913 etiam
889 870 1021 927 (quod
1059 871 1140 912 etsi
1180 871 1287 912 mihi
1317 871 1452 914 levius
1486 875 1551 913 est

209 947 336 986 quam
366 934 490 972 tuum
521 931 735 985 iudicium,
766 933 910 971 tamen
933 945 1021 971 non
1046 932 1110 971 est
1136 930 1246 986 leve)
1273 930 1422 972 ceteris
1451 945 1550 985 quo-

209 1005 300 1045 que,
336 990 378 1031 id
410 993 474 1031 est
508 991 581 1044 qui
612 990 777 1044 pondus
809 989 1008 1045 habeant,
1038 989 1199 1030 factum
1229 992 1425 1030 nostrum
1457 1004 1551 1044 pro-

209 1050 311 1091 bari.
374 1047 422 1089 Id
461 1049 495 1089 si
528 1049 588 1089 ita
619 1051 826 1102 putarem,
856 1048 991 1089 levius
1025 1047 1220 1089 dolerem.
1285 1047 1460 1102 tCrede’,
1491 1048 1552 1089 in-

209 1108 325 1162 quis,
368 1107 514 1148 ‘mihif
577 1106 710 1148 Credo
751 1107 962 1160 equidem,
1002 1106 1074 1147 sed
1106 1108 1210 1161 scio,
1249 1122 1376 1161 quam
1407 1106 1550 1160 cupias
1571 1123 1604 1149 15

207 1166 342 1207 minui
375 1166 563 1207 dolorem
594 1179 744 1206 meum.
807 1165 875 1205 Me
909 1165 1151 1206 discessisse
1184 1166 1234 1206 ab
1269 1165 1397 1206 armis
1427 1179 1551 1206 num-

208 1240 336 1278 quam
368 1224 590 1278 paenituit.
652 1224 789 1264 Tanta
827 1227 916 1263 erat
947 1223 993 1263 in
1023 1223 1109 1263 illis
1144 1223 1390 1278 crudelitas,
1430 1226 1552 1264 tanta

208 1298 303 1324 011111
336 1283 528 1323 barbaris
562 1282 761 1337 gentibus
794 1281 1047 1336 coniunctio,
1089 1284 1137 1321 ut
1168 1296 1256 1322 non
1285 1282 1550 1336 nominatim,

209 1342 280 1382 sed
313 1341 546 1396 generatim
579 1339 835 1394 proscriptio
869 1342 979 1380 esset
1011 1339 1251 1395 informata,
1282 1341 1440 1381 utiam
1467 1355 1552 1382 om-

206 1401 326 1441 nium
357 1399 511 1440 iudicio
545 1399 826 1441 constitutum
861 1401 971 1439 esset
1005 1399 1193 1439 omnium
1224 1401 1413 1440 vestrum
1438 1399 1552 1440 bona
1571 1417 1606 1442 20

208 1458 406 1513 praedam
444 1472 535 1499 esse
571 1458 687 1499 illius
726 1457 939 1498 victoriae.
1003 1456 1236 1497 ‘Vestrum'
1275 1458 1399 1512 plane
1440 1457 1551 1513 (110ος

207 1531 441 1571 numquam
473 1516 586 1557 enim
618 1517 666 1558 de
698 1519 740 1557 te
772 1516 866 1570 ipso
892 1516 977 1556 nisi
1003 1516 1291 1557 crudelissime
1317 1517 1552 1571 cogitatum

209 1579 282 1617 est.
347 1575 483 1624 Quare
521 1575 756 1616 voluntatis
797 1589 862 1615 me
894 1589 1010 1615 meae
1041 1589 1274 1629 numquam
1304 1575 1540 1629 paenitebit

208 1634 376 1675 consilii
414 1634 614 1687 paenitet
675 1633 727 1674 In
766 1633 921 1688 oppido
961 1633 1103 1699 aliquo
1135 1633 1305 1674 mallem
1336 1634 1551 1689 resedisse

208 1693 348 1747 quoad
380 1707 628 1742 accer··;se1e1
660 1692 801 1733 minus
834 1692 1039 1733 sermonis
1068 1691 1289 1747 subissem
1319 1692 1462 1732 minus
1489 1706 1549 1733 ac·
1571 1708 1604 1734 25

208 1752 413 1805 cepissem
454 1751 633 1806 doloris
668 1751 811 1805 ipsum
842 1750 922 1792 1100
953 1765 1020 1791 1110
1050 1765 1137 1791 11011
1169 1726 1353 1805 011ςο1ᾛο13
1416 1750 1551 1791 Brun-

208 1810 287 1851 disi
326 1810 459 1851 iacere
500 1810 544 1850 in
589 1824 732 1850 omnes
775 1811 916 1863 partes
960 1812 1024 1849 est
1061 1809 1298 1850 molestum.
1366 1808 1549 1863 Propius

209 1869 418 1924 accedere,
457 1871 505 1909 ut
544 1869 711 1923 suades,
750 1882 833 1922 quo
872 1867 998 1908 modo
1039 1867 1127 1908 sine
1160 1867 1400 1921 lictoribus,
1443 1882 1548 1922 quos

206 1928 388 1981 populus
421 1927 547 1982 dedit,
578 1927 782 1980 possum?
833 1927 906 1980 qui
937 1926 1044 1966 mihi
1074 1925 1275 1966 incolumi
1309 1925 1437 1966 adimi
1462 1940 1550 1967 non

205 1988 397 2039 possunt.
467 1985 580 2034 Quos
623 1999 699 2040 ego
742 1986 867 2038 †non
906 1984 1122 2038 paulisper
1163 1998 1257 2024 cum
1298 1984 1464 2025 bacillis
1504 1985 1549 2025 in
1570 2001 1604 2027 30

206 2044 377 2085 turbam
409 2044 568 2085 conieci
600 2044 651 2084 ad
678 2043 880 2097 oppidum
913 2043 1120 2097 accedens,
1150 2057 1203 2083 ne
1237 2042 1332 2096 quis
1364 2043 1549 2097 impetus

207 2103 393 2143 militum
425 2102 555 2143 fieret.
612 2101 794 2156 Reliquo
827 2104 1017 2155 tempore
1048 2115 1114 2141 me
1146 2100 1270 2141 domo
1303 2101 1433 2142 tenui.
1483 2100 1551 2142 Ad

210 2159 394 2213 Oppium
437 2164 479 2202 et
523 2162 579 2203 ad
613 2160 793 2202 Balbum
835 2161 999 2214 scripsi,
1044 2173 1229 2213 quonam
1270 2159 1322 2200 iis
1366 2160 1550 2213 placeret

208 2219 332 2259 modo
377 2219 552 2274 propius
597 2219 806 2273 accedere,
849 2221 898 2259 ut
940 2218 1019 2258 hac
1057 2217 1108 2258 de
1145 2232 1190 2259 re
1222 2217 1548 2259 considerarent.
1637 2251 1641 2265 .-

211 2275 343 2317 Credo
374 2278 464 2318 fore
496 2280 700 2319 auctores.
765 2275 833 2318 Sic
865 2276 976 2317 enim
1007 2275 1229 2331 recipiunt,
1263 2275 1432 2317 Caesari
1461 2290 1550 2317 non
1569 2291 1603 2318 35
1637 2273 1641 2319 J

1542 1611 1552 1631 >
