1665 2553
274 96 614 131 EPISTULARUM
639 96 704 130 AD
730 96 947 131 ATTICUM
972 96 1057 131 VIII
1084 100 1126 130 12
1137 96 1174 141 C,
1200 96 1243 132 D.
1342 96 1426 137 247

86 196 277 247 tempore
321 193 520 248 contigit,
569 192 682 246 quod
731 194 773 233 et
821 207 1020 247 magnam
1069 194 1235 246 partem
1278 191 1428 233 Italiae

89 251 240 293 Caesar
273 251 506 306 occupavit,
538 254 579 292 et
609 266 688 292 nos
719 265 807 292 non
836 250 1042 292 habemus
1075 251 1306 292 exercitum
1338 254 1428 292 tam

87 311 275 365 amplum
306 325 442 364 neque
473 313 562 351 tam
593 324 796 365 magnum
829 324 954 363 quam
986 310 1069 350 ille.
1119 308 1270 364 Itaque
1301 309 1427 350 nobis

88 368 393 423 providendum
431 371 512 423 est,
556 371 604 410 ut
642 383 850 409 summam
887 369 949 409 rei
986 368 1180 422 publicae
1217 368 1427 409 rationem

51 428 329 470 shabeamus
399 427 545 468 Etiam
590 430 717 481 atque
760 427 887 468 etiam
937 430 979 468 te
1021 427 1189 482 hortor,
1238 429 1287 468 ut
1332 441 1428 468 cum

89 487 204 528 omni
241 486 362 541 copia
400 501 526 540 quam
563 486 748 540 primum
789 486 842 526 ad
878 500 945 526 me
976 485 1131 527 venias.
1193 485 1427 527 Possumus

89 546 217 586 etiam
241 559 353 586 nunc
377 560 467 586 rem
492 545 704 599 publicam
732 545 903 599 erigere,
936 544 971 585 si
1004 545 1219 585 communi
1251 544 1428 585 consilio

87 604 308 659 negotium
334 603 745 657 administrabimus3
779 604 814 644 si
841 602 1138 659 distrahemur,
1166 603 1326 644 infirmi
1352 603 1430 644 eri-

88 677 193 704 mus.
257 662 366 704 Mihi
396 662 477 703 hoc
509 663 791 703 constitutum
823 665 896 702 est.

0 722 2 727 ’
34 739 67 763 10
175 721 256 762 His
293 721 449 762 litteris
489 721 656 774 scriptis
695 720 814 762 Sicca
845 720 920 761 abs
958 723 1001 761 te
1039 720 1145 760 mihi
1182 720 1349 761 litteras
1388 723 1430 761 et
1455 731 1478 761 4

87 780 286 821 mandata
319 780 477 821 attulit.
541 779 662 828 Quod
698 794 765 820 me
801 779 993 833 hortare,
1029 782 1077 819 ut
1109 779 1221 820 istuc
1251 779 1431 834 veniam,

88 840 132 880 id
168 854 235 880 me
273 839 409 879 facere
445 853 532 879 non
570 838 756 879 arbitror
799 852 940 893 posse,
986 838 1099 892 quod
1141 852 1230 879 non
1273 852 1430 893 magno

89 912 214 952 opere
246 897 312 938 1113
344 897 584 952 legionibus
617 897 792 938 confido.

731 1012 782 1055 D.

34 1103 67 1129 15
340 1095 415 1129 Ser.
440 1094 616 1129 Luceriae
641 1095 755 1128 XIII
775 1094 823 1129 K.
850 1094 966 1130 Mart.
994 1096 1066 1130 705
1092 1096 1183 1139 (49).

176 1176 249 1212 CN.
277 1176 479 1211 MAGNUS
504 1176 699 1211 PROCOS.
728 1177 762 1212 S.
789 1177 830 1211 D.
857 1176 896 1212 L.
922 1176 1127 1211 DOMITIO
1153 1175 1347 1212 PROCOS.

174 1248 362 1289 Litterae
401 1248 509 1289 mihi
552 1263 576 1289 a
613 1251 656 1289 te
694 1248 881 1289 redditae
929 1251 1028 1289 sunt
1067 1263 1101 1289 a.
1141 1248 1176 1289 d.
1216 1260 1299 1289 XIII
1336 1248 1428 1289 Kal.
1458 1260 1476 1290 1

87 1308 284 1362 Martias,
322 1308 367 1348 in
410 1307 564 1361 quibus
604 1307 753 1348 scribis
794 1307 1015 1348 Caesarem
1054 1307 1165 1361 apud
1198 1307 1431 1348 Corfinium

89 1369 226 1407 castra
269 1365 474 1419 posuisse.
537 1365 658 1414 Quod
700 1366 847 1420 putavi
887 1369 927 1406 et
964 1366 1231 1420 praemonui,
1271 1366 1339 1421 fit,
1381 1369 1429 1407 ut

34 1443 70 1468 20
88 1439 164 1465 nec
195 1425 240 1465 111
269 1425 508 1478 praesentia
539 1425 804 1465 committere
835 1427 975 1465 tecum
1012 1425 1220 1478 proelium
1252 1425 1356 1465 velit
1388 1428 1429 1465 et

90 1483 288 1523 omnibus
321 1483 452 1536 copiis
485 1483 702 1524 conductis
740 1486 782 1523 te
820 1483 1027 1538 implicet,
1065 1497 1118 1524 ne
1157 1483 1207 1523 ad
1244 1498 1311 1524 me
1347 1484 1430 1524 iter

89 1542 171 1582 tibi
203 1541 446 1595 expeditum
480 1541 535 1581 sit
566 1544 693 1595 atque
725 1541 829 1582 istas
862 1542 1004 1595 copias
1034 1542 1289 1596 coniungere
1321 1542 1429 1596 opti-

89 1615 256 1641 morum
288 1599 443 1640 civium
475 1599 615 1652 possis
648 1614 743 1640 cum
773 1599 841 1640 his
872 1600 1130 1654 legionibus,
1168 1601 1217 1640 de
1249 1615 1428 1654 quarum

89 1659 310 1699 voluntate
348 1658 602 1699 dubitamus.
664 1657 755 1706 Quo
799 1659 927 1699 etiam
970 1659 1108 1713 magis
1145 1659 1231 1698 tuis
1269 1659 1427 1699 litteris

37 1734 70 1760 25
93 1732 185 1758 sum
223 1719 472 1758 commotus.
534 1715 684 1769 Neque
728 1716 839 1757 enim
884 1731 1029 1757 eorum
1073 1717 1276 1771 militum,
1321 1731 1427 1770 quos

90 1790 254 1816 mecum
285 1775 435 1828 habeo,
466 1774 687 1815 voluntate
720 1775 823 1815 satis
856 1774 1037 1829 confido,
1069 1777 1117 1815 ut
1150 1775 1198 1815 de
1230 1775 1428 1816 omnibus

89 1834 272 1874 fortunis
309 1834 371 1874 rei
408 1833 602 1887 publicae
640 1833 850 1886 dimicem,
892 1847 1028 1886 neque
1072 1833 1217 1886 etiam,
1262 1833 1335 1887 qui
1378 1848 1428 1874 ex

91 1892 314 1933 dilectibus
347 1891 575 1945 conscripti
608 1894 708 1932 sunt
740 1891 999 1946 consulibus,
1031 1894 1326 1932 convenerunt.

179 1950 315 1999 Quare
347 1951 399 1991 da
431 1965 619 2004 operam,
660 1950 695 1990 si
726 1950 813 1990 ulla
843 1950 1007 1990 ratione
1040 1950 1167 1990 etiam
1198 1964 1310 1990 nunc
1342 1950 1428 1990 effi-
1454 1962 1474 1992 2

37 2026 72 2050 30
92 2023 182 2050 cere
213 2012 352 2063 potes,
389 2012 437 2049 ut
468 2012 510 2049 te
542 2008 742 2063 explices,
778 2008 860 2049 hoc
892 2023 1018 2061 quam
1055 2008 1241 2061 primum
1272 2009 1428 2063 venias,

93 2070 318 2121 antequam
362 2081 506 2108 omnes
551 2067 697 2120 copiae
740 2068 796 2107 ad
837 2066 1124 2107 adversarium
1165 2067 1427 2108 conveniant.

91 2125 240 2179 Neque
273 2125 384 2166 enim
416 2126 606 2166 celeriter
645 2140 695 2166 ex
732 2125 954 2166 dilectibus
992 2124 1072 2166 hoc
1107 2124 1301 2165 homines
1333 2139 1428 2166 con-

91 2185 234 2224 venire
266 2187 463 2237 possunt,
503 2187 562 2236 et,
603 2184 638 2224 si
670 2184 960 2237 convenirent,
999 2186 1204 2236 quantum
1235 2183 1288 2224 iis
1320 2198 1430 2224 00111-

91 2242 349 2283 mittendum
382 2242 450 2295 sit,
482 2242 554 2295 qui
586 2242 697 2282 inter
729 2256 771 2282 se
802 2256 854 2282 ne
885 2242 978 2282 noti
1004 2242 1163 2294 (samem
1191 2245 1302 2298 sunt,
1334 2257 1431 2284 con-

38 2316 72 2341 35
92 2303 158 2342 tra
188 2303 409 2342 veteranas
441 2300 643 2355 legiones,
674 2314 761 2341 non
792 2302 834 2341 te
865 2300 1078 2353 praeterit.
