1665 2553
671 67 708 102 P.
730 71 926 103 535—546.
1374 67 1464 102 CLV

131 173 167 206 p.
191 164 255 195 321
283 172 356 195 non
388 160 556 203 laudab,
588 162 631 194 ut
660 160 752 194 mihi
785 161 938 195 videtur.
983 161 1033 195 In
1052 172 1223 205 praesens
1246 165 1381 205 tempus
1407 159 1462 194 Ci-

133 218 215 242 cero
242 208 336 242 dixit
362 206 438 242 Cat.
459 208 475 240 I
495 211 525 241 9.
541 211 584 241 22
599 220 666 251 m.,
697 208 738 241 in
758 219 928 252 praesens
953 207 1102 242 Sallust.
1129 210 1215 252 (non
1241 207 1360 241 solum
1385 207 1460 241 Cat.

133 258 186 288 16.
208 259 246 298 3,
285 265 394 298 quem
424 255 545 289 locum
577 254 685 288 affert
708 254 817 288 Hand
843 255 944 289 Turs.
965 255 1015 288 [Π
1034 259 1120 298 337,
1148 256 1212 289 sed
1238 255 1351 289 etiam
1375 255 1461 288 hist.

131 301 182 335 IV
208 305 251 336 50
272 304 309 335 et
329 305 382 335 69.
397 305 440 335 19
466 301 618 345 Maur),
650 301 785 344 Livius,
812 301 888 344 alii,
914 302 955 336 in
979 306 1166 345 posterum,
1192 303 1233 336 in
1252 306 1463 346 perpetuum

132 348 224 382 satis
250 348 430 382 usitatum
456 350 527 391 est,
567 350 618 391 et,
659 348 804 382 etiamsi
829 348 924 382 illud
948 348 1170 382 inusitatum
1195 350 1307 391 esset,
1343 358 1462 392 paene

130 395 365 439 flagitaretur
392 395 574 429 contrario
600 396 642 429 in
662 400 852 439 posterum.
873 416 917 420 —
945 399 987 429 15
1014 396 1183 430 adnuisse
1208 395 1331 440 potius
1351 405 1463 438 quam

131 443 276 477 audisse
301 441 340 476 O.
355 441 395 475 E.
412 442 579 475 Schmidt
605 445 695 476 1890
719 454 754 486 p.
771 445 835 476 135
862 453 934 476 non
954 444 1065 485 recte,
1093 443 1211 484 credo,
1239 452 1463 485 quamquam

132 489 264 523 eximie
294 489 426 522 laudat
452 489 594 522 Schelle
624 501 659 533 p.
683 492 758 523 180.
796 488 957 522 Primum
989 489 1083 523 falso
1119 489 1212 522 illud
1239 490 1382 524 audisse
1407 499 1460 522 re-

128 536 311 580 prehendi
341 536 433 569 mihi
468 536 628 578 videtur,
662 535 794 569 deinde
825 547 896 579 quo
927 536 1036 570 modo
1069 536 1142 569 dici
1172 538 1298 580 potest
1328 536 1462 577 adnuO,

131 583 219 626 quid
243 583 315 617 sit?
342 604 386 607 —
413 586 550 616 20-22
577 583 640 626 qui
664 603 707 606 —
734 583 989 626 concupivisset
1011 583 1050 616 in
1070 582 1239 627 parenth.
1260 582 1356 627 vulg.
1379 583 1459 616 edd.

129 629 233 664 Ρ.16.
246 634 298 664 14.
331 631 341 672 11
378 630 423 664 P.
433 628 553 663 543.4
568 630 783 663 litterarum
796 629 844 672 M,
859 629 994 671 Baiter,
1005 629 1167 663 Wesenb
1183 658 1191 672 ,
1204 630 1459 664 V.Leh1n.Att.

132 679 210 719 179,
232 676 371 710 Gurlitt
386 679 475 710 1896
488 679 599 720 p.337
620 680 717 710 n.34.
745 697 788 701 —
816 680 856 709 11
883 677 1053 720 scriptae
1078 676 1268 710 Lehmann
1293 676 1459 717 Quaestt.

132 735 168 767 p.
191 726 256 756 135
287 723 445 756 fortasse
475 733 547 756 non
578 733 758 756 necessar.
797 743 841 747 —
881 726 923 756 15
949 735 1038 767 quae
1062 744 1107 748 —
1127 722 1388 767 perniciosior?
1422 723 1458 757 in

129 769 298 814 parenth.
325 769 494 803 Wesenb.
523 771 723 814 (p.16.14),
755 781 856 813 quae,
881 770 940 814 <si
965 781 987 804 a
1008 781 1120 814 puero
1144 771 1212 804 isto
1228 770 1380 813 petenda
1401 774 1460 811 est,

128 816 225 860 erit>
251 821 359 850 morte
379 816 522 850 Schelle
548 828 581 860 p.
599 819 674 850 184.
696 837 740 840 —
767 820 809 849 22
833 816 941 860 Quid,
964 817 997 851 si
1014 816 1130 851 nolit?
1166 817 1282 850 malui
1302 816 1460 850 scribere

133 873 245 906 quam
273 862 393 907 Quid?
429 864 462 897 si
484 863 592 905 nolit,
623 873 694 897 non
722 874 804 896 cum
830 863 978 897 Baitero
1005 865 1042 897 et
1066 863 1238 897 Wesenb.
1261 865 1325 897 aut
1353 863 1460 908 Quid„

129 911 163 944 si
186 910 288 952 nolit,
312 921 385 944 non
410 908 566 944 erimus?
603 920 685 943 cum
710 909 904 943 veteribus.
951 909 1002 944 Cf.
1025 910 1072 943 ad
1098 910 1174 944 Mil.
1196 922 1229 954 p.
1247 914 1394 944 29818.
1415 931 1460 934 -

131 960 268 990 27-29
294 957 395 991 iuvat
418 977 462 980 —
485 956 672 1000 petendum
693 957 741 990 sit
758 956 795 989 in
815 956 982 1000 parenth.
997 956 1168 990 Wesenb.
1207 957 1265 990 Ad
1283 969 1317 1001 p.
1335 960 1388 990 16.
1405 960 1457 990 14.

129 1023 176 1028 —
202 1007 244 1037 28
270 1004 515 1047 iqnorantem
538 1003 631 1036 Boot
658 1002 741 1036 Obs.
763 1015 796 1046 p.
820 1006 863 1036 64
890 1004 1170 1047 φορτικώτερον.
1191 1024 1234 1028 —
1262 1007 1303 1037 31
1331 1004 1459 1038 videre
1484 1009 1492 1013 ”

127 1050 244 1083 Barth
270 1050 359 1084 Adv.
373 1062 408 1094 p.
425 1053 527 1092 1803,
552 1050 669 1084 videri
693 1049 797 1084 codd.
819 1051 856 1083 et
882 1050 963 1084 edd.
976 1050 1037 1094 (ad
1056 1062 1091 1094 p.
1107 1054 1160 1084 57.
1177 1052 1246 1094 28),
1272 1061 1325 1084 me
1343 1050 1460 1084 videre

129 1095 244 1130 Cobet
268 1109 303 1141 p.
326 1100 403 1136 289,
430 1096 573 1130 Schelle
597 1108 632 1140 p.
655 1100 731 1130 185.
753 1117 798 1121 -—
823 1100 867 1130 35
892 1098 978 1140 post
1002 1098 1203 1131 Antonium
1226 1097 1459 1131 intercidisse

127 1143 275 1177 videtur
300 1154 387 1177 euni.
432 1145 443 1187 ΙΙ
485 1143 530 1178 P.
546 1141 635 1178 544.
652 1147 670 1176 7
696 1144 749 1178 ita
769 1144 855 1177 ante
875 1144 1003 1178 eaetulit
1022 1143 1106 1178 add.
1126 1143 1266 1186 Lamb,
1285 1143 1458 1178 Wesenb.

125 1211 174 1215 —
195 1194 237 1223 15
253 1201 304 1233 sq.
326 1191 454 1235 quibus
478 1211 521 1214 —
543 1190 721 1234 pernicies
743 1189 783 1223 in
807 1190 975 1234 parenth.
990 1190 1161 1224 Wesenb.
1206 1190 1265 1223 Ad
1288 1202 1323 1234 p.
1341 1194 1458 1225 1614.

127 1257 173 1261 —
200 1240 243 1270 25
268 1238 424 1281 reponit,
449 1248 498 1271 an
518 1241 719 1280 pateretur,
752 1241 793 1271 ut
817 1241 902 1272 esset
925 1237 1058 1271 Purser
1083 1237 1272 1271 Hermath.
1292 1237 1342 1270 IX
1369 1241 1457 1271 1896

123 1295 162 1328 p.
185 1286 228 1317 92
244 1295 295 1326 sq.
340 1285 351 1328 ss
393 1284 438 1318 P.
460 1282 548 1318 545.
571 1288 588 1316 1
606 1295 683 1326 sqq.
710 1287 861 1318 ceterum
891 1295 966 1327 neq.
989 1284 1139 1327 perierit
1168 1285 1244 1326 ille,
1280 1284 1384 1318 cuius
1414 1305 1457 1310 -—

128 1341 280 1373 eramus,
305 1330 408 1364 nulla
427 1341 515 1364 cura
533 1329 747 1364 adhibetur?
783 1330 892 1374 vulg,
918 1330 1054 1373 Baiter,
1075 1352 1119 1355 —
1137 1330 1304 1365 eravizus?
1341 1331 1458 1365 Nulla

127 1376 312 1419 Wesenb,
331 1388 381 1411 ne
399 1388 474 1420 neq.
495 1398 540 1401 —
565 1388 716 1419 eramus,
733 1377 837 1411 nulla
856 1388 945 1411 cura
964 1377 1178 1412 adhibetwr?
1202 1377 1353 1421 Madvig
1367 1378 1456 1411 Adv.

127 1423 178 1456 ΠΙ
196 1435 230 1467 p.
254 1427 320 1457 199
335 1435 405 1466 sq.,
441 1423 595 1467 improb.
616 1423 755 1457 Becher
782 1427 871 1457 1885
896 1436 931 1467 p.
953 1427 1021 1457 500
1036 1435 1088 1467 sq.
1139 1424 1198 1458 Sic
1234 1424 1458 1468 interpunxi,

127 1472 171 1503 ut
195 1469 351 1503 relativa
378 1470 631 1503 enuntiatione
650 1470 864 1514 responderi
883 1470 1168 1515 interrogationi
1188 1473 1393 1515 appareret.
1414 1492 1459 1496 -

128 1516 179 1550 Ib.
200 1517 432 1560 nequiquam
457 1516 511 1559 Μ,
542 1517 678 1558 Baiter,
703 1517 945 1561 nequidquam
970 1517 1143 1551 WVesenb.
1193 1518 1251 1551 Ad
1276 1530 1311 1562 p.
1333 1521 1410 1552 111.
1428 1522 1457 1551 7.

129 1584 174 1588 —
206 1567 292 1606 3sq.
314 1563 432 1597 Nulla
462 1574 551 1597 cura
581 1564 769 1598 adhibetur
801 1563 871 1597 del.
894 1563 1008 1598 Cobet
1038 1576 1072 1608 p.
1094 1568 1172 1599 290.
1216 1564 1317 1598 Haec
1348 1564 1459 1598 verba

126 1612 253 1643 utrum
286 1610 549 1653 interrogative
582 1621 627 1643 an
659 1610 876 1644 affirmative
901 1610 968 1653 (sic
992 1611 1132 1644 Becher
1158 1614 1246 1644 1885
1272 1623 1307 1654 p.
1329 1614 1393 1644 501
1423 1613 1460 1644 et

128 1656 313 1699 VVesenb„
328 1657 487 1699 quicum
506 1658 592 1690 vett.
603 1657 701 1691 edd:
715 1657 832 1691 Nulla
845 1668 934 1691 cura
953 1658 1003 1691 ab
1023 1658 1130 1692 aliis
1150 1658 1350 1701 adhibetur)
1364 1657 1458 1691 acci-

127 1702 222 1747 pias,
248 1703 343 1736 nihil
366 1703 537 1746 interest3
562 1714 649 1737 nam
672 1703 819 1747 integra
843 1714 917 1737 non
943 1714 1022 1738 esse
1046 1704 1138 1737 mihi
1164 1705 1304 1737 certum
1330 1705 1395 1746 est,
1422 1706 1459 1738 et

131 1749 275 1784 Schelle
301 1762 335 1794 p.
359 1753 425 1784 184
457 1750 547 1784 coni.
573 1752 606 1784 si
635 1755 773 1785 mortuo
801 1750 1044 1796 (tyranno)
1068 1751 1183 1785 nihilo
1207 1752 1328 1784 minus
1351 1751 1457 1785 servi-

128 1798 205 1831 turi
229 1807 368 1831 eramus
393 1796 525 1842 <atque
549 1797 641 1830 idem
664 1808 708 1831 ne
733 1798 860 1831 iterum
886 1798 1050 1842 eveniat>
1074 1798 1178 1831 nulla
1202 1808 1290 1831 cura
1315 1797 1458 1831 adhibe-

131 1842 219 1877 tur?
244 1864 288 1868 —-
316 1847 334 1877 7
359 1845 559 1877 reviviscat
584 1843 757 1877 Wesenb.
801 1843 859 1876 Ad
883 1843 967 1877 Vat.
988 1856 1022 1887 p.
1039 1846 1093 1877 80.
1110 1847 1163 1876 12.
1190 1864 1235 1868 -—
1261 1847 1303 1876 13
1328 1845 1403 1878 nisi
1421 1843 1457 1886 C,

127 1889 282 1934 Madvig
300 1889 389 1923 Adv.
405 1890 455 1922 ΠΙ
474 1902 508 1933 p.
524 1894 602 1932 200,
628 1891 660 1924 si
679 1890 727 1932 M,
754 1889 835 1923 edd.
861 1889 1051 1925 Ρ.421.29,
1072 1911 1117 1914 -
1143 1893 1185 1923 16
1211 1890 1347 1924 Romae
1372 1892 1458 1924 ante

128 1936 317 1970 incolumis
336 1936 419 1970 add.
441 1936 583 1970 Schelle
603 1949 636 1981 p.
648 1940 725 1970 185.
745 1957 791 1961 —
811 1940 854 1970 20
873 1937 906 1971 si
923 1936 1059 1979 Baiter,
1089 1936 1280 1971 recidisse?
1299 1937 1344 1970 ab
1363 1947 1402 1971 eo
1421 1939 1459 1971 et

129 1993 160 2015 v.
176 1986 220 2015 24
238 1983 330 2017 salvi
347 1984 428 2018 sint.
449 1983 546 2027 vulg.
590 1986 600 2026 H
643 1983 690 2017 P.
710 1981 800 2018 546.
822 1987 840 2017 7
856 1994 908 2026 sq.
929 1984 969 2017 id
993 2004 1038 2008 —
1058 1983 1206 2027 publica
1231 1983 1270 2016 in
1289 1983 1456 2027 parenth.

129 2027 319 2071 Wesenb,
352 2031 455 2063 extra
479 2030 623 2073 reliqui.
667 2030 726 2063 Ad.
749 2042 784 2074 p.
802 2033 920 2064 16.14.
958 2050 1003 2054 —
1041 2033 1060 2063 9
1091 2030 1166 2064 illis
1198 2029 1321 2073 potius
1347 2041 1459 2073 quam

128 2075 215 2109 ullis
238 2075 427 2109 Lehmann
452 2075 616 2118 Quaestt.
637 2088 671 2120 p.
694 2080 771 2110 135.
821 2076 857 2111 U
858 2077 922 2111 llos
953 2077 1101 2111 honores
1131 2076 1266 2120 opponi
1296 2078 1386 2121 puto
1413 2077 1457 2120 ei,

129 2132 201 2164 quo
227 2122 360 2166 expleri
383 2134 457 2157 non
478 2124 591 2167 possit
615 2134 735 2158 eorum
759 2124 933 2166 meritum,
959 2124 1023 2166 qui
1045 2123 1139 2157 illud
1163 2124 1298 2157 malum
1322 2124 1457 2158 excide-

127 2172 224 2202 runt.
245 2189 290 2193 —-
311 2171 352 2201 15
368 2180 445 2212 sqq.
466 2171 574 2204 vivat
593 2174 697 2213 atque
715 2170 756 2204 in
775 2170 886 2204 armis
904 2170 963 2204 sit
975 2169 1023 2212 M,
1039 2170 1146 2213 :quia
1159 2170 1342 2204 Antonius
1360 2171 1459 2205 vivit

125 2219 232 2258 atque
257 2216 298 2249 in
317 2217 427 2249 armis
445 2221 505 2251 est
524 2237 568 2241 -—
582 2220 707 2260 potest,
724 2216 891 2250 Octavius
912 2236 957 2240 —
973 2217 1145 2251 videatur.
1171 2217 1253 2261 Eyo
1272 2216 1456 2259 Wesenb,

125 2261 270 2307 [Quia]
290 2261 472 2297 Antonius
495 2263 592 2297 vivat
611 2284 655 2287 —
679 2264 746 2297 sit!
772 2262 898 2305 Orelli,
933 2263 1004 2297 sit.'
1026 2263 1069 2297 de
1089 2262 1238 2298 Caesare
1256 2263 1392 2297 Baiter.
1413 2285 1457 2289 —
