1665 2553
155 1275 197 1307 18

156 2155 198 2186 19

228 118 310 159 166
668 118 716 152 M.
743 117 884 152 TULLI
910 117 1157 153 CICERONIS

225 213 316 255 dico
360 227 426 254 me
469 213 720 254 centesimas
762 213 1004 268 ducturum3
1049 213 1087 254 si
1122 227 1209 254 non
1247 213 1470 268 solverint,
1513 228 1563 254 ex

224 272 429 326 pactione.
491 270 641 326 Itaque
673 274 715 312 et
748 270 897 312 Graeci
930 272 1103 313 solvunt
1134 272 1350 313 tolerabili
1380 272 1564 326 faenore,

225 334 266 371 et
308 331 545 384 publicanis
590 345 656 372 res
695 332 759 370 est
797 330 1058 384 gratissima,
1099 330 1136 371 si
1172 330 1246 371 illa
1282 331 1367 371 iam
1403 330 1564 371 habent

223 389 349 442 pleno
375 389 530 443 modio,
556 389 784 429 verborum
803 388 1020 442 honorem,
1044 389 1343 430 invitationem
1361 389 1562 430 crebram.

224 447 332 496 Quid
357 448 508 502 plura?
541 450 641 488 sunt
668 461 811 488 omnes
837 447 898 487 ita
922 447 1028 488 mihi
1053 447 1294 503 familiares,
1319 451 1368 488 ut
1389 462 1432 488 se
1452 447 1564 501 quis-
1601 465 1617 490 5

224 521 304 560 que
335 506 517 547 maxime
548 508 682 560 putet.
733 506 815 547 Sed
846 508 990 547 tamen
1021 504 1173 560 εμηδὲν
1205 506 1368 555 αὐτοῖς’
1398 530 1454 535 -
1481 506 1564 547 scis

223 565 396 618 reliqua.

312 623 375 665 De
420 626 560 664 statua
584 622 785 664 'Africani
828 621 885 679 (ὦ
923 624 1189 677 πραγμάτων
1226 622 1565 676 ἀσυγκλώστωνῖ

224 682 298 723 sed
334 697 400 723 me
438 683 483 723 z'cl
518 682 659 735 ipsum
697 682 921 723 delectavit
958 682 1005 722 in
1040 681 1126 722 tuis
1164 680 1348 738 litteris)
1387 682 1457 722 ain
1487 682 1565 723 tu‘?

225 740 365 795 Scipio
408 740 478 781 hic
518 740 716 781 Metellus
760 755 967 794 proavum
1011 755 1134 781 suum
1170 740 1306 781 nescit
1349 754 1563 781 censorem
1584 757 1618 781 10

221 814 309 840 non
345 799 509 840 fuisse?
559 799 695 853 Atqui
725 799 836 840 nihil
866 798 1018 839 habuit
1051 798 1166 839 aliud
1195 799 1448 853 inscriptum
1478 799 1563 840 nisi

225 869 318 899 COS.
351 872 398 898 ea
430 860 583 912 statua,
617 872 723 911 quae
749 858 801 898 ad
826 856 970 912 0111εῆ-
995 872 1070 911 per
1094 860 1136 899 te
1161 857 1303 911 posita
1328 857 1373 898 in
1397 857 1562 899 excelso

224 920 298 957 est.
349 915 398 957 In
430 917 504 957 illa
531 920 684 970 autem,
717 931 823 970 quae
849 919 913 957 est
940 916 991 957 ad
1017 915 1300 965 Πολυκλέους
1324 915 1562 971 Herculem,

222 975 475 1029 inscriptum
501 978 564 1016 est
586 985 782 1029 CONSUL,
809 989 935 1028 quam
955 989 1045 1015 esse
1065 975 1251 1016 eiusdem
1271 977 1420 1028 status,
1439 974 1562 1016 amic-

223 1037 312 1088 tus,
350 1034 520 1089 anulus,
559 1034 700 1089 imago
732 1034 826 1087 ipsa
858 1034 1052 1074 declarat.
1113 1033 1172 1074 At
1204 1033 1440 1075 mehercule
1471 1047 1562 1089 ego,
1582 1048 1615 1074 15

223 1107 318 1133 cum
349 1092 394 1133 in
425 1095 564 1133 turma
595 1092 889 1132 inauratarum
921 1091 1200 1145 equestrium,
1241 1106 1344 1146 quas
1375 1091 1446 1133 hio
1475 1091 1562 1133 Me-

223 1151 350 1191 tellus
394 1151 440 1191 in
476 1149 688 1204 Capitolio
726 1151 889 1205 posuit,
936 1150 1326 1191 animadvertissem
1362 1150 1408 1191 in
1446 1149 1563 1191 Sera-

224 1210 362 1263 pionis
391 1209 702 1262 subscriptione
726 1208 919 1249 Africani
938 1208 1178 1264 imaginem,
1204 1211 1391 1249 erratum
1409 1208 1561 1249 fabrile

224 1268 390 1322 putavi,
427 1281 538 1308 nunc
579 1267 699 1307 video
731 1265 903 1307 Metelli.
967 1265 1000 1307 O
1034 1266 1345 1321 ἀνιστορησίαν
1376 1268 1559 1320 turpem!

223 1326 335 1367 Nam
366 1325 472 1366 illud
503 1326 552 1366 de
583 1324 729 1366 Flavio
763 1328 804 1365 et
835 1325 978 1379 fastis,
1016 1325 1052 1365 si
1084 1339 1201 1366 secus
1229 1328 1305 1380 est,
1341 1339 1560 1366 commune
1580 1342 1614 1366 20

225 1388 412 1426 enatum
449 1387 531 1439 est,
574 1387 616 1424 et
653 1386 701 1424 tu
736 1383 846 1425 belle
883 1384 1123 1438 ἠπόρησας,
1160 1386 1201 1424 et
1237 1398 1316 1424 nos
1347 1383 1562 1437 publicam

222 1458 354 1497 piope
382 1443 624 1508 opinionem
649 1442 783 1483 secuti
809 1457 966 1498 sumus,
997 1445 1044 1482 ut
1069 1441 1177 1482 mult
1182 1457 1205 1482 a
1231 1442 1341 1496 apud
1367 1440 1560 1484 Graecos.

225 1501 327 1550 Quis
366 1502 478 1542 enim
513 1515 600 1542 non
636 1501 742 1541 dixit
779 1501 996 1555 Εὔπολιν,
1040 1501 1119 1542 τὸν
1158 1507 1233 1554 τῆς
1271 1500 1469 1566 ἀρχαίας,
1508 1500 1560 1542 ab

223 1560 443 1602 Alcibiade
468 1560 695 1614 navigante
721 1559 767 1600 in
793 1558 981 1600 Siciliam
1006 1559 1214 1600 deiectum
1239 1573 1329 1600 esse
1354 1559 1399 1600 in
1417 1559 1561 1600 mare?

223 1618 460 1674 Redarguit
497 1617 821 1672 Eratosthenes3
866 1618 1001 1658 adfert
1039 1618 1168 1670 enim,
1210 1632 1313 1671 quas
1350 1617 1422 1658 ffle
1461 1620 1560 1672 post
1580 1632 1613 1658 25

224 1678 268 1719 id
304 1680 471 1731 tempus
509 1677 676 1718 fabulas
715 1676 913 1717 docuerit.
974 1674 1091 1717 Num
1127 1676 1281 1717 idcirco
1322 1675 1452 1716 Duris
1490 1674 1561 1717 Sa-

223 1737 348 1791 mius,
383 1736 512 1777 homo
543 1736 589 1776 in
617 1735 798 1776 historia
829 1735 1021 1790 diligens,
1053 1735 1166 1788 quod
1196 1749 1291 1775 cum
1320 1734 1468 1774 multis
1500 1748 1561 1775 er-

223 1795 348 1850 ravit,
374 1794 610 1835 inridetur?
655 1793 756 1842 Quis
783 1793 1005 1834 Zaleucum
1030 1793 1144 1847 leges
1170 1791 1315 1834 Locris
1343 1792 1561 1846 scripsisse

223 1868 310 1895 non
353 1853 489 1894 dixit‘?
538 1851 654 1893 Num
690 1852 824 1906 igitur
859 1852 967 1892 iacet
1004 1851 1341 1905 Theophrastus,
1384 1850 1421 1891 si
1457 1850 1500 1891 id
1537 1866 1561 1892 a

224 1912 414 1965 Timaeo,
456 1914 531 1952 tuo
575 1911 794 1964 familiari,
831 1924 1079 1964 reprensum
1122 1909 1215 1950 est?
1277 1907 1359 1950 Sed
1399 1909 1560 1950 nescire
1579 1925 1614 1950 30

224 1985 429 2024 proavum
467 1984 591 2010 suum
627 1983 841 2010 censorem
877 1983 964 2009 non
1002 1968 1133 2009 fuisse
1164 1970 1289 2020 turpe
1321 1969 1403 2022 est,
1444 1982 1562 2022 prae-

226 2030 372 2070 sertim
413 2043 507 2069 cum
546 2031 645 2081 post
685 2042 780 2068 eum
817 2027 1032 2068 consulem
1065 2039 1188 2067 nemo
1228 2024 1449 2066 Cornelius
1485 2026 1560 2067 1110

225 2088 320 2128 vivo
354 2101 501 2128 censor
531 2086 670 2127 fuerit.

315 2145 436 2193 Quod
466 2145 515 2186 de
546 2143 779 2185 Philotimo
816 2146 857 2184 et
889 2143 939 2184 de
975 2142 1186 2184 solutione
1211 2141 1373 2183 HS*
1311 2153 1436 2183 XXDC
1463 2142 1561 2183 scri-

225 2204 302 2257 bis,
328 2203 606 2244 Philotimum
633 2202 798 2244 circiter
824 2201 917 2242 Kal.
936 2201 1154 2242 Ianuarias
1180 2201 1225 2241 in
1251 2199 1561 2241 Chersonesum
1580 2215 1614 2241 35

226 2262 349 2302 audio
381 2262 556 2302 venisse.
606 2261 666 2302 At
696 2260 756 2301 mi
782 2260 834 2301 ab
861 2274 909 2301 eo
934 2259 1044 2300 nihil
1069 2258 1213 2300 adhue.
1263 2258 1444 2312 Reliqua
1467 2273 1561 2300 mea

226 2318 429 2360 Camillus
463 2319 611 2360 scribit
645 2334 688 2360 se
719 2318 938 2372 accepisse.
988 2317 1052 2358 Ea
1085 2332 1190 2371 quae
1224 2317 1323 2373 sint,
1351 2317 1492 2358 nescio
1519 2320 1561 2358 et
