1665 2553
316 88 658 123 EPISTULARUM
683 88 748 122 AD
774 87 992 122 ATTICUM
1016 87 1050 122 V
1077 91 1132 122 21.
1317 88 1399 128 157

60 186 112 227 ad
137 186 316 227 ducenta
341 185 578 239 perducam.
619 183 832 238 ‘Optime'‚
856 183 1042 238 inquam.
1082 182 1199 224 Voco
1225 183 1323 224 illos
1349 183 1403 224 ad

57 260 124 286 me
149 247 313 286 remoto
341 243 523 298 Scaptio.
569 242 722 291 ‘QuidP
747 257 822 284 vos
849 243 1083 297 quantum',
1108 242 1295 296 inquam,
1322 241 1403 282 ‘de-

58 303 222 345 betis‘?'
277 302 552 356 Respondent
585 313 670 343 CVI.
702 301 856 342 Refero
889 302 943 342 ad
975 300 1202 355 Scaptium.
1259 300 1401 341 Homo

59 363 250 404 clamare.
313 361 445 410 ‘Quid
475 361 620 415 potius
656 360 752 415 est',
792 360 983 415 inquam,
1026 360 1175 414 ‘quam
1213 359 1400 401 rationes

22 439 40 464 5
60 420 338 462 conferatis?
400 420 630 474 Adsidunt‚
670 419 928 474 subducunt3
966 420 1023 461 acl
1055 433 1275 459 nummum
1307 432 1402 459 con-

59 480 186 521 venit.
248 478 318 520 Illi
356 493 399 520 se
430 492 650 520 numerare
687 478 813 532 velle,
856 492 1054 532 urguere,
1097 480 1145 518 ut
1183 477 1400 531 acciperet.

60 537 258 593 Scaptius
289 552 356 578 me
388 552 535 578 rursus
574 537 753 591 seducit,
790 539 932 591 rogat,
969 539 1017 577 ut
1055 551 1144 577 rem
1182 536 1241 577 sic
1277 536 1401 576 relin-

61 612 197 651 quam.
247 595 357 637 Dedi
382 596 548 637 veniam
572 596 737 637 homini
765 595 1031 650 impudenter
1061 595 1242 650 petenti3
1278 594 1401 636 Grae-

60 656 120 697 cis
154 656 448 710 querentibus7
478 658 527 695 ut
558 655 605 695 in
634 655 732 695 fano
770 654 1044 709 deponerent,
1080 654 1400 708 postulantibus

7 733 41 758 ιο
59 729 148 756 non
178 714 377 755 concessi.
439 712 631 755 Clamare
665 727 808 754 omnes
816 746 827 767 ,
860 713 933 767 qui
964 713 1155 767 aderant,
1186 712 1295 753 nihil
1326 712 1400 753 im-

59 773 287 827 pudentius
315 771 499 827 Scaptio,
532 772 605 826 qui
632 771 873 812 centesimis
899 786 994 813 cum
1020 771 1280 813 anatocismo
1306 785 1401 812 con-

59 834 204 873 tentus
236 846 324 872 non
355 834 483 886 esset3
516 831 589 871 alii
619 830 730 871 nihil
761 830 944 871 stultius.
1006 830 1115 871 Mihi
1153 833 1293 871 autem
1326 830 1401 870 im-

59 891 221 945 pudens
252 890 389 945 magis
422 905 550 944 quam
582 890 740 930 stultus
771 889 1014 944 videbatur3
1050 903 1149 929 nam
1182 892 1256 929 aut
1285 889 1399 929 bono

59 949 231 990 nomine
264 949 504 989 centesimis
536 951 760 989 contentus
799 951 889 989 erat
929 951 1001 988 aut
1032 962 1119 989 non
1156 948 1268 988 bono
1302 961 1401 1001 qua-

8 1025 41 1051 15
61 1010 203 1049 ternas
236 1008 485 1048 centesimas
519 1007 727 1061 sperabat.

149 1066 293 1107 Habes
324 1081 461 1107 meam
493 1080 673 1106 causam.
735 1064 850 1114 Quae
888 1065 925 1106 si
956 1065 1090 1106 Bruto
1128 1079 1215 1105 non
1251 1065 1401 1118 proba-

61 1127 149 1179 tur,
192 1124 354 1178 nescio,
397 1139 471 1165 cur
514 1124 635 1165 illum
679 1138 875 1165 amemus.
940 1122 1033 1164 Sed
1059 1124 1266 1164 avunculo
1311 1123 1400 1164 eius

60 1186 172 1224 certe
209 1183 481 1237 probabitur,
523 1183 773 1237 praesertim
814 1197 909 1223 cum
949 1185 1121 1223 senatus
1160 1182 1401 1223 consultum

60 1242 185 1283 modo
217 1242 377 1282 factum
410 1242 483 1296 sit,
514 1245 637 1296 puto,
676 1244 904 1295 postquam
935 1244 983 1281 tu
1015 1256 1058 1282 es
1090 1242 1324 1295 profectus,
1357 1241 1402 1281 in

8 1319 43 1344 20
62 1301 319 1341 creditorum
359 1315 483 1341 causa
522 1303 570 1340 ut
602 1300 854 1341 centesimae
885 1303 1090 1353 perpetuo
1127 1300 1298 1340 faenore
1330 1299 1401 1340 du-

62 1362 266 1400 cerentur.
333 1358 428 1399 Hoc
472 1359 573 1412 quid
616 1359 803 1413 intersit,
854 1359 890 1399 si
939 1362 1038 1399 tuos
1088 1358 1246 1413 digitos
1287 1358 1402 1414 novi,

61 1420 173 1458 certe
203 1417 335 1458 habes
374 1417 639 1458 subductum.
689 1416 741 1458 In
773 1432 856 1471 quo
889 1417 1069 1471 quidem,
1111 1417 1219 1459 ὁδοῦ
1247 1418 1401 1471 πάρερ-

61 1492 160 1530 γον,
209 1476 257 1516 L.
295 1475 498 1516 Lucceius
536 1475 592 1516 M.
629 1476 656 1516 f.
702 1476 893 1530 queritur
936 1476 1049 1530 apud
1092 1490 1159 1516 me
1210 1490 1285 1529 per
1331 1475 1401 1516 lit-

62 1537 174 1575 teras
232 1549 444 1575 summum
494 1548 584 1574 esse
633 1535 884 1589 periculum,
942 1549 995 1575 ne
1050 1535 1173 1588 culpa
1229 1537 1400 1574 senatus

9 1611 42 1637 25
61 1592 129 1634 his
179 1592 356 1633 decretis
399 1607 466 1633 res
511 1593 563 1633 ad
605 1593 772 1633 tabulas
818 1607 948 1634 novas
1004 1593 1238 1648 perveniat3
1293 1607 1402 1633 com-

61 1654 284 1706 memorat,
339 1651 440 1705 quid
496 1651 598 1691 olim
652 1651 754 1692 mali
804 1650 848 1693 O.
892 1650 1026 1692 Iulius
1082 1651 1244 1705 fecerit,
1307 1665 1402 1692 eum

63 1710 268 1751 dieculam
313 1709 498 1764 duxerit3
539 1723 773 1764 numquam
815 1709 877 1750 rei
913 1710 1107 1763 publicae
1144 1710 1251 1763 plus.
1320 1708 1402 1750 Sed

64 1768 111 1808 ad
157 1783 246 1809 rem
288 1769 423 1809 redeo.
503 1767 709 1808 Meditare
759 1768 958 1809 adversus
1001 1767 1184 1808 Brutum
1233 1782 1401 1808 causam

63 1840 214 1881 meam,
253 1827 289 1867 si
325 1827 428 1867 haec
459 1841 583 1866 causa
621 1829 702 1880 est,
739 1829 886 1866 contra
918 1841 1044 1879 quam
1079 1826 1189 1866 nihil
1224 1826 1401 1866 honeste

9 1903 45 1927 30
64 1884 146 1925 dici
181 1887 323 1938 potest
381 1885 632 1939 praesertim
663 1899 757 1925 cum
788 1884 998 1938 integram
1034 1899 1123 1925 rem
1155 1887 1197 1925 et
1233 1898 1401 1925 causam

64 1942 317 1995 reliquerim.

331 1920 341 1940 7

153 2000 335 2055 Reliqua
367 2005 466 2042 sunt
493 2002 733 2042 domestica.
783 2001 847 2042 De
874 2001 1098 2058 ἐνδομύχῳ
1125 2001 1259 2055 probo
1291 2002 1401 2042 idem

66 2059 180 2113 quod
215 2062 264 2099 tu
300 2059 543 2101 Postumiae
580 2060 688 2115 filio,
734 2060 933 2113 quoniam
969 2060 1167 2100 Pontidia
1202 2063 1399 2114 nugatur.

67 2116 148 2158 Sed
190 2118 342 2158 vellem
386 2119 564 2160 adesses.
625 2118 666 2160 A
697 2118 855 2166 Quinto
899 2119 1029 2159 fratre
1071 2118 1139 2159 his
1183 2119 1400 2160 mensibus

13 2193 47 2219 35
65 2175 174 2216 nihil
223 2177 498 2232 exspectaris3
551 2192 651 2218 nam
700 2177 864 2217 Taurus
914 2180 1088 2231 propter
1135 2177 1253 2218 nives
1304 2181 1401 2218 ante

65 2248 252 2276 mensem
296 2234 466 2275 Iunium
505 2236 679 2276 transiri
718 2250 805 2276 non
848 2239 999 2289 potest.
1061 2235 1310 2290 Thermum,
1353 2239 1400 2277 ut

65 2307 209 2348 rogas,
247 2293 510 2334 creberrimis
551 2294 708 2335 litteris
740 2294 881 2334 fulcio.
942 2293 985 2334 P.
1019 2293 1237 2335 Valerium
1273 2298 1400 2350 negat

1428 1077 1471 1106 13

1428 2013 1470 2044 14
