1665 2553
187 100 319 135 LXXII
607 99 884 134 ADNOTATIO
912 97 1098 134 CRITICA

188 197 265 227 247.
287 198 324 236 63
363 194 428 228 sed
457 205 488 228 v.
511 198 588 227 244.
611 197 655 227 14
676 195 713 227 et
733 197 793 229 20.
827 196 903 226 245.
926 196 988 236 24,
1022 196 1098 227 246.
1121 196 1141 227 8
1162 195 1198 228 et
1219 198 1261 227 12
1284 195 1321 228 et
1342 198 1384 227 16
1406 195 1444 228 et
1462 197 1519 236 31,

187 244 264 274 247.
286 245 328 274 21
351 242 388 274 et
407 244 462 275 31.
483 261 528 266 —
552 240 604 274 Ib.
625 241 688 274 hoc
712 240 761 282 M,
787 241 855 274 huc
881 239 974 283 edd,
1000 239 1091 274 item
1114 252 1148 284 p.
1165 244 1242 274 247.
1260 244 1304 274 30
1331 239 1402 285 (Or.
1419 242 1520 286 test.)

187 289 225 321 et
249 291 303 330 32,
331 291 408 321 251.
431 291 475 321 24
502 288 584 321 ‘hue
609 298 696 321 corr.
719 297 763 320 ex
787 287 851 320 hoe
876 286 947 329 M'3
975 286 1023 319 ad
1046 286 1132 321 fam.
1154 291 1234 321 271.
1249 291 1280 322 8.
1308 308 1353 313 —-
1379 291 1422 321 25
1453 288 1520 322 hae

187 334 269 368 add.
292 337 378 368 ante
403 335 496 368 duae
520 333 644 367 Lehm.
666 333 709 367 cf.
733 345 767 377 p.
790 337 867 366 244.
891 336 921 366 8,
951 353 996 358 —-
1029 336 1074 367 34
1098 334 1322 368 *deducturi
1345 333 1516 368 Wesenb.

188 380 349 414 ‘Excidit
374 381 422 415 ad
446 392 499 415 me
525 382 590 414 aut
613 381 682 415 huc
702 383 767 414 aut
785 381 851 421 eo',
876 380 981 422 Boot,
1008 380 1067 413 cui
1090 380 1285 424 ‘optimum
1303 381 1450 415 videtur
1469 382 1516 415 ad

184 428 264 470 me’,
290 428 338 462 ad
363 439 415 462 me
440 438 505 461 scr.
534 427 687 471 TyrreH,
713 427 958 461 Brundisium
984 425 1023 460 O.
1038 426 1077 460 E.
1095 427 1262 461 Schmidt
1289 427 1375 461 ‘Der
1400 427 1516 462 Brief-

183 474 355 508 wechsel'
382 486 416 518 p.
441 478 517 508 138.
556 476 567 518 ΙΙ
609 474 655 508 P.
670 473 760 508 247.
775 477 796 506 4
815 484 984 507 summae
1008 473 1186 517 Lambin„
1206 474 1392 517 Wesenb.,
1412 475 1515 508 Boot.

186 519 235 555 Cf.
257 521 349 554 Plin.
371 523 446 554 nat.
467 520 552 554 hist.
575 520 692 554 XVE]
712 523 779 554 300
810 521 904 554 ratio
936 521 1021 554 haec
1055 541 1099 545 —
1136 532 1275 555 summa
1299 526 1417 556 autem
1443 522 1517 556 eius

183 568 294 609 rati03
320 567 380 601 hic
404 580 438 612 p.
456 571 532 601 241.
550 571 579 601 3.
602 588 647 592 —-
667 571 709 601 10
725 578 776 610 sq.
799 571 830 601 et
849 567 1024 601 mandata
1043 568 1166 602 attulit
1183 567 1289 609 EOR,
1315 568 1515 611 Lehmann,

184 615 307 648 attulit
330 618 362 648 et
386 615 560 648 mandata
584 613 651 656 Ms,
677 613 773 657 vulg.
813 634 857 638 —
896 617 939 647 13
965 614 1012 648 iis
1039 614 1092 647 ed.
1113 614 1207 656 Asc,
1233 614 1336 657 Boot,
1362 614 1516 659 Tyrrell,

183 672 214 694 V.
230 664 273 694 23
301 661 415 694 etiam
438 661 589 694 Baiter:
613 660 672 694 Ad
696 673 729 704 p.
747 664 800 694 37.
817 663 870 693 37.
893 681 937 685 -
964 663 1007 694 28
1034 672 1057 694 a
1081 661 1285 696 consulibus
1310 664 1352 695 ut
1378 665 1515 696 22816

184 719 207 741 a
231 707 371 742 Fausto
395 707 492 751 mig.
513 710 665 741 recentt.
686 710 834 751 praeter
859 706 1010 750 TyrreH.
1034 717 1087 751 ep.
1110 711 1187 742 330.
1226 729 1270 732 —
1309 711 1352 742 30
1378 713 1410 743 et
1431 710 1518 752 post

183 755 334 797 empliees
361 765 403 787 ex
431 755 484 788 ed.
506 754 597 788 Iens.
614 753 725 796 Wes.,
752 754 854 787 Boot.
882 775 927 778 —
952 753 1002 787 sb.
1026 756 1063 787 et
1088 757 1131 787 32
1158 755 1221 789 hoc
1247 755 1295 788 ad
1321 758 1397 789 246.
1413 759 1466 789 23.
1505 755 1517 801 ΙΙ

230 801 276 835 P.
298 799 386 835 248.
410 805 427 834 7
454 805 600 835 nactus
624 800 689 843 ΜΞ,
716 803 758 834 ut
783 801 938 842 videtur,
965 800 1102 843 Baiter,
1128 800 1271 844 Tyrrell
1297 812 1350 845 ep.
1373 805 1450 835 348.
1471 822 1517 826 —

185 851 227 881 16
253 848 299 881 sit
323 847 507 889 Lambin,
539 847 681 889 Baiter,
708 847 893 890 Wesenb.,
918 847 1022 889 Boot,
1049 852 1098 882 est
1123 848 1240 891 codd,
1266 847 1419 892 Tyrrell.
1458 848 1518 882 Ad

182 905 216 938 p.
247 898 300 927 32.
330 898 382 928 11.
434 915 478 919 —
529 898 572 927 20
610 898 641 928 et
677 898 820 928 tamen
858 894 949 927 coni.
978 893 1168 928 Lehmann
1199 894 1276 929 Att.
1319 907 1354 939 p.
1384 898 1461 929 195.
1505 895 1518 941 [Ι

230 941 275 975 Ρ.
291 939 380 975 249.
396 945 414 974 3
442 945 584 975 nostras
610 952 677 974 om.
700 941 748 983 M,
774 940 910 974 Baiter.
932 961 976 965 —
997 944 1016 973 5
1033 952 1084 983 sq.
1105 942 1236 986 [quam
1261 942 1323 986 tn]
1347 952 1406 976 me
1432 952 1516 975 auc-

182 989 261 1020 tore
286 987 422 1024 Baiter,
448 987 552 1029 Boot,
579 987 722 1031 Tyrrell
748 998 801 1031 ep.
818 991 896 1029 349,
921 987 1109 1030 improbat
1128 987 1167 1021 O.
1183 987 1222 1021 E.
1242 987 1409 1022 Schmidt
1430 988 1519 1022 ‘Der

182 1034 456 1068 Briefwechsel’
489 1046 523 1077 p.
547 1038 612 1067 147
640 1034 854 1067 existimans
883 1034 958 1067 ‘um
986 1037 1074 1067 2—3
1101 1034 1203 1078 Tage
1227 1034 1355 1068 naher'
1383 1035 1518 1069 Latine

184 1091 263 1114 esse
285 1082 437 1124 propius
463 1081 611 1113 biduum
637 1085 701 1114 aut
725 1081 895 1114 triduum.
924 1101 968 1104 —
995 1084 1013 1114 9
1040 1081 1109 1125 [a]
1134 1081 1270 1123 Baiter,
1298 1081 1449 1125 Tyrrell.
1471 1103 1516 1106 —

185 1131 227 1160 10
259 1128 321 1172 [id
352 1132 402 1161 est
426 1127 642 1171 Feralibus]
669 1125 833 1165 Corrad..
866 1127 1002 1160 Baiter.
1030 1147 1074 1151 ——
1108 1131 1150 1160 12
1177 1128 1373 1169 conqiariis
1397 1128 1517 1171 Klotz,

183 1173 301 1216 Wes.,
334 1173 453 1217 Tym,
487 1174 619 1207 diariis
645 1174 786 1217 (citaris)
812 1173 868 1215 M,
901 1173 1044 1216 Baiter,
1071 1174 1177 1208 dictis
1203 1173 1276 1217 all,
1296 1174 1391 1208 Boot
1415 1174 1514 1219 (obs.

183 1233 216 1264 p.
239 1224 281 1253 53
295 1222 373 1263 sqst,
400 1221 476 1254 eius
501 1221 598 1254 modi
623 1221 762 1254 artibus
786 1219 828 1253 H.
845 1220 887 1254 A.
908 1219 1013 1253 Koch
1035 1231 1156 1265 progr.
1179 1220 1275 1254 Port.
1293 1224 1382 1255 1868
1408 1233 1442 1265 p.
1460 1225 1514 1256 26.

183 1288 227 1292 -
261 1271 302 1300 23
320 1278 370 1309 sq.
402 1266 623 1311 Quamquam
662 1287 706 1291 -
744 1271 847 1301 erant
879 1266 918 1299 in
949 1267 1117 1311 parenth.
1148 1267 1291 1309 Baiter,
1329 1267 1516 1310 Wesenb,

182 1313 286 1355 Boot,
313 1334 358 1338 -—-
381 1314 547 1356 faturum
571 1315 618 1347 sit
642 1325 673 1347 v,
689 1317 731 1346 25
760 1312 912 1356 Tyrrell.
951 1313 1010 1347 Ad
1032 1325 1067 1358 p.
1085 1317 1138 1347 16.
1156 1318 1208 1347 14.
1230 1335 1274 1338 —
1294 1318 1399 1358 34sq.
1422 1315 1514 1348 coni.

182 1359 354 1394 Wesenb.
391 1360 535 1394 Tiburti
570 1360 640 1393 M.⁷
668 1359 802 1403 Lepidi
833 1362 898 1393 aut
933 1360 1123 1394 Tiburtino
1154 1360 1306 1404 Lepidi,
1338 1372 1406 1405 quo
1438 1372 1517 1396 cum

182 1407 333 1450 Lepidis
358 1407 564 1448 accessisset,
596 1406 690 1440 Boot
718 1407 862 1441 Tiburti
886 1407 1022 1450 Lepidi
1044 1407 1144 1441 haud
1170 1407 1294 1451 lepide,
1319 1408 1413 1451 quod
1437 1419 1517 1442 cum

183 1454 335 1497 Lepidis
365 1454 428 1495 sit,
459 1454 561 1487 modo
592 1454 777 1488 accessisse
809 1455 873 1487 aut
903 1454 1006 1488 modo
1036 1462 1116 1487 cum
1140 1453 1292 1498 Lepidis
1323 1455 1516 1498 accessisse,

182 1500 334 1544 Madvig
359 1500 447 1533 Adv.
462 1500 511 1532 [H
530 1512 563 1543 p.
582 1503 647 1533 180
667 1512 700 1533 n.
718 1504 734 1533 1
768 1501 909 1534 Tiburti
930 1500 1078 1544 Lepidi,
1110 1501 1209 1534 haud
1241 1501 1370 1544 lepide,
1402 1502 1516 1542 modo,

182 1558 261 1582 cum
287 1547 452 1590 lepidius,
479 1548 672 1589 accessisse,
710 1547 766 1580 Fr.
789 1546 956 1580 Schmidt
979 1557 1100 1591 progr.
1122 1546 1293 1581 Wurceb.
1310 1551 1399 1581 1892
1419 1560 1454 1592 p.
1471 1552 1515 1581 23

182 1595 223 1628 in
252 1594 394 1627 Tiburti
425 1594 525 1635 apud
550 1593 747 1636 Lepidum,
781 1594 884 1628 modo
910 1605 989 1627 cum
1014 1593 1153 1637 Lepido
1185 1595 1233 1628 ad
1257 1595 1379 1629 urbem
1403 1605 1515 1629 acces-

181 1641 281 1683 sisse,
320 1639 463 1683 TyrreH
505 1651 569 1673 scr.
599 1641 639 1674 in
675 1640 817 1674 Tiburti
838 1641 946 1674 haud
978 1641 1091 1684 lepide
1122 1641 1223 1674 modo
1255 1652 1333 1675 cum
1364 1641 1517 1684 Lepidis

183 1688 373 1721 accessisse.
412 1707 457 1711 —-
495 1691 538 1720 36
570 1688 645 1721 iam
675 1691 793 1721 tamen
823 1697 888 1730 pro
920 1689 1002 1720 item
1026 1686 1069 1720 Η.
1091 1687 1132 1720 A.
1153 1687 1257 1720 Koch
1275 1698 1394 1731 progr.
1415 1687 1514 1721 Port.

184 1737 273 1767 1868
298 1745 332 1777 p.
356 1737 408 1767 26.
430 1754 474 1758 —
501 1737 543 1767 37
571 1733 650 1766 sine
676 1744 781 1767 cruce
800 1733 937 1775 Baiter,
967 1733 1129 1767 ‘Excidit
1147 1734 1258 1767 deviis
1277 1733 1334 1767 vel
1354 1734 1512 1768 occultis'

182 1780 294 1823 Wes„
320 1781 464 1815 occultis
485 1791 549 1813 scr.
566 1780 719 1823 Τῇ-ΓΘΗ,
741 1781 898 1814 itineris
917 1779 1146 1823 Peerlkamp.
1163 1782 1311 1814 auctore
1330 1780 1440 1822 Boot3
1468 1791 1515 1814 an

182 1828 371 1861 itineribus
391 1827 536 1861 occultis
555 1827 763 1870 eaeplz'candi
781 1828 840 1861 sui
852 1831 985 1861 causa?
1012 1825 1258 1870 Cf.p.244.23.
1339 1826 1513 1861 P.250.1

182 1874 430 1917 adipiscendi
449 1874 565 1913 codd..
593 1875 633 1907 ut
651 1873 807 1914 videtur,
833 1876 982 1917 praeter
1001 1873 1039 1906 M
1047 1873 1067 1915 ¹,
1088 1873 1189 1916 Tyrr.
1205 1874 1314 1915 recte,
1336 1873 1453 1906 credo.
1470 1894 1515 1898 —

182 1924 203 1954 4
229 1921 427 1955 audiemus
445 1920 546 1964 Tyrr.
563 1920 629 1964 (sic
644 1924 775 1953 249.34
790 1920 828 1953 M
842 1922 956 1963 corn),
976 1919 1136 1953 voluisse
1155 1919 1300 1952 videtur
1319 1920 1515 1963 audiimus,

183 1967 281 2009 quod
301 1967 391 2000 coni.
402 1967 500 2001 Wes.
517 1968 596 2011 (aut
610 1967 828 2010 audicimus>
843 1969 884 1999 ut
899 1970 976 1999 249.
987 1969 1032 1999 34
1045 1966 1127 1999 fort.
1142 1967 1251 1999 recte.
1278 1966 1336 1999 Ad
1349 1978 1383 2009 p.
1395 1970 1471 2001 240.
1482 1971 1513 2001 4.

182 2034 227 2037 —
270 2017 311 2046 15
338 2014 611 2047 Automedontis
636 2024 701 2047 scr.
728 2024 818 2046 mus.
848 2013 962 2046 Rhen.
991 2015 1081 2046 1898
1113 2024 1147 2056 p.
1171 2015 1237 2045 129
1253 2023 1323 2055 sq.,
1357 2014 1514 2057 †authe-

182 2060 297 2093 monis
323 2060 415 2102 edd,
441 2061 525 2094 hinc
549 2060 709 2094 Athenas
733 2059 758 2093 Ι.
780 2060 836 2092 Fr.
859 2059 1024 2101 Gronov,
1050 2059 1265 2092 Athenionis
1290 2059 1441 2103 Kayser,
1467 2061 1517 2095 ad

185 2106 382 2140 Chaoniam
420 2109 483 2140 aut
524 2106 701 2140 Chaonios
739 2108 803 2139 aut
833 2106 1033 2140 Haemonis
1064 2105 1129 2147 (sic
1160 2105 1236 2138 iam
1269 2104 1445 2140 Graevius
1479 2109 1517 2141 et

181 2152 341 2196 Ernesti)
368 2153 459 2186 coni.
482 2153 665 2194 KVesenb„
692 2153 919 2187 Alcmaeonis
944 2152 999 2185 Fr.
1022 2151 1188 2185 Schmidt
1212 2162 1333 2196 progr.
1348 2152 1512 2187 Norimb.

184 2202 272 2232 1879
304 2211 338 2242 p.
361 2202 403 2232 28
419 2210 488 2241 sq.,
523 2201 570 2233 ad
604 2200 793 2244 Thyamim
823 2198 1013 2232 Lehmann
1047 2197 1266 2232 ‘Jahresber
1290 2199 1353 2232 des
1385 2199 1513 2244 philol.

181 2244 348 2278 Vereins’
385 2249 474 2279 1888
505 2257 538 2289 p.
562 2250 641 2280 258.
679 2266 724 2270 —
757 2250 799 2279 16
837 2246 1007 2279 intendis
1040 2244 1212 2287 Schuetz,
1247 2247 1362 2280 tendis
1397 2246 1514 2288 codd,

175 2292 264 2325 edd.
308 2291 366 2324 Ad
390 2303 424 2335 p.
442 2295 494 2325 17.
511 2295 565 2325 27.
604 2294 615 2336 ss
652 2292 698 2327 P.
719 2292 808 2327 251.
831 2295 873 2325 17
888 2303 917 2325 V.
935 2291 972 2325 O.
987 2291 1027 2324 E.
1045 2290 1212 2325 Schmidt
1239 2292 1326 2326 ‘Der
1350 2292 1511 2326 Briefw.'
