1665 2553
308 82 650 118 EPISTULARUM
674 83 739 118 AD
765 83 981 118 ATTICUM
1007 83 1091 118 VIII
1118 88 1219 119 7—9.
1350 84 1438 125 233

93 178 284 220 bendam.
333 178 399 219 Ea
431 179 541 219 enim
574 181 617 220 et
648 179 888 220 acciderunt
919 179 1005 220 iam
1036 182 1077 220 et
1103 180 1360 234 impendent,
1390 182 1440 220 ut

94 240 300 279 testatum
344 251 434 278 esse
477 237 621 292 velim,
671 238 720 278 de
762 252 864 292 pace
908 238 1009 292 quid
1054 239 1267 279 senserim.
1331 237 1439 279 Cum

95 299 236 337 autem
267 296 320 336 ad
350 311 442 338 eam
472 296 667 337 hortarer
699 311 793 338 cum
820 297 1069 351 praesertim
1093 297 1321 353 hominem,
1350 311 1439 338 non

94 355 269 396 videbar
300 355 388 396 ullo
420 355 545 395 modo
578 355 744 396 facilius
776 358 985 411 moturus,
1017 370 1143 409 quam
1176 356 1212 396 si
1237 356 1292 410 id,
1325 356 1438 410 quod

60 430 75 455 5
95 427 191 454 eum
220 413 428 467 hortarer,
459 414 682 455 convenire
715 414 803 455 eius
830 414 1062 468 sapientiae
1089 415 1277 456 dicerem.
1328 414 1437 455 Eam

0 714 76 747 '10

41 1891 76 1916 30

41 2181 75 2208 35

95 472 132 513 si
170 472 490 513 ‘admirabilem'
530 472 633 527 dixi,
675 487 803 526 quom
842 487 937 514 eum
974 473 1026 513 ad
1064 474 1244 514 salutem
1275 474 1438 528 patriae

94 530 315 583 hortabar,
354 545 442 571 non
474 545 568 571 sum
599 531 772 586 veritus,
801 545 855 572 ne
885 532 1049 572 viderer
1080 532 1305 587 adsentari,
1337 532 1437 586 quoi

95 589 173 630 tali
216 590 261 630 in
303 604 347 630 re
389 589 585 630 lubenter
627 604 693 631 1116
738 590 790 631 6(1
826 590 951 644 pedes
990 590 1246 632 abiecissem.
1316 590 1438 639 Quod

95 650 236 689 autem
280 650 344 688 est
388 648 564 702 ‘aliquid
600 648 804 702 inpertias
842 649 1074 703 temporis',
1130 664 1218 690 non
1258 652 1339 703 est,
1388 649 1438 690 de

94 721 208 762 pace,
239 707 310 747 sed
342 707 391 747 de
422 721 489 747 me
519 706 613 760 ipso
647 709 688 748 et
719 707 769 748 de
800 722 893 748 meo
928 708 1066 748 officio
1099 710 1147 749 ut
1180 708 1340 762 aliquid
1372 722 1438 749 co-

95 765 213 819 gitet.
276 764 400 819 Nam,
438 765 551 819 quod
581 765 787 806 testificor
817 780 884 806 me
915 769 1129 820 expertem
1160 767 1262 807 belli
1293 767 1438 821 fuisse,

95 824 175 864 etsi
212 823 256 864 id
292 838 337 864 re
374 826 642 877 perspectum
678 827 760 879 est,
802 826 946 865 tamen
983 840 1030 866 eo
1065 826 1232 879 scripsi,
1277 840 1360 879 quo
1392 826 1438 866 in

96 882 307 923 suadendo
345 883 442 936 plus
481 883 749 924 auctoritatis
786 883 1004 938 haberem3
1049 884 1277 938 eodemque
1308 884 1437 937 perti-

92 943 179 996 net,
211 941 324 994 quod
355 955 526 982 causam
557 941 646 982 eius
678 942 825 995 probo.

185 997 267 1040 Sed
313 999 415 1053 quid
456 999 558 1040 haec
597 1000 736 1041 nunc?
787 999 964 1041 Utinam
1001 1000 1163 1054 aliquid
1199 1000 1438 1054 profectum

94 1059 222 1098 esset!
265 1056 331 1098 Ne
363 1071 441 1112 ego
473 1058 578 1099 istas
610 1058 775 1099 litteras
807 1059 853 1099 in
878 1059 1073 1099 contione
1104 1059 1273 1099 recitari
1299 1059 1438 1113 velim,

94 1116 131 1157 si
163 1116 332 1170 quidem
362 1116 434 1157 1116
465 1117 555 1171 ipse
582 1117 633 1157 ad
659 1117 836 1158 eundem
862 1117 1049 1158 scribens
1075 1118 1121 1158 in
1144 1118 1315 1171 publico
1342 1133 1437 1171 pro-

93 1174 237 1228 posuit
270 1174 494 1228 epistulam
524 1175 653 1228 illam,
684 1176 730 1216 in
761 1190 844 1230 qua
876 1178 940 1217 est
972 1176 1064 1230 epro
1097 1177 1183 1216 tuis
1215 1176 1341 1217 rebus
1369 1190 1437 1230 ge-

93 1233 172 1274 stis
199 1233 487 1286 amplissimis'
515 1232 867 1289 (amplioribusne
899 1249 1026 1288 quam
1053 1235 1151 1287 suis,
1178 1249 1305 1288 quam
1325 1234 1437 1275 Afri-

40 1309 54 1333 2
93 1291 214 1332 cani?
263 1290 330 1332 Ita
366 1294 534 1346 tempus
572 1292 774 1348 ferebat),
811 1293 847 1334 si
885 1293 1055 1346 quidem
1086 1294 1214 1334 etiam
1246 1308 1320 1334 vos
1353 1293 1436 1335 duo

93 1350 199 1390 tales
241 1350 294 1390 ad
335 1351 531 1404 quintum
570 1351 800 1392 miliarium
844 1352 945 1405 quid
981 1366 1095 1392 nunc
1131 1352 1272 1405 ipsum
1310 1352 1359 1392 de
1391 1367 1436 1393 se

92 1408 331 1462 recipienti,
376 1409 476 1462 quid
517 1410 676 1464 agenti,
722 1410 821 1463 quid
859 1411 1034 1451 acturo?
1086 1409 1253 1458 Quanto
1293 1413 1436 1451 autem

92 1466 273 1507 ferocius
305 1466 376 1507 1116
408 1482 556 1508 6611366
588 1483 687 1508 31166
719 1469 911 1522 confidet,
943 1483 1039 1509 cum
1064 1483 1152 1523 vos,
1184 1484 1276 1510 cum
1303 1469 1436 1510 vestri

95 1525 254 1565 similes
290 1539 379 1566 non
413 1526 538 1566 modo
575 1527 836 1582 frequentes,
874 1527 945 1568 sed
982 1527 1092 1568 laeto
1131 1528 1255 1568 vultu
1292 1531 1436 1582 gratu-

58 1583 230 1626 5lantes
267 1583 439 1625 viderit!
490 1583 621 1625 ‘Num
660 1585 793 1639 igitur
832 1586 1095 1638 peccamus?'
1146 1586 1322 1627 Minime
1359 1600 1435 1627 vos

94 1642 281 1695 quidem3
320 1642 393 1683 sed
424 1645 566 1683 tamen
597 1643 718 1697 signa
749 1644 1071 1697 conturbantur,
1104 1644 1257 1698 quibus
1288 1645 1436 1685 volun-

93 1704 159 1741 tas
192 1716 215 1741 a
248 1700 518 1741 simulatione
550 1701 755 1755 distingui
787 1705 940 1755 posset.
992 1701 1107 1750 Quae
1137 1717 1236 1744 vero
1264 1706 1434 1743 senatus

94 1759 288 1800 consulta
318 1759 469 1800 video?
520 1759 600 1800 Sed
632 1760 831 1813 apertius,
863 1775 990 1813 quam
1021 1774 1335 1814 proposueram.

181 1817 275 1871 Ego
314 1817 467 1871 Arpini
504 1817 600 1858 volo
641 1832 728 1858 esse
765 1818 901 1872 pridie
937 1818 1049 1873 Kal„
1093 1819 1239 1859 deinde
1277 1820 1434 1860 circum

95 1875 263 1916 villulas
299 1879 468 1917 nostras
507 1890 662 1931 errare,
706 1890 809 1929 quas
847 1877 1039 1918 visurum
1074 1891 1142 1917 me
1183 1880 1331 1930 postea
1368 1878 1435 1919 de-

96 1934 270 1986 speravi.
310 1935 484 1988 Εὐγενῆ
516 1937 590 1975 tua
622 1934 797 1975 consilia
830 1937 870 1976 et
898 1937 1042 1976 tamen
1066 1950 1142 1989 pro
1170 1936 1434 1989 temporibus

93 2005 182 2032 non
222 1992 392 2033 incauta
433 1993 539 2033 mihi
582 1993 702 2033 valde
744 1993 991 2046 probantur.
1062 1993 1219 2048 Lepido
1266 1995 1435 2047 quidem

95 2048 112 2104 ζ
113 2064 212 2090 nam
241 2050 328 2091 fere
360 2052 773 2106 συνδιημερεύομεν,
806 2052 918 2105 quod
944 2052 1234 2106 gratissimum
1259 2053 1324 2093 illi
1350 2052 1433 2108 est)

93 2122 325 2161 numquam
361 2109 522 2163 placuit
554 2124 603 2150 ex
634 2109 760 2150 Italia
791 2111 921 2164 exire,
958 2110 1081 2152 Tullo
1114 2111 1249 2152 multo
1281 2111 1434 2153 minus.

96 2165 254 2207 Crebro
295 2167 405 2208 enim
436 2168 551 2209 illius
582 2168 750 2209 litterae
782 2168 833 2209 ab
868 2169 960 2209 aliis
994 2169 1046 2209 ad
1075 2183 1153 2210 nos
1186 2173 1433 2211 commeant.

96 2223 175 2266 Sed
218 2239 284 2265 me
328 2225 500 2267 illorum
544 2227 778 2268 sententiae
820 2227 960 2267 minus
1004 2228 1249 2283 movebant,
1293 2228 1434 2270 minus

92 2283 228 2324 multa
260 2283 458 2325 dederant
490 2284 553 2326 illi
585 2286 646 2326 rei
676 2285 869 2339 publicae
901 2286 1091 2340 pignora.
1153 2286 1243 2327 Tua
1274 2287 1435 2328 meher-

1464 1010 1483 1040 m

1460 1830 1482 1860 ΟΨ
