1665 2553
200 104 379 140 CXXXVI
619 106 896 142 ADNOTATIO
924 106 1110 141 CRITICA

199 199 334 233 certius
360 199 501 242 scirem,
526 199 617 243 quid
640 200 695 234 rei
721 202 827 234 esset.
874 201 884 243 ΙΙ
927 200 973 235 P.
994 198 1084 235 468.
1104 204 1127 233 4
1150 200 1216 234 IX
1237 200 1357 234 Ruete
1383 199 1526 234 dissert.

198 245 383 290 Marburg.
411 250 501 280 1883
525 259 560 291 p.
582 251 635 281 21.
652 251 712 290 18,
746 246 900 280 Schiche
933 247 1180 281 ‘Festschrift'
1204 250 1293 281 1883
1324 259 1360 291 p.
1382 250 1448 280 233
1467 248 1527 291 (9),

199 291 238 326 O.
252 292 292 327 E.
314 292 481 327 Schmidt
499 293 676 328 Fleckeis.
693 293 814 327 annal.
832 297 921 327 1884
934 305 970 337 p.
986 297 1064 337 339,
1089 293 1194 335 Boot,
1214 293 1357 337 Tyr-rell
1378 304 1432 338 ep.
1450 297 1525 337 734,

198 339 239 373 Χ
263 339 383 383 6οᾶ(1.,
409 340 506 384 vulg.
538 361 583 365 —
614 340 665 375 lb.
691 340 742 374 Η.
769 341 810 374 Χ
832 340 1035 374 Buecheler
1058 352 1149 375 mus.
1176 340 1291 374 Rhen.
1318 340 1368 374 XI
1391 352 1426 385 p.
1446 343 1526 383 531,

197 385 306 429 Boot,
338 386 496 430 Tyr-rell,
527 387 617 420 IIX
645 387 766 429 codd,
800 388 890 421 hora
920 387 1024 421 VIII
1048 387 1145 431 vulg.
1177 408 1222 412 ——
1256 391 1274 421 7
1308 387 1352 421 ab
1377 398 1416 421 eo
1440 386 1524 421 add.

196 432 460 477 Wesenbergio
497 435 661 476 auctore,
694 433 758 476 qui
782 445 812 467 v.
835 437 854 466 6
887 444 954 467 scr.
986 435 1138 477 †quem,
1174 433 1253 467 sine
1285 444 1390 468 eruce
1419 433 1525 476 Boot,

197 490 287 523 quae
321 479 469 522 Bosius,
507 480 649 523 Baiter,
687 479 839 523 Tyrrell.
877 501 922 504 —
959 479 1010 514 Ib.
1044 480 1239 524 Reseripsi
1270 482 1308 514 et
1337 492 1366 514 V.
1389 484 1407 514 9
1440 480 1524 514 add.

196 526 319 560 (latam
343 528 428 570 post
453 527 494 560 X
515 526 699 568 Wesenb,
725 527 819 560 Boot
843 526 994 570 probab.
1021 528 1226 570 utrumque.
1247 548 1291 552 —
1313 530 1356 560 10
1381 531 1412 561 et
1430 527 1525 570 ple-

195 573 331 606 m'orem
357 572 480 615 Orelli,
499 574 635 616 Baiter,
655 573 826 607 Wesenb.
854 573 927 617 (hio
954 575 1040 606 ante
1066 574 1174 608 laudo
1200 573 1354 607 lacunae
1379 573 1527 617 signum

194 619 343 663 posuit),
369 619 522 663 Tyrrell,
550 621 741 664 lo'nyiorem
760 619 879 657 Klotz,
906 620 963 654 De
989 620 1122 665 legione
1146 621 1200 654 M.
1221 620 1390 664 (Mama)
1417 620 1526 654 laudo

197 665 288 700 coni.
314 666 417 700 Boot.
438 687 483 692 —
504 670 545 699 13
568 667 677 711 quod
702 667 842 710 quidem
863 666 928 710 11²,
948 666 1045 710 vulg.
1068 666 1149 700 edd.
1169 668 1316 710 praeter
1334 666 1524 709 Bootium3

195 713 254 746 eui
284 713 425 756 quidem
454 713 548 747 idem
574 714 714 757 placere
744 714 871 747 credo?
905 734 950 738 —
983 717 1025 747 17
1041 725 1118 756 sqq.
1154 714 1248 748 rides
1272 733 1317 738 —
1336 713 1462 757 perfici
1486 713 1525 747 in

193 759 362 803 parenth.
380 759 551 793 Wesenb.
590 760 646 792 Ad
670 772 704 803 p.
727 763 779 794 16.
804 764 856 794 14.
890 781 933 785 —
968 763 1009 793 18
1031 771 1096 804 aps
1121 761 1283 795 condoles
1306 760 1354 802 M,
1380 760 1525 794 abscon-

194 806 293 840 doleo
313 806 348 848 Z,
374 807 467 851 †abs
486 807 650 841 condoleo
668 806 852 849 Wesenb„
879 811 934 841 ast
951 807 1117 841 condoleo
1137 807 1272 849 Baiter,
1294 811 1331 841 at
1349 817 1408 851 eyo
1427 807 1526 841 doleo

193 852 372 895 Lambin.,
398 853 502 896 Boot,
527 853 680 896 Tyri-ell,
706 854 802 888 rides
823 852 980 888 Ἀττικόν
1004 865 1035 887 V.
1058 853 1206 888 ἀστικόν
1213 868 1226 897 ;
1258 854 1355 887 doleo
1374 853 1527 897 Madvig

194 899 284 932 Adv.
305 899 355 931 ΠῘ
373 911 407 943 p.
432 903 507 933 190.
535 921 579 924 -—
605 903 648 933 26
675 900 716 934 cle
740 905 772 934 te
797 900 946 944 Popma,
972 900 1067 934 Boot
1092 901 1147 944 (de
1171 905 1203 935 te
1227 901 1329 935 celem
1353 901 1406 934 vis
1432 899 1524 934 coni.

193 945 293 978 idem
319 945 466 980 observ.
487 959 521 990 p.
544 948 611 990 61),
638 946 792 990 Tyrrell,
817 948 928 991 †pete
946 947 1073 981 Baiter
1097 948 1139 991 (p
1159 949 1196 981 et
1220 947 1244 981 d
1269 946 1416 990 saepius
1442 957 1524 980 con-

194 992 295 1034 fusa;
329 993 376 1026 ad
401 1005 435 1037 p.
456 996 488 1026 2.
504 994 573 1037 23),
599 998 681 1037 peto
707 992 865 1035 Corrad.,
887 1005 952 1037 per
975 998 1007 1028 te
1025 994 1174 1037 Bosius,
1198 994 1309 1028 hercle
1333 993 1457 1036 Klotz,
1484 994 1527 1028 de

192 1043 224 1073 te
253 1040 302 1073 vis
326 1039 485 1082 Kayser,
514 1040 606 1084 petis
632 1039 720 1073 O.E.
748 1040 914 1074 Schmidt
938 1052 1029 1074 mus.
1056 1040 1171 1074 Rhen.
1200 1043 1289 1074 1880
1312 1052 1347 1084 p.
1369 1043 1447 1073 315.
1480 1061 1525 1064 —

195 1089 237 1118 27
270 1087 393 1130 rogari
422 1090 507 1130 post
538 1087 656 1121 Bruto
688 1086 771 1120 add.
792 1087 944 1130 Brutus,
976 1087 1118 1129 Baiter,
1153 1091 1315 1131 rogatum
1340 1086 1524 1129 Wesenb.‚

196 1132 287 1165 ‘Aut
310 1132 501 1166 intercidit
527 1133 677 1176 aliquod
695 1133 944 1177 participium,
968 1133 1070 1167 velut
1088 1138 1261 1178 royatum,
1283 1135 1347 1166 aut
1366 1132 1524 1166 scriben-

195 1179 282 1211 dum
308 1190 390 1212 cum
416 1179 586 1214 Graevio:
629 1180 730 1224 Quod
755 1181 797 1214 de
822 1181 940 1214 Bruto
964 1180 1102 1214 scribz's’
1130 1180 1233 1214 Boot.
1278 1179 1437 1223 Ellipsin
1463 1180 1525 1213 de—

193 1225 314 1258 fendit
339 1225 528 1259 Lehmann
554 1225 710 1267 Quaestt
733 1239 767 1271 p.
791 1230 809 1260 7
832 1229 869 1260 et
893 1227 1047 1270 Tyrrell,
1068 1226 1132 1270 qui
1152 1228 1340 1271 comparat
1358 1238 1392 1270 p.
1410 1229 1487 1260 355.
1504 1230 1525 1260 8

193 1283 266 1305 non
285 1272 394 1305 nimis
415 1273 544 1315 simile,
565 1275 608 1307 ut
625 1273 717 1306 mihi
736 1273 890 1307 videtur.
905 1295 950 1298 —
969 1273 1020 1307 Ib.
1030 1285 1082 1317 sq.
1102 1274 1143 1307 in
1161 1274 1402 1308 Tuscalammz
1420 1284 1527 1307 essem

194 1323 381 1353 venturus
395 1318 418 1352 Z
434 1321 487 1364 (3³),
514 1322 600 1353 vett.
628 1320 723 1362 edd,
743 1320 928 1363 Wesenb.,
950 1320 1054 1364 Boot,
1074 1341 1118 1345 —
1137 1321 1284 1363 futurus
1302 1319 1350 1362 M,
1370 1319 1525 1363 Tyrrell,

193 1366 234 1399 in
269 1366 477 1400 Tusculano
515 1377 620 1401 essem
655 1367 804 1409 futuras
832 1367 968 1401 Baiter.
1002 1388 1045 1392 —
1078 1370 1121 1400 33
1153 1367 1240 1400 mihi
1269 1371 1354 1401 sunt
1383 1367 1526 1401 inclusa

194 1412 357 1446 waeclullz's
387 1414 579 1455 tamquam
613 1424 634 1446 a
664 1415 776 1457 poeta
808 1414 932 1456 aliquo
965 1414 1112 1458 sumpta-
1143 1424 1209 1447 ser.
1241 1412 1400 1457 Tyrrell,
1435 1424 1526 1457 quae

193 1459 281 1492 mihi
305 1463 389 1493 szmt
413 1460 496 1493 imis
520 1461 637 1502 infima
661 1461 825 1494 medullis
849 1460 970 1494 Moser
993 1471 1113 1505 progr.
1140 1460 1225 1494 Ulm
1251 1463 1340 1493 1848
1364 1471 1398 1504 p.
1420 1463 1450 1493 5.
1514 1460 1526 1504 ΙΙ

241 1505 286 1539 Ρ.
307 1503 398 1540 469.
419 1510 438 1539 3
473 1507 625 1549 aliquid
660 1509 703 1540 ut
727 1519 762 1550 p.
783 1510 861 1540 490.
884 1511 927 1540 20
962 1508 1113 1541 reoentt.
1147 1506 1228 1541 edd.
1261 1505 1525 1551 Wesenbergio

195 1554 354 1594 auctore,
374 1564 409 1596 p.
428 1556 505 1586 509.
527 1557 570 1586 32
591 1551 866 1595 “Ηρακλει’ὃειον
893 1554 1067 1588 Varronis
1085 1554 1268 1587 intactum
1285 1553 1523 1595 reliquerunt.

192 1598 451 1642 Adp.10.·24‚
484 1603 602 1632 2517.
638 1619 681 1624 —
713 1604 730 1633 7
758 1605 921 1634 mana-nt
946 1600 1000 1643 M,
1038 1599 1228 1642 Wesenb.,
1259 1599 1418 1643 Tyr-rell,
1450 1611 1524 1633 ma-

190 1649 278 1689 nent
304 1644 384 1687 alii,
411 1645 575 1687 Ernesti,
600 1646 741 1688 Baiter,
775 1646 869 1680 Boot
899 1657 971 1680 non
1002 1646 1133 1680 melius
1160 1646 1205 1679 de
1230 1645 1299 1679 1106
1323 1645 1403 1679 1060
1428 1645 1524 1679 iudi-

194 1702 280 1725 cans
315 1702 426 1734 quam
459 1692 503 1725 de
537 1692 622 1726 fam.
643 1692 709 1726 XII
730 1697 760 1727 1.
783 1697 813 1727 1.
845 1714 891 1718 —
924 1697 1059 1726 10-12
1084 1697 1125 1727 ut
1149 1713 1193 1718 —
1217 1693 1373 1726 hortaris
1396 1691 1435 1725 in
1459 1702 1524 1735 pa-

192 1738 310 1772 renth.
337 1738 474 1780 Baiter,
500 1738 683 1782 Wesenb„
710 1740 813 1773 Boot.
863 1739 921 1773 Ad
945 1752 979 1783 p.
1003 1743 1126 1773 1614.
1175 1738 1368 1772 Assentior
1393 1738 1524 1772 Bootio

196 1784 390 1818 ‘excidisse
427 1789 570 1828 sectam,
607 1787 833 1828 sententiam,
865 1786 922 1819 vel
954 1786 1105 1829 aliquod
1137 1785 1214 1819 eius
1245 1785 1346 1818 modi
1375 1785 1522 1818 nomen’

195 1831 368 1865 censent-i.
386 1852 428 1856 —
444 1836 486 1865 15
495 1843 547 1875 sq.
568 1833 837 1867 rubeo—nolui
849 1832 888 1866 in
900 1833 1068 1877 parenth.
1082 1831 1253 1866 W'esenb.
1280 1831 1338 1864 Ad
1350 1843 1385 1874 p.
1401 1835 1454 1865 16.
1469 1835 1522 1865 14.

194 1898 239 1903 -
271 1882 313 1911 22
345 1878 466 1913 dedita
497 1889 629 1922 opera
659 1879 775 1923 vulg,
806 1881 958 1913 recentt.
992 1879 1074 1913 edd.
1107 1879 1213 1922 (Boot
1231 1878 1388 1922 Advers.
1409 1889 1444 1921 p.
1467 1880 1524 1921 61)

193 1926 341 1967 praeter
365 1925 595 1968 Tyrrellium.
645 1925 687 1959 V.
713 1925 809 1959 Kalb
838 1926 999 1959 ‘Archiv'
1021 1925 1038 1959 Ι
1055 1937 1088 1970 p.
1111 1929 1171 1968 83,
1197 1923 1373 1958 Fleckeis.
1402 1924 1522 1958 annal.

195 1974 284 2003 1893
309 1983 343 2014 p.
362 1975 437 2005 780.
471 1993 516 1996 -
547 1976 590 2005 23
606 1983 683 2014 sqq.
715 1972 925 2015 Epistulam
955 1971 1035 2005 IVb
1067 1971 1157 2005 fecit
1191 1971 1285 2004 Boot
1317 1970 1524 2015 Mongaltio

196 2018 355 2058 auctore,
386 2018 504 2052 Ruete
530 2018 674 2052 dissert.
700 2018 885 2062 Marburg.
915 2022 1003 2052 1883
1028 2030 1062 2062 p.
1084 2022 1126 2051 21
1143 2029 1206 2060 sq,
1237 2016 1276 2051 O.
1290 2017 1330 2051 E.
1359 2017 1526 2051 Schmidt

195 2062 371 2096 Fleckeis.
401 2075 481 2098 ann.
511 2068 601 2098 1884
621 2077 655 2109 p.
672 2068 738 2098 339
754 2076 818 2108 sq„
838 2065 981 2108 Tyrrell
1000 2075 1054 2108 ep,
1072 2067 1150 2106 735,
1169 2063 1265 2108 vulg.
1287 2064 1525 2097 continuatur

196 2119 250 2152 ep.
271 2108 328 2142 IV.
364 2130 407 2134 —
445 2115 489 2144 30
514 2115 739 2146 transverso
769 2113 876 2154 vett,
909 2111 1019 2152 Boot,
1044 2110 1196 2154 Tyrrell.
1252 2112 1262 2154 ΙΙ
1328 2110 1373 2145 P.
1392 2109 1481 2144 470.
1502 2114 1522 2143 2

195 2166 228 2188 v.
252 2155 419 2189 Schmidt
449 2157 503 2190 1.1.
536 2169 570 2201 p.
592 2161 676 2200 350,
708 2160 768 2192 27.
795 2158 878 2192 oder
901 2160 961 2191 28.
990 2157 1075 2190 Μαί
1105 2156 1223 2190 Ruete
1256 2157 1399 2191 dissert.
1427 2156 1524 2190 Mar-

194 2199 298 2245 burg.
316 2206 405 2235 1883
431 2214 464 2246 p.
481 2207 512 2245 8,
539 2204 683 2248 Tyrrell
707 2214 762 2248 ep.
780 2207 857 2245 737,
883 2205 924 2238 in
942 2204 1088 2238 Atinati
1113 2207 1258 2238 exeunte
1283 2215 1397 2238 mense
1417 2203 1524 2237 Maio

195 2247 337 2288 Baiter,
371 2250 426 2290 (in
452 2250 639 2293 Antiati&
672 2262 724 2285 eat.
752 2251 808 2284 M.
835 2250 941 2285 Maio
965 2249 1136 2283 Wesenb.
1168 2270 1214 2275 —-
1243 2254 1265 2283 4
1291 2262 1315 2284 a
1339 2249 1522 2292 Wesenb.,

195 2293 355 2337 Tyrrell,
390 2294 508 2328 ‘Prius
545 2301 576 2331 et
607 2297 820 2340 delendum,
852 2296 910 2331 vel
943 2301 975 2332 et
999 2308 1022 2331 a
1049 2296 1171 2331 Cassio
1197 2296 1431 2330 scribendum
1455 2297 1522 2339 est,
