1665 2553
209 121 295 162 244
634 121 682 156 Μ.
710 121 851 155 TULLI
876 120 1123 156 CICERONIS

208 217 426 258 Domitius
456 217 747 271 implicaretur
779 219 821 257 et
851 230 988 270 neque
1019 216 1109 270 ipse
1136 216 1239 257 satis
1264 216 1412 257 firmus
1439 217 1549 257 esset

210 276 262 316 ad
288 278 425 317 castra
450 276 652 329 facienda,
686 275 798 329 quod
824 289 938 315 meas
964 286 1095 315 XVIIII
1122 277 1162 315 et
1189 289 1285 315 suas
1311 287 1377 315 XII
1402 274 1549 316 cohor-

210 337 274 375 tes
306 335 446 375 tribus
479 335 523 375 in
556 334 721 387 oppidis
755 334 1004 374 distributas
1036 333 1212 374 haberet
1244 334 1361 389 (nam
1391 334 1548 388 partim

211 393 356 447 Albae,
389 393 545 446 partim
580 392 781 433 Sulmone
813 391 1066 448 collocavit),
1098 406 1234 446 neque
1257 405 1308 444 se,
1342 392 1378 433 si
1409 393 1548 447 vellet,

212 452 406 506 expedire
437 454 591 505 posset.
1585 466 1601 492 5

299 509 425 550 Nunc
451 510 602 550 scitote
632 523 700 550 me
727 524 817 550 esse
844 509 888 549 in
915 524 1078 550 summa
1105 509 1399 550 sollicitudine.
1436 509 1549 551 Nam

213 571 254 609 et
285 571 351 609 tot
383 571 423 609 et
455 568 561 609 tales
592 568 707 609 viros
739 567 926 622 periculo
954 568 1187 609 obsidionis
1219 568 1398 609 liberare
1424 569 1547 623 cupio

210 642 346 681 neque
379 627 661 667 subsidio'ire
694 641 886 680 possum,
926 627 1039 680 quod
1075 626 1142 667 his
1174 627 1336 667 duabus
1372 627 1549 682 legioni-

210 685 290 726 bus
321 700 407 726 non
438 689 542 739 puto
576 700 666 726 esse
703 685 1070 739 committendum,
1107 688 1156 726 ut
1192 685 1293 726 illuc
1330 686 1548 741 ducantur,

212 759 263 785 ex
310 744 466 798 quibus
518 747 660 785 tamen
707 759 793 784 non
840 743 1021 797 amplius
1064 755 1165 784 XIIII
1215 744 1409 785 cohortes
1453 759 1548 786 con—
1568 761 1601 785 10

210 802 378 843 trahere
409 803 550 857 potui,
582 802 696 857 quod
727 804 830 844 (luas
861 802 1137 843 Brundisium
1175 803 1271 843 misi
1307 817 1443 857 neque
1477 802 1550 844 Ca-

211 862 382 902 nusium
414 862 503 902 sine
534 861 764 916 praesidio,
803 861 902 901 dum
940 861 1148 916 abessem,
1184 862 1332 915 putavi
1369 876 1459 903 esse
1490 862 1548 903 di-

212 920 478 960 mittendum.

300 978 350 1019 D.
376 978 520 1019 Laelio
546 978 803 1033 mandaram,
829 978 943 1032 quod
967 978 1146 1019 maiores
1167 979 1309 1032 copias
1329 978 1549 1033 sperabam

211 1051 290 1078 nos
316 1037 552 1092 habituros,
576 1040 637 1092 ut,
663 1037 699 1077 si
717 1037 839 1078 vobis
865 1037 1089 1090 videretur,
1116 1036 1223 1077 alter
1246 1040 1341 1078 uter
1360 1040 1549 1079 vestrum
1567 1054 1600 1080 15

212 1095 266 1137 ad
296 1110 363 1136 me
394 1096 574 1149 veniret,
613 1095 719 1136 alter
750 1096 793 1136 in
827 1094 1014 1136 Siciliam
1046 1110 1141 1136 cum
1173 1110 1220 1136 ea
1252 1096 1390 1151 copia,
1421 1111 1548 1150 quam

214 1153 382 1207 Capuae
423 1157 464 1194 et
508 1154 666 1195 circum
707 1153 895 1207 Capuam
939 1154 1235 1208 comparastis,
1280 1158 1320 1195 et
1360 1169 1455 1195 cum
1494 1155 1547 1195 iis

212 1212 436 1267 militibus,
467 1227 573 1266 quos
599 1212 782 1252 Faustus
810 1213 926 1266 legit,
956 1212 1304 1267 proficisceretur,
1332 1212 1547 1254 Domitius

213 1285 309 1312 cum
339 1282 404 1311 XII
433 1271 521 1311 suis
553 1270 798 1311 cohortibus
833 1271 978 1311 eodem
1010 1270 1326 1326 adiungeretur,
1362 1271 1548 1325 reliquae

214 1329 358 1382 copiae
391 1343 535 1370 omnes
566 1329 841 1370 Brundisium
866 1332 1118 1384 cogerentur
1155 1332 1196 1370 et
1232 1329 1329 1370 inde
1367 1330 1547 1371 navibus
1567 1346 1600 1370 20

213 1387 496 1441 Dyrrachium
539 1389 941 1441 transportarentur.
1002 1386 1144 1442 Nunc,
1188 1402 1282 1428 cum
1325 1387 1405 1429 hoc
1444 1391 1547 1429 tem-

214 1460 316 1500 pore
347 1445 481 1486 nihilo
513 1446 648 1501 magis
681 1461 758 1501 ego
792 1461 918 1500 quam
942 1460 1018 1486 vos
1051 1446 1239 1487 subsidio
1265 1445 1455 1487 Domitio
1487 1447 1548 1488 ire

214 1504 387 1558 possim,
418 1504 441 1529 ²³⁴
467 1504 491 1529 ὃς
515 1504 539 1529 ‘³‘
572 1520 615 1545 se
646 1519 721 1558 per
750 1507 916 1545 montes
950 1504 1175 1560 explicare,
1211 1520 1298 1546 non
1330 1508 1394 1546 est
1424 1505 1548 1547 nobis

215 1562 581 1617 committendum,
619 1566 666 1603 ut
704 1563 755 1604 ad
792 1563 869 1603 has
901 1575 1002 1604 XIIII
1033 1563 1245 1619 cohortes,
1283 1578 1386 1618 quas
1419 1564 1546 1605 dubio

214 1622 354 1662 animo
385 1621 539 1677 habeo,
579 1621 716 1662 hostis
754 1621 948 1663 accedere
985 1624 1059 1662 aut
1095 1622 1139 1663 in
1175 1623 1327 1663 itinere
1355 1637 1424 1664 me
1454 1637 1548 1664 con·
1567 1638 1599 1664 25

216 1680 334 1734 sequi
364 1680 512 1733 possit.

303 1737 438 1787 Quam
475 1739 527 1779 ob
566 1753 654 1779 rem
691 1738 894 1792 placitum
932 1741 996 1779 est
1032 1738 1136 1779 mihi
1168 1738 1406 1794 (placetque
1437 1739 1548 1780 idem

215 1796 260 1837 L.
293 1795 478 1850 Caesari,
516 1797 571 1838 M.
603 1797 802 1838 Marcello
836 1801 878 1838 et
909 1797 1058 1838 ceteris
1089 1797 1227 1838 nostri
1259 1797 1436 1852 ordinis,
1474 1799 1547 1852 qui

215 1855 284 1896 hic
310 1854 440 1910 sunt),
471 1858 519 1896 ut
544 1855 819 1896 Brundisium
846 1855 1038 1896 ducerem
1062 1855 1172 1908 hanc
1203 1856 1382 1909 copiam,
1421 1871 1547 1910 quam

215 1928 379 1954 mecum
409 1913 555 1954 habeo.
616 1913 706 1955 Vos
737 1913 902 1968 hortor,
934 1917 999 1969 ut,
1041 1914 1332 1967 quodcumque
1362 1914 1547 1955 militum
1566 1930 1600 1956 30

217 1972 464 2013 contrahere
496 1972 706 2026 poteritis,
737 1972 996 2013 contrahatis
1030 1976 1070 2013 et
1103 1972 1248 2013 eodem
1273 1972 1548 2014 Brundisium

216 2031 396 2071 veniatis
438 2045 564 2084 quam
604 2031 798 2084 primum.
859 2030 990 2071 Arma
1030 2045 1136 2084 quae
1177 2030 1230 2071 ad
1271 2045 1337 2071 me
1377 2031 1549 2072 missuri

218 2089 357 2142 eratis,
390 2089 442 2129 iis
474 2103 622 2130 censeo
654 2089 825 2129 armetis
851 2089 1020 2144 milites,
1052 2103 1158 2142 quos
1183 2089 1401 2130 vobiscum
1425 2089 1548 2130 habe-

216 2147 284 2188 tis.
347 2146 460 2195 Quae
492 2162 607 2188 arma
639 2148 910 2202 superabunt,
942 2162 989 2188 ea
1021 2147 1056 2188 si
1086 2147 1361 2188 Brundisium
1389 2148 1548 2188 iumen-

216 2206 273 2245 tis
317 2205 608 2260 deportaritis,
650 2206 918 2247 vehementer
957 2205 1017 2246 rei
1057 2206 1249 2259 publicae
1289 2206 1543 2260 profueritis.
1566 2221 1600 2247 35

218 2262 281 2303 De
318 2263 395 2303 hac
432 2278 477 2304 re
508 2264 634 2304 velim
673 2267 843 2305 nostros
885 2265 1084 2305 certiores
1124 2264 1299 2305 faciatis.
1359 2264 1454 2319 Ego
1496 2264 1549 2305 ad

218 2319 261 2361 P.
289 2321 455 2374 Lupum
487 2325 528 2363 et
554 2321 597 2363 C.
625 2321 862 2376 Coponium
892 2325 1106 2376 praetores
1137 2323 1248 2378 misi,
1278 2325 1326 2364 ut
1358 2337 1400 2363 se
1426 2323 1547 2364 vobis
