1665 2553
643 103 680 137 P.
702 107 898 138 438—448.
1284 100 1429 136 CXXXI

90 210 123 242 p.
145 202 200 232 42.
218 201 278 239 28,
318 208 366 231 or.
388 201 443 231 44.
468 200 551 239 151,
590 198 665 231 nat.
689 196 784 231 deor.
806 196 822 229 I
848 200 901 230 29.
919 200 960 230 81
976 208 1010 240 p.
1027 207 1092 237 m.,
1131 194 1201 228 div.
1223 194 1255 228 II
1277 198 1330 228 64.
1350 199 1427 236 133,

90 255 137 278 ne
162 244 415 289 Augustinum
441 243 656 287 similesque
682 253 971 278 commemorem.
1005 263 1050 267 ——
1082 246 1123 275 21
1152 253 1221 277 esse
1246 242 1427 284 Lambin.,

90 291 233 334 Baiter,
270 291 380 334 Boot,
420 302 511 335 opus
545 301 624 325 esse
655 292 770 335 negat
801 290 950 324 Gur-litt.
978 288 1155 323 Fleckeis.
1185 289 1307 322 annal.
1337 292 1427 322 1893

89 351 124 382 p.
147 342 226 380 704,
260 342 351 371 1894
374 350 409 382 p.
432 341 511 380 219,
541 337 721 371 ‘Ber-liner
744 337 872 381 philol.
894 336 1172 371 Wochenschr.’
1196 339 1296 370 1897.
1326 339 1428 378 1107,

91 385 235 429 Tyrrell
260 386 424 419 errantes
451 385 496 418 de
524 384 724 427 codicibus,
751 384 814 428 qui
841 395 913 417 non
939 383 1080 417 habent
1103 387 1228 427 negat
1248 394 1351 426 posse
1371 383 1427 416 bo-

90 443 178 466 num
203 433 310 466 civem
336 431 444 476 (‘scil.
467 431 630 465 salutare
657 430 893 475 Caesarem’),
921 431 986 464 sed
1011 442 1040 464 v.
1057 433 1101 463 23
1121 429 1160 462 M
1178 434 1286 475 neyat
1303 429 1428 474 potius

92 489 204 522 quam
234 483 402 524 neyant,
441 478 539 521 quod
573 478 713 522 recepit
738 477 865 512 Baiter
897 479 934 511 et
959 477 1112 521 Tyrrell.
1152 498 1196 502 —
1234 480 1277 510 28
1310 477 1430 520 inquit

93 526 171 559 sine
203 536 308 560 cruce
333 525 476 567 Baiter,
508 525 680 559 Wesenb.
708 526 785 559 tam
810 524 1057 567 intolerabile,
1089 523 1208 566 credo,
1240 533 1352 566 quam
1377 523 1431 557 ait

92 572 196 606 Tusc.
212 573 227 605 Ι
244 576 295 606 14.
312 576 353 606 31
382 574 418 615 (a
437 572 605 606 Vahleno
633 571 780 605 defendi
800 571 895 616 legg.
911 572 927 604 Ι
942 575 971 605 7.
989 575 1030 605 21
1042 582 1095 605 ex.
1111 581 1183 604 non
1203 570 1357 614 ignoro).
1385 568 1426 602 V.

93 618 200 663 Seyff.
224 619 342 653 Schol.
364 619 484 652 Latin.
500 619 516 651 Ι
530 623 549 652 3
563 622 674 662 p.146
685 630 749 661 sq„
774 618 1042 663 Reisig-Haase
1062 621 1174 660 5197,
1200 617 1273 650 Ioh.
1295 616 1428 650 For-ch-

91 666 258 700 hammer
279 666 457 700 ‘Nordisk
476 666 619 699 Tidskr.
636 665 691 699 for
711 665 793 699 Filf
818 669 906 699 1880
926 677 960 709 p.
976 668 1124 698 44—51.
1160 664 1210 698 Cf.
1226 676 1260 708 p.
1278 668 1355 698 203.
1373 667 1427 696 27.

93 734 137 738 —
157 717 200 747 33
224 713 446 757 Quamqucmz
466 713 556 746 I.F1·.
568 712 733 755 Gronov,
747 712 883 755 Baiter,
895 712 996 756 prob.
1012 712 1114 746 Boot.
1148 711 1207 744 Ad
1225 723 1259 755 p.
1277 715 1354 744 211.
1373 714 1427 743 27.

93 781 137 784 —
171 763 214 793 34
246 764 284 794 te
315 760 476 794 delectem
506 760 609 794 orceis
640 759 723 803 (hoc
754 759 894 793 Manut.
921 759 1003 793 fort.
1031 760 1127 801 vere)
1158 757 1303 799 Baiter,
1334 757 1430 791 Boot

95 806 361 849 (‘scribendum
394 808 450 840 est
480 817 554 840 ‘non
584 811 625 841 ut
656 810 687 840 te
720 806 882 840 delectem
913 806 1031 848 meis’,
1069 805 1203 848 inquit,
1239 804 1312 838 ‘vel
1347 815 1429 838 cum

94 853 237 887 Mosero
263 854 475 894 deketeris',
514 853 562 886 ad
586 865 620 897 p.
647 855 806 897 12613),
844 853 1006 887 delectem
1029 856 1061 887 te
1086 853 1170 886 meis
1195 851 1368 885 Wesenb.
1419 850 1431 896 Η

142 900 187 935 P.
197 898 340 934 444.2O
350 912 401 942 sq.
423 901 517 944 quod
535 921 579 924 —
598 900 669 934 scio
688 900 727 932 in
747 910 824 943 par.
840 899 1025 942 Wesenb.,
1045 899 1148 932 Boot.
1187 898 1245 931 Ad
1263 902 1362 942 p.16.
1375 901 1427 931 14.

95 968 139 971 ψ
177 950 218 980 21
252 951 346 981 certe
377 946 415 979 M
449 948 555 990 (certo
580 946 627 988 E,
664 946 854 980 Lehmann
886 946 962 980 Att.
983 958 1017 990 p.
1040 948 1113 989 27),
1144 944 1317 978 Wesenb.
1372 944 1430 977 Ad

94 1006 128 1038 p.
145 997 221 1027 267.
239 997 291 1027 19.
318 1014 364 1018 -
390 997 432 1027 29
453 997 513 1028 est
531 994 665 1027 incerto
684 993 801 1035 Klotz,
828 993 965 1036 Baiter,
986 993 1090 1035 Boot,
1110 991 1254 1035 Tyrrell
1274 1002 1329 1035 ep.
1343 995 1427 1032 7183

95 1040 223 1074 malim
259 1044 290 1074 et
319 1041 476 1074 incertus
505 1040 631 1074 exitus.
670 1061 715 1064 —
753 1044 797 1073 30
824 1051 982 1083 possum
1007 1038 1214 1073 necessario
1247 1038 1427 1072 scribend.
1492 1071 1500 1074 ,

96 1099 178 1121 cum
198 1086 364 1130 Graevio,
389 1086 530 1129 Bootio,
557 1086 737 1130 Tyrrellio
758 1086 843 1130 (nisi
863 1086 958 1120 forte
984 1091 1030 1120 ut
1049 1107 1093 1110 ——
1115 1086 1273 1129 possim),
1296 1085 1431 1129 possim

97 1134 219 1176 codd,
250 1134 393 1177 Baiter,
423 1133 596 1167 Wesenb.
640 1135 651 1178 Η
694 1134 740 1167 Ρ.
762 1132 852 1168 445.
874 1137 892 1166 7
929 1132 1144 1167 Graeciam?
1180 1132 1260 1166 edd.
1282 1133 1431 1175 praeter

95 1180 276 1215 Bootium.
301 1180 344 1215 V.
358 1180 405 1214 ad
423 1183 609 1225 p.217.35.
630 1201 676 1205 —
697 1183 739 1213 16
753 1185 794 1214 ut
813 1201 858 1206 -—
878 1184 989 1224 putas
1008 1179 1047 1213 in
1065 1178 1429 1223 parenthWVesenb„

95 1240 128 1261 v.
150 1231 194 1261 25
210 1239 262 1270 sq.
283 1228 372 1262 satis
396 1248 442 1253 —
473 1228 549 1272 ayit
573 1226 687 1261 etiam
711 1227 814 1261 Boot.
858 1227 917 1260 Ad
941 1239 976 1270 p.
1000 1230 1122 1260 16.14.
1157 1247 1202 1251 —
1239 1228 1284 1259 20
1308 1226 1431 1269 utique

99 1275 136 1307 ‘a
154 1286 206 1318 pr.
215 1274 310 1308 m.M
330 1273 493 1308 deletum
513 1274 596 1315 est’,
615 1273 757 1307 habent
776 1274 879 1308 codd.
891 1273 966 1316 OR,
981 1273 1088 1307 omE
1103 1272 1428 1317 (Lehm.Att.150),

96 1321 233 1364 Baiter,
253 1320 426 1355 Wesenb.
464 1320 548 1354 Non
566 1320 696 1364 liquet.
723 1341 768 1345 —
794 1324 837 1354 33
858 1321 955 1366 [ita]
974 1320 1112 1361 Baiter,
1132 1321 1219 1364 post
1232 1320 1431 1363 perniciose

99 1367 299 1402 collocand.
322 1367 530 1412 suspicatur
555 1368 664 1408 Boot,
698 1378 769 1410 quo
801 1367 892 1401 mihi
919 1367 1014 1400 nihil
1039 1366 1176 1400 mutari
1201 1366 1357 1400 videtur.
1384 1387 1431 1391 —

99 1418 142 1448 36
161 1415 267 1457 falsis
287 1414 430 1449 delend.
447 1425 540 1448 cens.
560 1413 674 1448 Cobet
693 1414 766 1447 Mn.
785 1417 874 1448 1880
894 1426 928 1458 p.
946 1417 1013 1448 200
1035 1415 1073 1447 et
1087 1412 1186 1447 ‘Van
1201 1413 1300 1447 lect.'
1316 1415 1430 1456 p.474

97 1461 200 1505 prob.
220 1461 323 1495 Boot.
356 1462 367 1505 ῙΙ
403 1461 449 1495 P.
464 1460 554 1496 446.
570 1464 589 1494 6
617 1461 723 1494 scrib.
741 1461 812 1504 XI,
838 1472 911 1494 non
933 1461 981 1503 X,
1008 1472 1037 1494 V.
1052 1460 1172 1494 Ruete
1204 1460 1289 1493 diss.
1311 1459 1427 1493 Marb.

101 1511 190 1542 1883
208 1519 243 1551 p.
261 1511 292 1550 7,
317 1507 460 1551 Tyrrell
479 1518 534 1552 ep.
552 1511 629 1549 716,
656 1507 734 1541 sine
752 1508 832 1541 loco
853 1509 890 1541 et
908 1509 1074 1551 tempore
1092 1506 1229 1550 Baiter,
1256 1506 1427 1540 Wesenb.

99 1575 143 1579 —-
171 1557 189 1587 7
216 1554 471 1589 M Ant0m'us
495 1556 646 1588 recentt.
669 1554 750 1588 edd.
773 1565 896 1588 omnes
924 1553 1081 1598 (Schelle
1106 1564 1226 1598 progr.
1242 1552 1429 1587 Franken-

99 1601 190 1645 berg
217 1604 305 1635 1883
331 1613 365 1645 p.
389 1603 454 1643 10).
499 1600 542 1635 V.
563 1601 661 1634 infra
685 1613 718 1645 p.
741 1605 818 1635 519.
836 1605 872 1643 5,
914 1601 961 1634 ad
992 1600 1078 1635 fam.
1099 1612 1133 1644 p.
1156 1604 1210 1634 30.
1227 1604 1256 1634 5.
1297 1621 1342 1625 —
1387 1603 1430 1633 16

94 1659 161 1692 per
197 1651 234 1682 te
269 1648 387 1690 facere
425 1647 494 1682 del.
521 1652 587 1682 tua
622 1648 803 1683 voluntate
833 1647 876 1681 H.
899 1647 1067 1681 Schwarz
1106 1647 1249 1681 dissert.
1271 1646 1428 1690 Tubing.

102 1697 191 1728 1878
216 1707 250 1739 p.
267 1698 310 1727 32
336 1694 419 1728 fals.
440 1715 484 1719 —
511 1698 554 1728 22
581 1695 714 1738 optima
739 1695 780 1728 in
803 1705 863 1737 spe
891 1694 1106 1728 ‘Lambinus
1133 1694 1171 1727 in
1191 1693 1294 1727 Curis
1321 1704 1388 1727 seo.
1412 1703 1431 1726 e

101 1739 221 1784 Cod.',
261 1740 390 1783 Orelli,
431 1740 599 1775 Wesenb.
622 1743 660 1775 et
689 1741 783 1774 Boot
807 1740 923 1774 taciti.
963 1762 1007 1766 —-
1046 1744 1089 1774 25
1116 1742 1210 1784 quod
1241 1752 1325 1782 SOL,
1363 1750 1432 1783 quo

100 1786 284 1831 Wesenb.,
308 1788 413 1829 Boot,
440 1798 508 1821 om.
531 1787 647 1830 codd,
672 1787 810 1829 Baiter,
836 1787 980 1831 Tyrrell
997 1786 1192 1821 Boeckelio
1214 1785 1430 1827 assentiens,

101 1833 164 1877 qui
194 1834 232 1868 in
264 1834 370 1878 epist.
393 1834 455 1868 sel.
480 1838 544 1868 125
580 1834 668 1868 ‘non
699 1835 945 1877 contempseris
976 1835 1070 1868 statt
1099 1845 1142 1868 ne
1173 1837 1261 1867 cont.
1286 1832 1372 1865 darf
1393 1832 1432 1865 in

101 1880 222 1914 einem
239 1880 344 1915 Brief
360 1881 423 1915 des
444 1880 626 1914 Antonius
646 1880 750 1914 nicht
770 1880 974 1914 auffallen’.
1007 1880 1128 1914 Aliter
1147 1879 1290 1913 Schelle
1309 1890 1430 1923 progr.

100 1927 363 1972 Frankenberg
389 1931 478 1961 1883
504 1940 538 1972 p.
556 1931 608 1961 11.
648 1927 740 1960 Mihi
762 1927 947 1961 sententia
967 1938 1039 1961 non
1059 1927 1180 1960 minus
1200 1926 1432 1959 incommoda

101 1972 247 2007 videtur
283 1985 395 2017 quam
431 1974 552 2008 verba.
603 1973 653 2008 Ut
683 1985 756 2007 non
790 1974 911 2008 dicam
942 1974 1033 2008 satis
1064 1974 1190 2016 inepte
1222 1970 1434 2006 Ciceronem

101 2020 252 2063 moneri,
276 2031 323 2054 ne
349 2022 561 2055 contemnat
584 2020 778 2063 familiam,
804 2021 895 2064 quid
919 2021 1071 2054 tandem
1097 2019 1169 2053 sibi
1193 2019 1272 2052 vult
1297 2020 1433 2054 enim?

103 2065 295 2100 Contraria
326 2069 412 2101 sunt
444 2068 523 2111 ‘pro
547 2068 634 2111 rep?
667 2078 794 2111 gerere
827 2067 1055 2101 simultatem
1081 2068 1118 2100 et
1145 2066 1301 2109 ‘propter
1323 2066 1432 2108 fami-

103 2113 173 2147 liae
203 2115 502 2157 contemptionem’
531 2116 597 2148 aut
624 2114 925 2149 ‘contumaciam’.
969 2115 980 2157 ΙΙ
1023 2114 1069 2147 Ρ.
1090 2112 1178 2147 447.
1198 2116 1220 2145 4
1240 2123 1304 2146 scr.
1332 2113 1367 2147 V
1382 2113 1430 2146 K.

103 2160 197 2194 Mai.
219 2159 350 2203 (Ruete
382 2160 524 2195 dissert.
546 2160 723 2204 Marburg
747 2163 836 2194 1883
862 2173 895 2204 p.
914 2162 964 2203 7),
997 2158 1141 2203 Tyrrell
1166 2169 1220 2203 ep.
1237 2162 1321 2201 717,
1354 2159 1433 2193 sine

102 2206 182 2240 loco
209 2208 246 2240 et
269 2207 379 2250 temp.
400 2207 537 2249 Baiter,
563 2207 736 2242 Wesenb.
774 2228 820 2232 —-
858 2210 901 2240 18
927 2207 982 2240 his
1009 2205 1125 2249 codd,
1151 2205 1304 2249 Tyrrell,
1336 2217 1366 2240 v.
1388 2209 1432 2239 28

102 2254 149 2287 iis
172 2252 410 2297 Wesenberg.
454 2254 512 2287 Ad
536 2266 572 2298 p.
594 2258 648 2288 37.
670 2258 724 2287 37.
786 2256 797 2297 Η
862 2253 908 2287 Ρ.
930 2251 1019 2287 448.
1042 2256 1060 2286 7
1076 2264 1127 2296 sq.
1149 2253 1237 2287 mihi
1260 2253 1376 2297 mayis
1401 2254 1439 2286 Σ

103 2299 305 2345 (Lehmann
330 2299 406 2334 Att.
426 2311 461 2344 p.
482 2302 552 2344 49),
587 2300 770 2342 Wesenb.,
797 2299 942 2343 Tyrrell
967 2300 1055 2334 mihi
1078 2301 1271 2343 tamquam
1296 2298 1434 2333 additi·

1183 2357 1224 2391 i*
