1665 2553
91 778 122 800 10

372 90 711 126 EPISTULARUM
736 91 801 125 AD
826 91 1042 126 ATTICUM
1067 92 1132 126 XV
1160 96 1191 135 2,
1219 97 1248 127 3
1391 93 1475 133 467

141 186 348 239 morbum,
386 186 491 227 bene
524 189 665 227 actum
697 200 792 227 cum
823 186 898 227 illo
931 186 1128 228 arbitror.
1191 185 1304 234 Quos
1337 189 1480 228 tamen

143 245 345 286 secundos
376 244 562 300 heredes,
595 245 699 286 scire
730 245 857 286 velim
889 247 931 286 et
962 245 1072 285 diem
1103 246 1360 286 testamenti.

773 337 845 379 ΙΙΙ.

354 406 427 441 Scr.
449 408 490 441 in
514 407 691 451 Arpinati
717 407 783 441 XI
804 407 891 441 Kal.
918 407 1002 441 Izm.
1025 418 1057 440 α.
1080 409 1150 442 710
1177 408 1266 451 (44).

541 465 731 500 CICERO
756 464 949 500 ATTICO
975 465 1083 500 SAL.

229 535 460 577 Undecimo
501 536 593 577 Kal.
630 537 768 591 accepi
812 538 856 578 in
894 537 1096 590 Arpinati
1136 536 1239 578 duas
1275 537 1478 591 epistulas

141 598 249 649 tuas,
270 595 424 648 quibus
446 595 607 636 duabus
634 595 737 636 meis
763 596 1031 649 respondisti.
1065 594 1161 636 Una
1187 598 1276 636 erat
1296 607 1358 636 XV
1372 596 1478 650 Kal,

141 653 274 694 altera
299 665 364 694 XII
391 654 498 695 data.
547 653 616 694 Ad
642 655 900 707 superiorem
932 655 1065 708 igitur
1090 654 1217 708 prius.
1272 654 1478 695 Accurres

140 712 186 753 in
216 712 519 767 Tusculanum,
550 715 598 753 ut
630 713 796 767 scribis3
838 727 921 766 quo
953 727 1021 756 me.
1051 724 1099 753 VI
1129 712 1222 753 Kal.
1253 716 1479 754 venturum

141 771 390 811 arbitrabar.
462 771 582 819 Quod
623 771 771 812 scribis
816 771 1048 825 parendum
1098 771 1347 826 victoribus,
1392 786 1479 813 non

141 829 247 870 mihi
279 829 459 883 quidem,
492 830 558 870 cui
591 832 689 870 sunt
721 830 855 870 multa
886 830 1063 883 potiora.
1125 829 1232 871 Nan]
1267 830 1341 870 illa
1373 845 1479 884 quae

141 888 373 928 recordaris
400 887 581 928 Lentulo
614 890 655 928 et
680 888 879 929 Marcello
912 888 1156 929 consulibus
1188 890 1281 929 acta
1305 889 1351 929 in
1382 889 1479 929 aede

140 946 375 1000 Apollinis,
423 961 499 987 nec
542 961 666 987 causa
710 947 852 987 eadem
896 950 958 987 est
1001 961 1076 987 nec
1121 946 1256 987 simile
1300 950 1480 1001 tempus,

141 1005 390 1058 praesertim
428 1019 522 1045 cum
554 1005 801 1046 Marcellum
840 1005 998 1046 scribas
1031 1005 1220 1058 aliosque
1258 1004 1478 1046 discedere.
1521 1035 1528 1038 -

107 1070 121 1094 5
141 1063 239 1104 Erit
270 1064 403 1118 igitur
432 1063 557 1104 nobis
589 1078 729 1104 coram
763 1064 1021 1104 odorandum
1053 1066 1095 1103 et
1126 1063 1480 1118 constituendum,

141 1125 290 1163 tutone
330 1121 490 1162 Romae
533 1136 623 1163 esse
665 1122 889 1176 possimus.
950 1121 1066 1162 Novi
1101 1124 1332 1163 conventus
1363 1122 1479 1162 habi-

140 1184 300 1221 tatores
333 1195 431 1221 sane
462 1183 650 1234 movent3
682 1180 727 1220 in
758 1180 922 1235 magnis
961 1181 1072 1221 enim
1104 1194 1320 1221 versamur
1352 1194 1480 1235 angu-

142 1239 246 1279 stiis.
310 1237 391 1279 Sed
428 1239 654 1279 sunt.ista
694 1240 830 1293 parvi,
872 1239 975 1292 quin
1005 1238 1071 1279 vel
1101 1238 1261 1279 maiora
1297 1241 1481 1280 contem-

139 1298 292 1338 nimus.
354 1296 506 1338 Calvae
542 1300 846 1338 testamentum
884 1298 1083 1352 cognovi,
1113 1297 1299 1338 hominis
1340 1297 1479 1350 turpis

89 1364 103 1387 ‘2
142 1371 188 1397 ac
231 1355 401 1397 sordidi.
474 1356 639 1396 Tabula
682 1355 905 1396 Demonici
955 1355 1069 1409 quod
1112 1355 1192 1396 tibi
1237 1369 1360 1396 curae
1404 1358 1480 1409 est,

141 1417 319 1468 gratum.
381 1413 445 1454 De
475 1415 505 1467 †
523 1414 636 1455 malo
662 1415 810 1467 scripsi
836 1414 921 1455 iam
946 1414 1109 1467 pridem
1135 1414 1186 1454 ad
1212 1413 1479 1454 Dolabellam

141 1472 465 1526 accuratissime,
495 1472 619 1513 modo
646 1473 831 1513 redditae
862 1472 1031 1513 litterae
1057 1472 1153 1513 sint.
1215 1472 1321 1513 Eius
1355 1487 1479 1513 causa

141 1534 182 1572 et
214 1530 336 1584 cupio
370 1533 411 1570 et
442 1530 583 1571 debeo.

228 1589 364 1629 Venio
397 1588 448 1629 ad
479 1588 730 1642 propiorem.
794 1587 985 1642 Cognovi
1026 1588 1075 1628 de
1106 1587 1330 1642 Alexione,
1373 1602 1478 1641 quae

89 1657 120 1681 25
142 1647 440 1688 desiderabam.
501 1646 670 1687 Hirtius
709 1649 772 1687 est
812 1649 923 1687 tuus.
984 1644 1192 1699 Antonio,
1223 1646 1252 1698 ’ξ-
1278 1647 1478 1699 quoniam

90 1954 123 1979 30

142 1709 217 1760 est,
247 1706 345 1746 volo
376 1705 496 1758 peius
534 1719 634 1745 esse.
695 1704 759 1745 De
796 1704 952 1753 Quinto
990 1704 1096 1757 filio,
1140 1706 1188 1744 ut
1227 1704 1395 1758 scribis,
1426 1703 1475 1745 A.

140 1764 196 1805 M.
223 1763 266 1805 C.
321 1763 385 1804 De
410 1766 530 1816 patre
557 1777 698 1804 coram
725 1777 908 1818 agemus.
963 1762 1145 1802 Brutum
1172 1762 1285 1802 omni
1311 1777 1367 1816 re,
1394 1777 1478 1816 qua

141 1837 331 1877 possum,
363 1822 486 1875 cupio
517 1822 670 1862 iuvare.
734 1820 864 1862 Cuius
904 1820 952 1861 de
994 1820 1256 1861 oratiuncula
1293 1820 1403 1860 idem
1435 1823 1478 1861 te

143 1881 256 1934 quod
286 1895 352 1920 me
385 1880 540 1920 sentire
565 1879 695 1920 video.
759 1877 839 1920 Sed
863 1893 1013 1932 parum
1037 1878 1250 1932 intellego,
1284 1878 1385 1932 quid
1410 1893 1478 1919 me

142 1939 246 1979 velis
292 1939 472 1979 scribere
514 1938 635 1991 quasi
679 1952 702 1978 a
750 1937 885 1978 Bruto
929 1937 1077 1977 habita
1120 1937 1328 1990 oratione,
1381 1951 1476 1977 cum

142 1997 212 2037 ille
256 1997 441 2037 ediderit.
515 1995 596 2044 Qui
638 1995 807 2036 tandem
853 1994 1078 2036 convenit?
1140 2009 1193 2035 an
1243 1995 1302 2035 sic
1342 1997 1390 2035 ut
1431 1995 1477 2035 in

142 2059 369 2108 tyrannum
400 2055 490 2095 iure
516 2054 678 2107 optimo
705 2054 900 2094 caesum?
943 2053 1081 2093 Multa
1107 2052 1308 2106 dicentur,
1340 2053 1476 2093 multa

143 2113 380 2154 scribentur
416 2127 440 2152 a
475 2112 616 2166 nobis,
661 2112 731 2152 sed
769 2112 850 2152 alio
894 2111 1018 2152 modo
1060 2113 1101 2151 et
1144 2113 1343 2163 tempore.
1411 2110 1475 2151 De

143 2171 245 2212 sella
282 2169 472 2211 Caesaris
510 2171 615 2211 bene
652 2170 830 2223 tribuni,
867 2169 1103 2223 praeclaros
1142 2169 1269 2209 etiam
1299 2180 1379 2209 XIV
1411 2183 1476 2209 01·-

89 2245 122 2271 35
144 2229 278 2270 dines!
343 2228 525 2268 Brutum
576 2228 685 2281 apud
737 2242 803 2268 me
852 2228 982 2268 fuisse
1031 2226 1211 2281 gaudeo,
1259 2227 1383 2268 modo
1434 2229 1477 2268 et

142 2288 323 2328 libenter
353 2286 480 2327 fuerit
512 2288 554 2328 et
586 2289 651 2327 sat
683 2286 764 2326 diu.

1194 2353 1264 2387 30*

1505 1599 1526 1628 [Ο
