1665 2553
334 82 678 118 EPISTULARUM
702 83 767 117 AD
793 83 1009 118 ATTICUM
1035 84 1068 118 V
1093 89 1160 119 4—
1165 88 1196 120 8.
1359 85 1442 127 135

100 179 187 221 dies
220 193 304 234 eos,
343 178 482 233 quoad
513 179 584 220 ille
614 179 798 235 veniret,
834 194 930 220 cum
961 179 1162 234 Pompeio
1196 194 1442 223 consumere

99 252 231 292 eoque
267 238 424 293 magis,
467 238 581 292 quod
617 239 655 279 ei
693 241 864 293 gratum
902 253 992 280 esse
1031 239 1074 280 id
1111 239 1323 293 videbam,
1369 240 1442 294 qui

100 297 228 338 etiam
254 312 278 338 a
303 310 370 337 me
395 297 579 351 petieiit,
605 300 654 337 ut
681 312 821 338 secum
848 299 890 338 et
917 297 1030 351 apud
1055 311 1098 338 30
1119 312 1254 339 0330111
1275 298 1440 340 cotidie.

100 354 221 404 Quod
257 355 443 397 concessi
480 356 672 397 libenter.
734 355 896 397 Multos
936 356 1048 397 enim
1079 356 1168 397 eius
1200 357 1439 411 praeclaros

63 431 80 457 5
100 414 149 455 de
179 429 225 456 re
255 414 425 468 publica
457 429 671 456 sermones
704 415 925 470 accipiam,
965 415 1154 457 instruar
1185 416 1314 457 etiam
1345 431 1439 458 con-

100 473 207 514 siliis
240 473 402 514 idoneis
435 473 488 514 ad
517 473 598 514 hoc
629 476 827 515 nostrum
856 474 1088 528 negotium.

188 532 268 574 Sed
311 532 363 573 ad
405 534 447 573 te
485 532 655 573 brevior
692 532 777 573 iam
809 532 854 573 in
891 533 1111 574 scribendo
1148 534 1306 588 incipio
1347 534 1440 575 fieri
1465 545 1485 574 2

98 590 309 645 dubitans,
341 590 556 632 Romaene
590 591 647 632 313
680 606 735 632 311
764 591 849 633 13111
872 592 1100 645 profectus.
1150 592 1272 641 Quod
1295 595 1441 634 tamen

99 650 238 704 quoad
282 650 509 704 ignorabo,
554 650 737 691 scribam
783 650 944 705 aliquid
980 651 1124 705 potius
1164 666 1291 705 quam
1330 666 1440 693 com-

45 727 78 752 10
97 709 280 762 111113133111,
312 711 371 762 ut,
402 708 485 749 tibi
517 723 613 749 cum
643 708 811 763 possint
842 709 961 750 reddi
993 725 1016 750 a
1046 725 1113 751 me
1141 710 1323 764 litterae,
1353 724 1441 751 non

98 767 338 809 reddantur.
400 766 490 808 Nec
520 770 664 808 tamen
694 768 780 808 iam
810 767 958 823 habeo,
995 768 1108 822 quod
1139 771 1212 809 aut
1243 769 1440 810 mandem

97 826 179 868 tibi
211 829 284 867 aut
315 840 493 867 narrem.
543 826 745 867 Mandavi
778 827 937 881 omnia,
971 841 1076 881 quae
1104 828 1274 881 quidem
1299 831 1360 881 tu,
1392 830 1440 869 ut

96 885 329 939 polliceris,
371 884 604 927 exhauries.
670 885 886 941 Narrabo,
930 900 1025 927 cum
1071 886 1230 940 aliquid
1271 886 1439 928 habebo

95 944 208 985 novi.
258 942 371 985 Illud
402 946 543 984 tamen
567 958 655 985 non
680 944 880 998 desinam,
912 944 1011 985 dum
1036 945 1181 986 adesse
1206 948 1242 986 te
1266 945 1440 999 putabo,

44 1022 76 1046 15
98 1003 147 1044 de
186 1001 378 1044 Caesaris
420 1003 591 1043 nomine
634 1017 785 1058 rogare
834 1006 884 1044 ut
928 1003 1167 1045 confectum
1211 1004 1440 1058 relinquas.
1487 1005 1494 1007 ”

96 1061 232 1103 Avide
281 1063 478 1115 exspecto
522 1064 618 1102 tuas
662 1061 829 1103 litteras
875 1064 917 1103 et
960 1062 1159 1117 maxime,
1209 1065 1257 1103 ut
1300 1063 1441 1104 norim

96 1123 263 1174 tempus
295 1120 572 1174 profectionis
602 1122 712 1162 tuae.

756 1213 852 1256 VH.

350 1282 425 1318 Ser.
450 1258 602 1318 Tarenti
628 1283 742 1318 XIII
761 1283 811 1318 K.
831 1284 917 1317 Iun.
940 1295 972 1318 a.
996 1286 1067 1319 703
1096 1286 1186 1329 (51).

41 1363 76 1387 ⁴20
520 1352 689 1388 CICERO
716 1353 888 1388 ATTICO
916 1353 1013 1389 SAL.

185 1412 351 1455 Cotidie
375 1413 444 1454 vel
468 1414 614 1467 potius
640 1415 686 1455 in
711 1414 799 1455 dies
827 1414 1018 1469 singulos
1038 1414 1254 1456 breviores
1273 1415 1441 1457 litteras

97 1473 149 1514 ad
179 1474 221 1513 te
246 1472 391 1526 mitto,
425 1473 578 1514 cotidie
599 1473 712 1514 enim
737 1473 874 1528 magis
902 1473 1094 1526 suspicor
1119 1476 1162 1515 te
1188 1474 1234 1514 in
1258 1473 1441 1528 Epirum

96 1531 181 1572 iam
224 1530 473 1584 profectum.
542 1530 624 1572 Sed
661 1534 821 1586 tamen,
859 1534 908 1572 ut
945 1532 1188 1573 mandatum
1229 1533 1336 1574 scias
1374 1548 1440 1574 me

97 1604 282 1643 curasse,
322 1603 404 1642 quo
438 1589 488 1630 de
527 1592 643 1645 ante,
682 1591 741 1631 ait
780 1604 823 1631 se
859 1589 1088 1644 Pompeius
1126 1591 1280 1645 quinos
1319 1606 1441 1645 prae-

43 1666 77 1692 25
96 1649 229 1690 sectos
281 1648 519 1689 delaturum
560 1662 694 1690 novos
740 1649 972 1689 vacationis
1016 1649 1260 1690 iudiciariae
1304 1664 1439 1690 causa.

96 1707 191 1762 Ego
232 1721 327 1748 cum
364 1706 554 1747 triduum
591 1721 686 1748 cum
725 1706 929 1760 Pompeio
968 1709 1009 1748 et
1049 1708 1160 1760 apud
1190 1707 1441 1762 Pompeium

95 1766 282 1819 fuissem,
314 1765 612 1818 proficiscebar
636 1765 912 1806 Brundisium
944 1780 978 1806 a.
1000 1766 1035 1806 d.
1056 1777 1140 1806 XIII
1165 1766 1258 1807 Kal.
1284 1765 1440 1808 Iunias.

98 1823 243 1865 Civem
280 1824 401 1864 illum
441 1824 659 1878 egregium
690 1824 984 1877 relinquebam
1017 1827 1058 1864 et
1091 1824 1142 1864 ad
1171 1824 1291 1879 haec,
1333 1839 1440 1878 quae

97 1883 312 1936 timentur,
343 1882 633 1936 propulsanda
659 1882 988 1935 paratissimum.
1039 1882 1152 1923 Tuas
1178 1883 1345 1924 litteras
1373 1898 1441 1924 ex-

43 1958 79 1983 30
99 1941 317 1997 spectabo,
356 1955 451 1982 cum
482 1944 548 1994 ut,
587 1941 690 1995 quid
716 1954 834 1996 agas,
875 1943 968 1982 tum
998 1944 1054 1995 ut,
1086 1941 1162 1982 ubi
1194 1941 1265 1996 sis,
1298 1941 1441 1984 sciam.

708 2033 826 2076 VIII.

244 2102 318 2138 Scr.
339 2102 524 2137 Brundisi
548 2103 613 2137 IV
637 2107 701 2137 aut
725 2103 799 2136 III
818 2103 916 2137 Non.
938 2103 1023 2137 Imz.
1045 2115 1078 2138 a.
1101 2105 1172 2138 703
1200 2105 1290 2148 (51).

521 2171 689 2207 CICERO
717 2172 890 2207 ATTICO
919 2172 1016 2208 SAL.

185 2231 254 2274 Me
286 2234 328 2273 et
358 2232 624 2274 incommoda
655 2233 866 2287 valetudo,
898 2247 918 2274 c
950 2248 1032 2287 qua
1063 2234 1149 2275 iam
1175 2248 1436 2290 emerseram,
1466 2247 1483 2277 1

44 2307 78 2334 35
98 2293 248 2346 utpote
292 2305 387 2332 cum
427 2291 516 2332 sine
554 2292 664 2333 febri
702 2292 981 2346 laborassem,
1029 2295 1070 2333 et
1107 2291 1327 2347 Pomptini
1372 2309 1438 2334 ex-
