1665 2553
214 124 300 165 214
635 125 683 160 M.
711 125 851 160 TULLI
876 123 1123 160 CICERONIS

214 220 305 261 mis.
367 219 563 261 Intellexi
596 235 645 261 ex
678 221 839 261 dierum
869 220 1051 275 ratione,
1088 223 1136 262 ut
1166 220 1352 275 primum
1384 220 1433 261 de
1465 220 1545 262 dis-

215 293 334 320 cessu
369 282 516 321 nostro
550 277 704 320 Caesar
741 278 944 334 audisset,
981 279 1173 320 laborare
1212 294 1308 320 eum
1345 279 1544 344 coepisse,

212 351 266 379 ne
310 352 453 379 omnes
497 337 747 378 abessemus.
814 337 963 392 Itaque
1006 352 1093 379 non
1136 337 1302 392 dubito,
1347 337 1451 392 quin
1493 338 1545 379 ad

212 396 427 451 Pisonem,
468 396 572 451 quin
609 396 661 437 ad
698 394 891 437 Servium
933 396 1164 450 scripserit3
1204 396 1310 437 illud
1350 396 1545 452 admiror,

213 469 301 497 non
330 455 470 508 ipsum
503 455 554 496 ad
584 469 651 495 me
678 454 907 509 scripsisse,
937 468 1023 496 non
1052 469 1126 509 per
1150 430 1429 509 Dolabellam,
1458 469 1545 496 non
1582 473 1597 498 5

214 528 288 568 per
320 512 508 554 Caelium
540 513 685 568 egisse.
737 512 1000 579 Quamquam
1029 527 1116 555 non
1147 527 1348 568 aspernor
1372 512 1545 555 Trebati

213 573 397 627 litteras,
442 587 464 613 a
505 587 587 626 quo
632 586 699 613 me
741 572 862 613 unice
907 572 1028 628 diligi
1071 572 1168 614 scio.
1235 571 1451 626 Rescripsi
1494 571 1546 613 ad

213 606 458 672 Trebatium
491 629 607 686 (nam
639 631 690 671 ad
729 631 869 685 ipsum
903 629 1141 686 Caesarem,
1182 631 1254 685 qui
1294 630 1399 671 mihi
1437 630 1547 671 1111111

214 690 465 745 scripsisset
496 688 647 744 1101111),
679 704 805 744 quam
836 689 942 730 fflud
971 688 1052 731 hoc
1076 692 1266 744 tempore
1298 692 1406 731 esset
1439 689 1545 729 diffi-

213 749 307 804 011ος
338 762 405 789 me
435 751 580 789 tamen
609 748 655 788 in
684 748 866 802 praediis
903 748 1007 789 meis
1045 762 1136 790 esse
1171 761 1307 802 neque
1345 748 1546 789 dilectum
1564 766 1598 790 10

211 782 349 848 ulllim
391 821 526 861 neque
567 807 788 861 negotium
837 807 1079 861 suscepi.sse
1151 806 1203 847 In
1251 821 1334 861 quo
1377 806 1545 860 quidem

212 866 404 920 manebo,
437 866 537 907 dum
569 880 664 919 spes
696 865 810 920 pacis
845 865 942 920 erit3
974 866 1041 906 sin
1064 865 1224 906 bellum
1249 867 1431 921 geretur,
1460 879 1547 906 non

212 925 334 966 deero
374 924 515 966 officio
552 938 629 965 nec
667 924 866 979 dignitati
902 938 1017 965 meae
1060 938 1213 978 pueros
1250 922 1546 978 ὑπεκθέμενος

211 984 256 1025 111
290 982 516 1024 Graeciam.
578 983 730 1024 Totam
768 983 880 1024 enim
916 982 1085 1024 Italiam
1121 982 1396 1037 flagraturam
1433 981 1544 1024 bello

211 1042 424 1097 intellego.
487 1041 672 1083 Tantum
700 1042 802 1083 mali
834 1045 892 1084 est
928 1041 1157 1082 excitatum
1188 1041 1345 1095 partim
1381 1055 1431 1082 ex
1471 1039 1546 1081 im·
1564 1058 1598 1084 15

212 1101 376 1156 probis,
415 1100 573 1155 partim
614 1115 662 1140 ex
703 1100 856 1141 invidis
898 1100 1070 1141 civibus
1143 1099 1223 1141 Sed
1261 1099 1364 1141 haec
1399 1099 1544 1153 paucis

213 1159 358 1200 diebus
391 1173 440 1200 ex
471 1159 586 1199 illius
625 1158 677 1199 ad
713 1161 859 1200 nostra
897 1173 1095 1211 responsa
1133 1158 1346 1212 responsis
1383 1158 1545 1199 intelle-

212 1220 364 1272 gentur
409 1232 611 1271 quorsum
656 1231 829 1258 evasura
872 1217 968 1257 sint.
1036 1216 1144 1258 Tum
1186 1216 1238 1257 ad
1279 1219 1322 1257 te
1364 1216 1546 1257 scribam

211 1276 352 1331 plura,
389 1276 426 1316 si
457 1276 537 1316 erit
569 1275 746 1329 bellum,
791 1275 858 1316 sin
888 1275 1073 1329 †autem
1105 1275 1233 1316 etiam
1265 1274 1470 1329 indutiae,
1503 1276 1544 1315 te

212 1335 364 1390 ipsum,
395 1337 442 1374 ut
476 1349 610 1388 spero,
640 1334 802 1375 videbo.
1565 1350 1598 1374 20

299 1392 393 1448 Ego
420 1405 488 1433 1111
514 1391 660 1433 Nonas
686 1391 820 1447 Febr,
852 1406 934 1446 quo
962 1392 1029 1433 die
1057 1391 1134 1432 has
1165 1391 1330 1432 litteras
1364 1391 1470 1446 dedi,
1501 1391 1546 1431 in

211 1451 451 1507 Formiano,
483 1465 565 1505 quo
597 1449 740 1504 Capua
770 1451 986 1505 redieram,
1016 1450 1213 1491 mulieres
1241 1449 1543 1503 exspectabam.

212 1510 373 1559 Quibus
407 1510 576 1564 quidem
608 1510 859 1563 scripseram
890 1509 975 1549 tuis
1012 1509 1168 1549 litteris
1201 1508 1460 1563 admonitus,
1496 1510 1545 1549 ut

210 1569 371 1610 Romae
410 1570 638 1609 manerent.
711 1566 791 1610 Sed
832 1567 956 1609 audio
1003 1568 1207 1609 maiorem
1253 1567 1461 1621 quendam
1499 1566 1546 1607 in

210 1628 314 1669 urbe
357 1628 555 1669 timorem
598 1641 699 1669 esse.
767 1625 934 1680 Capuae
970 1625 1107 1667 Nonis
1144 1625 1264 1667 Febr.
1310 1639 1398 1666 esse
1434 1624 1544 1665 vole·
1563 1640 1597 1667 25

210 1687 325 1742 bam,
373 1686 471 1740 quia
511 1686 702 1727 consules
742 1686 963 1727 iusserant.
1032 1683 1239 1739 Quicquid
1278 1683 1362 1724 huc
1400 1683 1481 1724 erit
1520 1698 1543 1724 a

210 1745 410 1800 Pompeio
455 1745 648 1799 allatum,
690 1744 836 1785 statim
879 1743 931 1784 ad
971 1745 1013 1784 te
1053 1743 1233 1784 scribam
1276 1744 1456 1796 tuasque
1493 1741 1542 1782 de

210 1804 305 1845 istis
338 1804 463 1845 rebus
493 1803 659 1844 litteras
692 1801 955 1858 exspectabo.

799 1906 954 1948 XVIII.

381 1989 455 2025 Ser.
482 1990 522 2023 in
548 1988 748 2024 Formiano
773 1989 846 2022 III
866 1988 963 2022 Non.
991 1987 1096 2022 Febr.
1122 1998 1155 2021 a.
1184 1988 1255 2020 705
1282 1988 1372 2030 (49).
1562 1992 1596 2017 30

613 2069 803 2106 CICERO
827 2068 1019 2105 ATTICO
1045 2068 1152 2103 SAL.

299 2155 367 2184 1111
397 2142 507 2184 Non.
538 2141 657 2184 Febr.
690 2141 884 2182 mulieres
915 2142 1085 2181 nostrae
1115 2138 1306 2181 Formias
1336 2139 1542 2180 venerunt

212 2205 369 2256 tuaque
401 2215 500 2256 erga
532 2215 575 2242 se
607 2201 745 2242 officia
782 2200 906 2254 plena
942 2198 1007 2239 tui
1045 2197 1285 2239 suavissimi
1323 2197 1453 2238 studii
1490 2196 1541 2237 ad

213 2274 278 2300 me
303 2260 581 2313 pertulerunt.
631 2259 717 2300 Eas
744 2272 796 2313 eg
799 2257 998 2312 0,quoad
1024 2257 1237 2311 sciremus,
1262 2257 1406 2296 utrum
1425 2254 1541 2308 turpi

213 2331 315 2370 pace
354 2318 477 2359 nobis
517 2333 569 2358 an
606 2317 760 2358 misero
768 2273 913 2357 ebeno
951 2317 1060 2356 esset
1097 2315 1318 2368 utendum,
1357 2314 1403 2354 in
1441 2312 1540 2354 For·
1559 2328 1594 2354 35
