1665 2553
327 105 674 140 EPISTULARUM
699 106 764 140 AD
790 105 1007 141 ATTICUM
1032 106 1082 140 IX
1110 110 1163 150 13,
1190 107 1232 140 A.
1367 105 1451 147 283

103 204 145 243 et
183 204 327 243 tamen
365 205 648 256 oppugnatur.
713 201 834 250 Quod
876 216 954 257 ego
986 217 1074 243 non
1106 201 1343 256 credebam,
1381 201 1452 242 sed

102 260 238 301 habeo
273 276 295 301 a
321 260 456 302 Balbo
490 261 667 315 litteras,
702 276 882 314 quarum
915 261 966 302 ad
997 264 1040 302 te
1072 261 1310 314 exemplum
1341 260 1450 301 misi.

103 318 227 375 Lege,
260 334 429 374 quaeso,
461 323 502 360 et
534 320 640 360 illud
671 319 865 361 infimum
898 322 1024 374 caput
1055 320 1190 373 ipsius
1223 319 1348 360 Balbi
1381 333 1450 372 op-

104 378 209 431 timi,
248 378 314 419 cui
349 377 516 419 Gnaeus
548 382 694 419 noster
725 378 878 434 locum,
910 379 984 419 ubi
1015 378 1165 419 hortos
1199 378 1452 431 aedificaret,

14 462 15 488 3
68 452 83 478 5
104 437 229 491 dedit,
263 452 387 491 quem
420 437 487 478 cui
518 440 717 478 nostrum
746 452 834 479 non
867 452 990 492 saepe
1022 437 1256 491 praetulit?
1301 435 1452 490 Itaque

11 499 14 540 ι’
104 496 232 537 miser
264 498 499 550 torquetur.
565 495 664 550 Sed,
700 511 753 538 ne
785 496 851 537 bis
884 497 1028 538 eadem
1059 496 1194 551 legas,
1233 495 1285 536 ad
1316 495 1451 549 ipsam

104 557 147 595 te
180 555 406 608 epistulam
438 555 578 596 reicio.
631 554 756 609 Spem
789 558 931 597 autem
963 555 1078 609 pacis
1109 555 1246 595 habeo
1278 554 1451 595 nullam.

104 612 329 654 Dolabella
377 614 464 654 suis
510 614 669 655 litteris
713 625 787 658 ΙΙΙ
827 613 929 655 Idus
974 614 1099 655 Mart.
1138 613 1248 654 datis
1289 628 1453 654 merum

0 681 4 711 ἒ
103 672 263 713 bellum
304 672 507 726 loquitur.
571 672 816 714 Maneamus
857 687 957 728 ergo
995 673 1040 714 in
1080 672 1154 713 illa
1186 672 1330 713 eadem
1362 686 1453 713 sen-

50 747 83 772 10
102 732 238 772 tentia
276 731 430 772 misera
471 734 512 772 et
546 731 782 786 desperata,
824 732 991 786 quando
1024 731 1105 773 hoc
1136 731 1332 773 miserius
1364 745 1453 772 esse

101 789 210 830 nihil
243 793 398 844 potest.

750 908 799 949 A,

374 987 448 1023 Ser.
471 988 607 1023 Romae
634 990 714 1023 cire.
738 989 779 1023 X
803 989 851 1023 K.
874 989 964 1033 Apr.
989 990 1060 1023 705
1088 990 1179 1032 (49).

378 1070 563 1104 BALBUS
592 1069 817 1105 CICERONI
842 1070 939 1105 IMP.
961 1070 1059 1119 SAL.
1081 1069 1170 1105 DIC.

48 1159 81 1184 15
191 1140 345 1183 Caesar
399 1142 525 1183 nobis
583 1142 749 1183 litteras
800 1142 1027 1197 perbreves
1078 1141 1213 1197 misit3
1272 1157 1452 1196 quarum

103 1201 340 1254 exemplum
379 1201 624 1255 subscripsi.
694 1200 912 1242 Brevitate
951 1201 1158 1255 epistulae
1197 1200 1301 1242 scire
1335 1204 1452 1255 pote-

101 1260 159 1300 ris
204 1274 299 1300 eum
339 1260 459 1300 valde
497 1274 587 1301 esse
626 1260 878 1314 distentum,
924 1260 998 1314 qui
1036 1262 1156 1300 tanta
1196 1260 1245 1300 de
1282 1274 1327 1300 re
1364 1263 1453 1301 tam

101 1318 288 1359 breviter
321 1319 550 1372 scripserit.
603 1316 648 1359 Si
682 1319 786 1372 quid
816 1321 1033 1373 praeterea
1064 1319 1166 1360 novi
1197 1318 1339 1374 fuerit,
1371 1322 1452 1359 sta·

101 1376 180 1417 tim
212 1377 294 1417 tibi
328 1377 520 1418 scribam.

48 1465 82 1489 20
317 1455 553 1490 ‘CAESAR
587 1456 768 1501 OPPIO⁷
803 1457 1086 1492 CORNELIO
1122 1457 1230 1491 SAL.

191 1527 241 1570 A.
275 1528 312 1569 d.
350 1540 414 1570 VII
453 1528 570 1569 Idus
610 1528 823 1570 Martias
856 1529 1188 1570 Brundisium
1224 1529 1356 1583 veni,
1395 1529 1451 1570 ad

101 1602 296 1628 murum
337 1589 505 1629 castra
547 1588 707 1641 posui.
769 1587 1040 1641 Pompeius
1077 1591 1153 1629 est
1195 1588 1448 1629 Brundisi.

102 1646 248 1687 Misit
293 1645 351 1687 ad
394 1661 466 1686 me
510 1644 562 1686 N.
602 1645 824 1700 Magium
869 1647 924 1687 de
969 1661 1097 1700 pace.
1167 1645 1302 1694 Quae
1341 1647 1451 1687 visa

104 1707 239 1759 sunt,
288 1704 542 1758 respondi.
614 1704 719 1745 Hoc
768 1719 855 1745 vos
907 1705 1082 1745 statim
1127 1705 1258 1745 scire
1299 1705 1449 1745 volui.

49 1780 83 1805 25
104 1762 259 1811 Quom
290 1764 342 1804 in
374 1778 509 1817 spem
541 1777 724 1804 venero
759 1763 814 1804 de
847 1763 1221 1817 compositione
1254 1763 1450 1816 aliquid

103 1836 176 1862 me
214 1822 486 1876 conficere,
524 1822 701 1862 statim
740 1836 827 1862 vos
866 1822 1115 1863 certiores
1153 1821 1361 1862 faciam?

193 1879 283 1929 Quo
328 1880 452 1921 modo
497 1894 564 1921 me
602 1895 713 1921 nunc
751 1882 895 1934 putas,
938 1880 997 1920 mi
1040 1878 1204 1934 Cicero,
1248 1880 1449 1934 torqueri,
1476 1892 1495 1921 2

104 1941 331 1992 postquam
369 1953 517 1980 rursus
556 1939 601 1979 in
641 1953 757 1992 spem
788 1939 902 1992 pacis
935 1939 1049 1993 veni,
1086 1953 1139 1979 ne
1172 1953 1254 1992 qua
1285 1953 1351 1979 res
1385 1952 1450 1979 eo-

103 2011 199 2037 rum
237 1998 588 2051 compositionem
620 1998 851 2052 impediat?
901 1996 1114 2051 Namque,
1155 1997 1266 2051 quod
1299 1997 1449 2037 absens

50 2055 241 2097 nefacere
272 2071 464 2110 possum,
509 2059 623 2110 opto.
686 2055 844 2104 Quodsi
876 2070 960 2097 una
993 2070 1139 2109 essem,
1172 2055 1333 2109 ahquid
1363 2055 1450 2096 for-

105 2116 217 2154 tasse
255 2115 457 2167 proficere
488 2130 613 2168 posse
646 2115 706 2155 mi
737 2115 911 2156 viderer.
974 2113 1100 2156 Nunc
1133 2114 1450 2168 exspectatione

104 2186 279 2215 crucior.
