1665 2553
316 63 654 99 EPISTULARUM
679 63 743 97 AD
770 62 984 98 ATTICUM
1008 63 1076 98 VII
1102 67 1203 98 5—7.
1342 63 1424 104 199

90 161 206 202 venit
236 171 299 201 XV
329 159 502 200 Kalend.
535 159 620 200 Ian.
655 162 696 200 et
732 159 897 200 litteras
935 174 958 199 a
996 161 1038 200 te
1074 158 1179 199 mihi
1216 158 1426 199 reddidit'

91 219 173 260 Tot
217 218 328 259 enim
372 218 499 259 verba
543 221 642 258 sunt
686 218 735 258 de
775 216 982 271 Dionysio
1026 217 1072 258 in
1115 216 1297 271 epistula
1340 219 1427 271 tua,

90 277 196 319 illud
233 278 262 331 †
288 279 438 331 putato
482 291 568 317 non
611 276 833 331 adscribis,
877 276 939 316 ‘et
982 276 1063 316 tibi
1107 276 1266 330 gratias
1311 276 1425 330 egit'.

90 336 227 390 Atqui
259 338 370 376 certe
401 335 473 376 ille
499 349 621 389 agere
647 335 803 390 debuit,
835 337 889 390 et,
921 335 956 375 si
983 337 1092 376 esset
1118 335 1289 389 factum,
1320 348 1426 387 quae

55 397 208 438 51311381)
245 394 505 448 humanitas,
544 394 850 447 adscripsisses.
911 392 1019 433 Mihi
1058 396 1198 434 autem
1228 392 1346 433 nulla
1378 392 1426 433 de

92 468 140 494 eo
172 454 416 509 παλινῳδία
448 453 571 493 datur
602 455 776 506 propter
808 452 1040 505 superioris
1073 452 1279 506 epistulae
1310 451 1427 491 testi-

91 512 292 553 monium.
368 510 433 552 Sit
492 511 624 565 igitur
681 525 779 552 sane
834 510 971 551 bonus
1021 511 1095 551 vir.
1166 509 1260 550 Hoc
1315 510 1427 550 enim

91 571 232 624 ipsum
262 570 368 610 bene
398 570 517 623 fecit,
557 569 670 623 quod
706 569 812 609 mihi
845 569 911 610 sui
941 568 1221 623 cognoscendi
1257 568 1426 622 penitus

92 629 220 670 etiam
251 629 379 669 istam
410 628 656 669 facultatem
688 628 811 668 dedit.
872 626 1127 682 Philogenes
1158 629 1270 668 recte
1303 627 1355 667 ad
1386 629 1427 667 te

40 706 73 730 ιο
94 687 280 741 scripsit,
327 687 489 727 curavit
537 687 666 740 enim,
712 686 823 740 quod
870 685 1026 727 debuit.
1087 686 1200 727 Eum
1245 699 1321 740 ego
1362 685 1427 725 uti

94 761 142 787 ea
172 745 350 800 pecunia
381 745 509 799 volui,
541 744 677 798 quoad
708 745 870 798 liceret3
911 744 1055 798 itaque
1086 759 1188 785 usus
1220 747 1284 785 est
1315 758 1428 784 men-

93 819 158 845 ses
195 815 305 844 XIIII.
366 803 641 857 Pomptinum
681 803 803 857 cupio
844 803 982 844 valere
1024 804 1083 858 et,
1124 803 1238 856 quod
1278 802 1427 843 scribis

93 863 139 903 in
169 863 317 903 urbem
342 862 555 917 introisse,
585 876 744 915 vereor,
778 861 877 915 quid
904 862 977 916 sit3
1007 875 1107 902 nam
1131 862 1175 901 id
1198 861 1283 902 nisi
1309 861 1429 915 gravi

94 921 144 962 de
185 935 310 961 causa
344 935 432 961 non
467 921 644 961 fecisset.
706 920 821 974 Ego,
864 895 1064 985 quoiiiam
1095 931 1163 961 IIII
1199 918 1308 960 Non
1309 895 1428 961 &lan

42 998 74 1023 15
95 979 403 1033 compitalicius
445 978 532 1019 dies
574 981 655 1033 est,
698 979 798 1019 nolo
844 993 891 1019 eo
936 978 1002 1018 die
1034 979 1079 1018 in
1113 977 1329 1018 Albanum
1364 992 1431 1018 ve·
1485 1008 1492 1011 -

94 1038 204 1093 nire,
234 1052 284 1078 ue
320 1038 524 1078 molestus
560 1013 744 1078 familiae
774 1037 950 1078 veniam.
1011 1048 1062 1077 111
1092 1035 1202 1078 Non.
1234 1036 1321 1077 Ian.
1353 1036 1431 1091 igi-

95 1099 183 1151 tur3
220 1096 316 1136 inde
354 1096 405 1136 ad
442 1096 589 1136 urbem
626 1095 759 1149 pridie
796 1094 953 1136 Nonas.
1016 1095 1106 1136 Tua
1146 1099 1274 1148 λῆψις
1306 1109 1432 1148 quem

95 1155 140 1195 in
177 1154 287 1195 diem
323 1155 528 1208 incurrat,
568 1154 730 1209 nescio,
771 1154 842 1194 sed
885 1168 1058 1208 prorsus
1096 1156 1139 1194 te
1176 1153 1432 1194 commoveri

95 1213 361 1254 incommodo
392 1212 646 1253 valetudinis
679 1215 777 1253 tuae
808 1213 918 1253 nolo.

42 1291 76 1314 20
182 1270 246 1312 De
288 1271 449 1312 honore
491 1274 640 1312 nostro
683 1271 766 1311 nisi
810 1271 911 1324 quid
955 1270 1116 1311 occulte
1159 1269 1314 1311 Caesar
1356 1284 1431 1324 per

96 1344 194 1371 suos
226 1330 421 1370 tribunos
453 1330 628 1370 molitus
662 1330 758 1383 erit,
796 1332 933 1370 cetera
964 1329 1159 1370 videntur
1197 1343 1287 1369 esse
1318 1330 1432 1368 tran-

98 1388 246 1442 quilla3
271 1388 650 1441 tranquillissimus
677 1391 819 1429 autem
844 1388 1009 1428 animus
1035 1401 1166 1442 meus,
1193 1388 1266 1441 qui
1290 1390 1432 1427 totum

96 1447 207 1487 istuc
239 1447 361 1500 aequi
394 1447 493 1487 boni
524 1446 626 1487 facit
659 1449 700 1487 et
729 1460 776 1487 eo
803 1447 951 1501 magis,
985 1446 1097 1500 quod
1122 1446 1207 1486 iam
1234 1461 1257 1486 a
1282 1445 1430 1486 multis

98 1505 222 1546 audio
261 1505 541 1545 constitutum
584 1519 674 1545 esse
711 1504 914 1559 Pompeio
959 1507 1000 1545 et
1040 1505 1128 1545 eius
1169 1504 1346 1545 consilio
1387 1504 1433 1544 in

43 1581 77 1606 25
99 1563 286 1605 Siciham
316 1577 383 1603 me
413 1563 600 1617 mittere,
639 1563 751 1617 quod
781 1563 1006 1616 imperium
1036 1562 1226 1604 habeam.
1287 1561 1336 1603 Id
1368 1565 1433 1603 est

90 1621 406 1677 Ἀβδηριτικόν.
455 1620 544 1662 Nec
576 1622 687 1662 enim
718 1624 888 1662 senatus
917 1622 1111 1676 decrevit,
1140 1635 1217 1661 nec
1247 1621 1431 1674 populus

96 1680 223 1721 iussit
262 1694 328 1720 me
368 1680 592 1733 imperium
635 1680 681 1720 in
719 1678 863 1720 Sicilia
907 1679 1072 1720 habere.
1135 1678 1211 1719 Sin
1247 1679 1328 1719 hoc
1364 1693 1432 1719 res

98 1738 267 1793 publica
311 1738 362 1778 ad
398 1737 647 1791 Pompeium
690 1738 839 1791 refert,
889 1737 961 1790 qui
1010 1752 1077 1778 me
1124 1737 1261 1790 magis
1307 1751 1435 1790 quam

99 1798 312 1851 privatum
352 1796 535 1850 aliquem
574 1796 750 1836 mittat?
811 1772 979 1849 I'taque,
1020 1795 1056 1835 si
1089 1795 1169 1835 hoc
1209 1795 1435 1859 imperium

47 1872 82 1897 30
100 1855 205 1895 mihi
244 1855 472 1896 molestum
516 1854 612 1907 erit,
659 1857 754 1894 utal
801 1868 848 1894 ea
894 1856 1035 1907 porta,
1081 1868 1207 1906 quam
1252 1853 1434 1906 primam

101 1913 254 1954 videro.
314 1912 443 1967 Nam,
483 1913 597 1966 quod
637 1912 785 1952 scribis
823 1912 1044 1952 mirificam
1076 1911 1433 1964 exspectationem

103 1985 193 2012 esse
223 1972 307 2012 mei
337 1985 471 2025 neque
502 1973 644 2011 tamen
681 1985 935 2024 quemquam
971 1970 1180 2010 bonorum
1219 1972 1290 2009 aut
1329 1970 1433 2010 satis

102 2029 311 2070 bonorum
349 2030 561 2084 dubitare,
605 2029 706 2082 quid
742 2029 930 2069 facturus
970 2028 1067 2081 sim,
1110 2042 1206 2082 ege,
1245 2042 1348 2080 quos
1385 2030 1433 2068 tu

103 2088 238 2128 bonos
288 2102 377 2128 esse
423 2088 551 2141 dieas,
597 2101 684 2128 non
726 2086 937 2141 intellego.
1008 2085 1103 2139 Ipse
1142 2085 1282 2126 nullos
1322 2086 1434 2139 novi,

50 2162 84 2188 35
105 2146 176 2187 sed
223 2146 301 2200 ita,
350 2146 387 2186 si
435 2146 600 2186 ordines
650 2146 857 2186 bonorum
905 2145 1161 2198 quaerimus,
1210 2158 1309 2184 nam
1353 2144 1435 2184 sin-

104 2204 270 2259 gulares
313 2206 410 2244 sunt
449 2204 551 2244 boni
582 2204 672 2245 viri.
733 2202 894 2243 Verum
930 2203 975 2243 in
1006 2202 1338 2243 dissensionibus
1372 2217 1435 2243 or-

104 2263 221 2303 dines
261 2262 468 2303 bonorum
509 2265 550 2303 et
591 2276 743 2316 genera
784 2261 1019 2315 quaerenda
1061 2263 1169 2301 sunt.
1233 2259 1436 2301 Senatum

1454 638 1473 667 Ν)
