1665 2553
362 86 703 122 EPISTULARUM
729 87 792 121 AD
819 86 1035 122 ATTICUM
1061 87 1095 121 II
1121 91 1223 121 2—4.
1411 87 1468 128 45

208 182 346 225 Venio
376 197 489 224 nunc
515 183 568 223 ad
592 197 778 224 mensem
804 182 1045 224 Ianuarium
1075 185 1116 224 et
1149 183 1201 224 ad
1225 183 1468 225 ὑπόστασιν
1495 194 1515 225 3

117 244 312 284 nostram
344 256 391 284 ac
421 244 666 296 πολιτείαν,
704 242 748 283 111
787 256 870 296 qua
902 245 1194 297 Σωκρατικῶς
1233 243 1294 291 εἰς
1326 241 1468 284 ἑκάτε-

121 318 221 356 ρον,
263 301 335 342 sed
376 303 520 342 tamen
561 301 612 342 ad
650 303 905 355 extremum,
946 304 994 342 ut
1032 300 1097 342 illi
1135 301 1348 356 solebant,
1389 301 1469 354 τὴν

122 360 407 415 ἄρέσκουσαν.
469 359 552 400 Est
594 374 660 400 res
704 374 803 401 sane
843 360 989 415 magni
1030 359 1213 414 consilii3
1254 374 1354 400 nam
1395 362 1468 400 aut

88 435 104 461 5
124 419 292 460 fortiter
323 419 608 460 resistendum
634 421 698 459 est
722 419 808 474 legi
835 419 1037 474 agrariae,
1070 419 1115 459 in
1141 433 1224 472 quo
1253 421 1318 460 est
1344 433 1468 473 quae-

124 478 221 519 dam
247 478 473 532 dimicatio,
501 477 572 518 sed
592 477 717 531 plena
742 477 893 533 laudis,
920 480 992 518 aut
1015 478 1327 532 quiescendum,
1354 478 1469 532 quod

124 540 188 578 est
218 551 305 578 non
337 536 543 578 dissimile
576 540 703 590 atque
734 536 796 577 ire
832 537 877 577 in
910 534 1132 578 Solonium
1170 539 1243 577 aut
1276 536 1469 591 Antium,

123 598 197 636 aut
223 596 352 637 etiam
385 595 680 650 adiuvandum,
712 595 825 649 quod
857 611 880 636 a
910 609 978 636 me
1010 596 1129 636 aiunt
1159 593 1382 637 Caesarem
1408 596 1469 636 sic

123 657 383 710 exspectare,
423 657 472 694 ut
502 668 590 695 non
628 654 805 695 dubitet.
867 653 979 695 Nam
1011 654 1093 695 fuit
1126 654 1238 708 apud
1269 669 1335 695 me
1368 653 1467 696 Cor-

69 730 104 755 10
123 713 274 768 nelius,
304 712 415 754 hunc
448 713 540 754 dico
566 713 761 767 Balbum,
794 711 986 754 Caesaris
1018 712 1281 754 familiarem.
1333 712 1374 754 Is
1401 713 1468 754 ad-

123 772 322 813 firmabat
354 772 476 813 illum
505 772 702 812 omnibus
734 772 779 813 in
811 771 938 813 rebus
970 786 1064 812 meo
1098 774 1139 813 et
1164 771 1341 826 Pompei
1373 787 1467 813 con-

125 831 220 871 silio
262 845 439 871 usurum
481 830 763 884 daturumque
805 845 992 885 operam,
1038 833 1086 871 ut
1128 845 1223 871 cum
1263 830 1466 885 Pompeio

125 887 326 930 Crassum
356 889 640 945 coniungeret
690 889 774 931 Hic
807 892 906 930 sunt
937 889 1057 943 haec,
1090 890 1333 931 coniunctio
1360 890 1468 930 mihi
1493 900 1515 929 4

126 963 290 989 summa
330 962 424 989 cum
461 947 682 1003 Pompeio,
727 949 763 990 si
795 949 950 1014 placet,
990 949 1119 989 etiam
1150 962 1245 989 cum
1278 947 1468 1003 Caesaiye
1488 1000 1496 1003 Δ

71 1023 104 1049 15
125 1007 287 1048 reditus
320 1007 365 1048 in
395 1007 577 1062 gratiam
604 1022 699 1049 cum
725 1007 920 1061 inimicis,
952 1022 1035 1060 pax
1062 1021 1156 1048 cum
1181 1007 1468 1061 multitudine,

125 1066 355 1107 senectutis
390 1066 536 1107 otium
594 1064 676 1107 Sed
707 1081 774 1107 me
806 1065 1031 1115 κατακλεὶς
1062 1080 1156 1106 mea
1187 1066 1260 1106 illa
1287 1080 1469 1108 commo-

124 1127 206 1178 vet,
239 1139 345 1179 quae
378 1127 442 1166 est
473 1125 518 1166 in
549 1125 660 1166 libro
692 1125 841 1166 tertio:

125 1205 349 1248 tInterea
381 1221 575 1261 cursus,
609 1222 731 1261 quos
764 1207 926 1261 prima
960 1222 982 1248 a
1015 1209 1159 1261 parte
1191 1206 1427 1247 iuventae

125 1264 359 1319 Quosque
393 1266 514 1307 adeo
547 1266 728 1307 consul
753 1266 947 1306 virtute
975 1266 1244 1319 animoque
1269 1265 1469 1319 petisti,

72 1341 106 1365 20
125 1323 229 1365 Hos
262 1325 426 1366 retine
459 1327 609 1379 atque
642 1338 767 1379 auge
793 1325 975 1365 famam
1006 1324 1284 1378 laudesque
1316 1324 1470 1365 bono-

1209 1383 1350 1423 rum.’

126 1452 242 1494 Haec
272 1452 378 1494 mihi
410 1467 505 1494 cum
536 1453 581 1494 in
607 1468 654 1494 eo
686 1453 810 1507 libro,
843 1453 888 1494 in
914 1468 997 1508 quo
1024 1453 1159 1494 multa
1186 1456 1286 1494 sunt
1313 1453 1472 1507 scripta

127 1511 506 1565 ἀριστοκρατικῶς,
533 1510 723 1566 Calliope
744 1513 835 1567 ipsa
854 1512 1187 1566 praescripserit,
1212 1526 1300 1553 non
1320 1512 1471 1566 opinor

128 1584 219 1611 esse
252 1570 543 1625 dubitandum,
576 1571 680 1625 quin
711 1585 875 1625 semper
908 1571 1034 1612 nobis
1066 1571 1259 1611 videatur

73 1656 107 1682 25
246 1635 323 1689 (εἷς
355 1641 510 1690 οἰωνὸς
541 1641 716 1695 ἄριστος
748 1641 997 1695 ἀμύνεσθαι
1028 1640 1128 1695 περὶ
1159 1641 1351 1695 πάτρης]

217 1709 298 1752 Sed
329 1710 431 1752 haec
463 1710 824 1752 ambulationibus
857 1710 1167 1765 Compitaliciis
1200 1725 1471 1751 reservemus.

128 1769 192 1810 Tu
247 1770 381 1823 pridie
432 1768 689 1824 Compitalia
737 1773 960 1811 memento.
1040 1769 1263 1810 Balineum
1314 1769 1472 1810 calfieri

129 1828 295 1870 iubebo.
346 1828 404 1869 Et
430 1828 709 1882 Pomponiam
729 1828 926 1869 Terentia
952 1831 1094 1882 rogat,
1120 1830 1301 1868 matrem
1328 1827 1472 1868 adiun-

130 1900 286 1941 gemus.
361 1888 647 1941 Θεοφράστου
687 1886 785 1941 περὶ
828 1889 1077 1941 φιλοτιμίας
1121 1886 1237 1926 adfer
1275 1885 1381 1927 mihi
1423 1886 1472 1927 de

78 1961 111 1986 30
130 1945 250 1986 libris
278 1945 426 1995 Quinti
457 1946 612 1987 fratris.

453 2107 526 2142 Ser.
553 2108 646 2142 Anti
671 2119 714 2141 m.
742 2108 868 2152 Aprili
894 2119 926 2141 a.
956 2110 1027 2141 695
1054 2109 1145 2149 (59).

554 2177 722 2212 CICERO
747 2176 919 2212 ATTICO
948 2177 1045 2211 SAL.

221 2236 376 2278 Fecisti
406 2237 511 2278 mihi
536 2241 794 2293 pergratum,
827 2237 940 2291 quod
967 2235 1210 2290 Serapionis
1235 2236 1394 2277 librum
1421 2237 1472 2278 ad
1499 2248 1516 2277 1

79 2310 112 2337 35
132 2310 197 2336 me
229 2295 402 2350 misisti3
434 2310 484 2336 ex
517 2311 600 2349 quo
634 2297 798 2350 quidem
833 2309 924 2350 ego,
957 2295 1070 2349 quod
1101 2295 1212 2337 inter
1242 2309 1321 2336 nos
1347 2295 1471 2336 liceat
