1689 2572
204 82 270 116 XX
621 78 899 114 ADNOTATIO
927 77 1112 113 CRITICA

205 178 284 209 429.
308 178 351 208 29
376 175 480 217 ferre,
517 178 596 207 472.
620 177 662 206 18
689 184 817 214 manu,
850 175 928 205 475.
950 175 994 206 25
1019 172 1233 207 conscientia
1263 183 1357 214 mea,
1388 175 1467 205 477.
1491 175 1533 204 15

205 233 285 256 cum
310 222 455 263 tuenda,
481 224 559 254 482.
577 224 619 253 29
646 224 737 261 teste,
764 223 842 253 485.
859 223 901 252 32
928 219 1125 261 scribenda,
1151 219 1297 263 saepius
1324 218 1438 252 etiam
1458 218 1534 251 ad-

207 268 305 302 dita
336 267 437 301 velut
467 280 501 312 p.
525 271 577 301 76.
602 271 619 300 1
651 267 807 309 fundum
839 266 998 308 (fando),
1031 269 1107 299 148.
1129 269 1172 299 28
1198 267 1279 300 iam
1304 265 1439 300 Romae
1463 266 1533 309 (ca-

205 327 285 350 ram
310 316 376 359 ac),
404 318 482 348 233.
500 318 517 347 1
545 325 657 348 meam
676 315 755 356 (sea),
782 317 858 346 327.
876 316 919 346 29
945 312 988 346 de
1007 323 1123 355 quam,
1144 316 1220 346 395.
1237 316 1279 346 27
1301 324 1323 346 a
1338 322 1534 356 preconem,

205 365 284 395 415.
301 365 344 394 34
364 361 616 402 adolabellam,
638 360 685 393 ad
703 371 736 404 p.
755 363 808 394 76.
824 363 879 401 29,
902 362 977 392 107.
995 362 1049 400 26,
1070 362 1147 392 267.
1163 362 1217 401 31,
1239 363 1316 392 311.
1332 363 1364 401 3,
1385 361 1534 400 321.18,

207 412 285 442 366.
309 411 362 450 17,
389 411 466 441 376.
490 411 532 441 15
559 408 699 451 quidem
724 417 790 450 pro
815 407 907 449 vide,
929 408 1006 438 381.
1028 409 1060 447 4,
1086 408 1164 439 460.
1186 409 1241 448 21,
1268 409 1344 439 533.
1368 409 1422 448 19,
1448 404 1534 438 fam.

206 467 241 499 Ρ.
260 459 312 488 74.
329 458 382 488 32.
411 475 455 479 —
481 458 524 487 22
545 455 567 497 †
582 454 684 488 Haec
703 452 874 486 Wesenb.
913 452 1102 485 Lehmann
1125 451 1343 486 ‘Jahresben
1360 452 1423 485 des
1444 451 1535 496 phil.

206 501 373 535 Vereins’
410 504 499 534 1888
524 513 559 544 p.
582 504 647 534 257
677 499 783 533 affert
807 512 841 543 p.
865 503 941 533 147.
966 502 1018 532 18,
1048 519 1089 523 -
1115 498 1165 532 Ib.
1187 503 1225 533 et
1248 510 1337 533 cura
1362 498 1416 540 M,
1457 498 1537 531 ‘sed

207 552 239 582 et
262 548 362 581 linea
388 547 570 581 subducta
597 546 759 580 deletum
785 546 874 587 est',
910 545 1069 588 Tyrrell,
1104 545 1218 588 Cura,
1242 550 1283 580 ut
1306 547 1415 580 sciam
1442 549 1473 579 et
1497 549 1538 579 ut

206 595 326 629 valeas
352 593 438 628 Otto
469 605 560 627 mus.
581 593 696 627 Rhen.
726 596 814 626 1886
840 605 874 636 p.
897 596 963 626 365
991 592 1035 626 ef.
1055 604 1091 636 Ρ.
1115 595 1190 626 140.
1212 596 1272 635 27,
1312 596 1388 626 152.
1411 595 1465 625 13.
1492 613 1535 616 —

208 645 251 675 26
290 641 452 686 Ν69απῒ
487 651 559 674 non
596 640 690 673 bene
724 639 914 681 XVesenb.,
959 639 1067 681 Boot,
1112 638 1175 682 qui
1209 638 1279 672 ‘vel
1318 639 1362 672 de
1407 638 1536 672 Orellii

209 688 300 721 coni.
326 689 464 730 factum
495 699 517 720 α
549 698 588 721 se
611 684 696 721 ’6336
720 686 787 729 <sie
819 698 885 719 scr.
906 686 1046 729 Baiter)
1073 685 1306 719 scribendum
1331 687 1456 719 censet
1479 685 1537 719 vel

207 746 277 769 esse
301 734 520 767 mutandum
551 734 589 766 in
621 746 643 768 α
673 734 738 767 se’.
790 733 958 777 Regnum
984 734 1040 766 est
1066 743 1147 765 eam
1172 742 1249 766 rem
1272 732 1429 774 factam,
1460 731 1483 765 i.
1506 742 1525 765 e

209 780 378 815 effectam
397 782 434 814 et
452 780 523 813 rite
549 780 698 820 factam,
724 790 871 822 negare,
894 779 951 813 cui
971 779 1050 823 ipse
1070 779 1109 812 in
1130 778 1294 822 auspicio
1314 778 1534 812 interfueris.

208 848 252 853 —
278 827 328 861 Π).
344 829 434 862 esse!
458 827 584 860 Baiter
609 827 683 869 (hic
702 826 876 871 Neyevt),
897 826 1081 868 Wesenb„
1102 825 1203 859 Boot.
1242 828 1253 868 H
1291 825 1336 860 P.
1352 825 1415 860 55.
1431 828 1474 858 10
1497 825 1535 869 Q.

209 875 348 909 Metelli
371 873 555 915 VVesenb„
582 873 680 916 quod
704 873 743 906 in
768 873 805 905 Μ
831 875 887 906 est
912 875 1134 916 meminique
1158 872 1391 915 translatum,
1419 871 1537 914 credo,

210 931 238 955 e.
260 933 289 954 v.
313 925 353 954 17
388 920 449 963 (ad
473 932 507 964 p.
530 924 583 953 24.
606 922 650 964 8).
685 940 728 944 —
762 924 805 953 14
836 920 912 964 †de
945 920 1157 964 coqitatione
1188 919 1359 953 Wesenb.
1401 918 1537 952 Orellio

209 970 246 1001 et
283 967 496 1010 Pluygersio
529 966 661 1000 Mnem.
696 970 784 1000 1881
823 978 856 1009 p.
881 970 946 999 123
979 965 1200 998 auctoribus.
1240 985 1283 990 —-
1322 969 1366 998 24
1399 966 1539 1009 liquata

210 1014 301 1048 coni.
330 1013 454 1056 Orelli,
480 1015 553 1047 iam
579 1014 717 1056 liquata
735 1012 886 1055 Kayser,
913 1011 1055 1055 Tyrrell
1081 1022 1134 1055 ep.
1152 1015 1206 1052 37,
1231 1012 1394 1046 iudicata
1420 1011 1536 1053 codd,

208 1060 344 1102 Baiter,
371 1072 453 1094 cum
479 1070 584 1093 cruce
609 1058 793 1100 Wesenb,
819 1058 921 1092 Boot.
949 1079 992 1082 —
1020 1062 1062 1091 25
1089 1063 1208 1092 tamen
1232 1058 1277 1092 id
1301 1059 1462 1102 aliquam
1487 1058 1535 1100 Μ,

209 1107 351 1151 Tyri-ell
388 1106 489 1140 tacit.
544 1106 686 1139 Eadem
716 1105 881 1139 confusio
911 1116 945 1148 p.
968 1108 1045 1138 234.
1069 1108 1110 1138 19
1144 1109 1176 1138 et
1205 1106 1346 1149 (metuo)
1377 1116 1466 1139 corr.
1493 1116 1538 1138 ex

209 1155 258 1196 id,
287 1157 363 1187 114.
385 1157 427 1186 21
455 1157 487 1186 ez*
511 1153 638 1195 ipsum,
666 1155 742 1185 371.
759 1156 814 1193 29,
841 1155 918 1185 534.
935 1155 976 1184 31
1005 1153 1133 1185 6156-
1152 1154 1195 1184 29
1212 1156 1399 1194 putaram
1419 1151 1535 1193 codd„

210 1200 346 1241 Baiter,
373 1199 487 1242 Tyrr.,
507 1199 605 1241 quod
630 1209 702 1232 non
729 1209 845 1231 essem
872 1209 981 1231 ausus
1001 1198 1195 1242 repudiare
1215 1198 1277 1241 (ad
1296 1210 1329 1242 p.
1345 1202 1376 1231 4.
1392 1200 1438 1241 4),
1464 1198 1537 1232 nisi

210 1247 248 1280 in
282 1246 410 1280 eodem
440 1256 545 1278 versu
580 1247 677 1278 esset
711 1245 861 1289 Ieyeram
893 1246 930 1278 et
963 1256 1059 1278 eram
1089 1245 1151 1288 (ad
1182 1256 1214 1288 p.
1238 1248 1291 1278 24.
1314 1246 1358 1289 8).
1410 1244 1461 1278 Cf.
1490 1245 1538 1279 ad

209 1306 243 1337 p.
261 1297 337 1326 115.
355 1296 408 1334 16,
434 1295 512 1325 276.
528 1295 559 1333 8,
585 1291 671 1325 fam.
694 1295 770 1325 105.
793 1295 845 1325 19.
878 1293 889 1335 Η
925 1291 970 1325 Ρ.
983 1291 1046 1325 56.
1062 1295 1106 1324 20
1132 1292 1267 1325 litteras
1286 1293 1334 1325 ad
1354 1291 1538 1336 Sicyonios

211 1342 247 1373 Σ
256 1351 271 1373 3
298 1339 499 1382 (Lehmann
525 1338 600 1372 Att.
620 1351 653 1382 p.
676 1340 750 1381 43),
785 1339 834 1372 ad
859 1338 1045 1383 Sicyonios
1071 1339 1208 1372 litteras
1232 1338 1280 1379 M,
1313 1338 1394 1372 edd.
1422 1359 1465 1363 -—
1492 1342 1536 1372 28

210 1387 314 1429 quasi
352 1385 480 1419 addidi
516 1396 606 1419 mus.
634 1385 748 1419 Rhen.
778 1388 866 1418 1898
901 1396 936 1428 p.
966 1389 1049 1427 122,
1086 1389 1127 1418 ut
1163 1384 1314 1427 Ubald.,
1351 1385 1536 1429 Wesenb.,

209 1432 351 1476 Tyrrell
388 1442 441 1476 ep.
463 1436 524 1473 41,
562 1433 630 1465 cito
661 1432 722 1473 fac
752 1432 875 1465 venias
906 1431 1084 1476 Pluygers
1122 1431 1255 1465 Mnem.
1285 1435 1373 1465 1881
1399 1444 1434 1476 Ρ.
1458 1436 1535 1474 124,

209 1480 311 1513 Boot.
339 1499 381 1503 —
409 1483 450 1512 31
472 1480 509 1511 et
528 1482 570 1511 32
597 1489 700 1521 quom
726 1489 804 1520 scr.,
830 1489 930 1522 quem
955 1499 999 1503 —-
1025 1489 1101 1512 cum
1129 1480 1185 1521 (ut
1209 1478 1368 1521 videtur)
1392 1478 1439 1513 M.
1478 1479 1536 1513 Ad

209 1538 242 1570 Ρ.
264 1530 318 1559 40,
341 1529 394 1558 21.
438 1525 450 1570 Η
494 1525 538 1558 Ρ.
559 1525 623 1559 57.
638 1528 657 1557 5
684 1529 787 1568 atque
812 1525 1084 1559 ambulatio-icem
1111 1536 1176 1558 scr.
1197 1536 1288 1558 mus.
1309 1525 1424 1559 Rhen.
1446 1529 1536 1560 1898

208 1585 242 1616 Ρ.
257 1576 334 1614 122,
360 1576 397 1606 at
422 1572 484 1615 (ad
502 1571 553 1612 Μ)
578 1582 683 1615 quam
699 1576 836 1615 partem
857 1571 973 1612 codd„
999 1571 1150 1615 Madvig
1171 1571 1307 1605 ‘Revue
1327 1572 1371 1606 de
1390 1572 1534 1616 philol.’

208 1619 240 1651 Π
267 1621 355 1652 1878
381 1621 495 1662 Ρ.186
510 1629 575 1660 sq,
601 1630 683 1651 cum
709 1629 813 1651 cruce
839 1618 981 1662 Tyrrell
1005 1629 1059 1662 ep.
1075 1622 1117 1651 41
1147 1618 1239 1652 coni.
1253 1622 1292 1653 at
1310 1620 1537 1663 aequiparem

210 1667 274 1698 aut
299 1669 337 1699 at
361 1666 421 1699 cui
436 1666 673 1708 aequcirem,
701 1669 738 1698 at
758 1676 1002 1708 quom-parem
1022 1665 1163 1707 Bosius,
1190 1665 1326 1707 Baiter,
1352 1665 1535 1709 Wesenb„

209 1712 302 1745 Boot
328 1711 417 1745 coni.
440 1716 543 1755 atque
568 1712 738 1755 imparem
764 1712 949 1746 basilicam
975 1712 1087 1745 tribui
1111 1712 1298 1755 Aemiliae,
1324 1716 1428 1756 atque
1454 1717 1536 1747 ante

205 1763 348 1802 portam
379 1757 422 1791 H.
443 1758 484 1791 A.
506 1758 608 1791 Koch
639 1769 758 1802 progr.
781 1758 942 1792 Portens.
966 1761 1055 1792 1868
1081 1770 1115 1802 p.
1138 1762 1241 1801 20sq.
1278 1779 1322 1783 —
1360 1763 1440 1802 6sq.
1468 1759 1537 1794 Sed

211 1806 346 1848 (omitto
365 1805 502 1849 volgus)
523 1805 659 1847 Baiter,
682 1805 764 1838 ‘Sed
785 1807 920 1847 (omitto
939 1806 1081 1850 vulqus)
1097 1826 1140 1829 —
1154 1816 1228 1838 non
1246 1805 1354 1839 sunt?
1383 1805 1535 1849 Tyrrell,

210 1872 253 1876 —-
284 1862 357 1885 ozon
381 1850 491 1885 sunt?
528 1851 637 1893 Boot,
665 1851 733 1885 Sed
761 1853 897 1891 (omitto
923 1873 967 1876 —
992 1862 1066 1886 ozon
1090 1854 1188 1894 sunt)
1217 1852 1253 1885 G.
1274 1852 1409 1886 Arrius
1435 1850 1471 1885 C.
1493 1851 1533 1885 Gr.

210 1898 412 1931 Firnhaber
436 1897 528 1931 Phil.
550 1897 599 1930 V]
626 1901 713 1931 1851
746 1910 780 1941 p.
803 1902 879 1931 371.
935 1898 1014 1931 Hoc
1052 1897 1159 1932 dicit:
1210 1896 1379 1931 Ceterum
1404 1898 1535 1942 vulgus

209 1943 485 1977 Formianorum
511 1946 547 1977 et
571 1944 688 1978 tribus
715 1944 895 1978 Aemiliae
919 1946 1004 1988 post
1027 1944 1156 1977 horam
1181 1945 1351 1986 quartam
1369 1955 1442 1978 non
1461 1944 1536 1978 iam

210 1990 404 2023 molestum
440 1990 586 2033 omitto,
624 1991 852 2024 molestiores
887 1993 973 2024 sunt
1003 1991 1131 2024 Arrius
1163 1992 1200 2024 et
1226 1990 1392 2024 Sebosus.
1422 2012 1463 2016 —-
1493 1995 1534 2025 10

211 2037 304 2070 Ecce
341 2037 425 2070 tibi
455 2037 597 2080 Tyrrell
633 2037 756 2071 nescio
795 2049 866 2071 eur.
907 2058 951 2062 —-
990 2041 1033 2070 14
1075 2037 1103 2071 O
1133 2047 1191 2070 me
1223 2038 1371 2070 auctore
1397 2037 1533 2081 Baiter,

211 2082 361 2126 Tyrrell.
400 2082 441 2115 V.
456 2095 546 2117 mus.
568 2083 682 2117 Rhen.
700 2087 788 2117 1898
813 2096 848 2128 Ρ.
866 2087 930 2117 127
943 2095 1021 2126 sqq.
1042 2104 1086 2108 —
1107 2087 1149 2117 28
1176 2084 1346 2117 inveniri
1371 2084 1534 2127 Ascens.,

211 2126 400 2171 Wesenb.,
438 2129 531 2163 Boot
560 2130 660 2163 haud
693 2130 767 2164 scio
802 2141 847 2163 an
873 2140 965 2163 vere.
1017 2128 1168 2163 Codices
1194 2130 1334 2164 habent
1357 2142 1392 2175 p.
1415 2135 1468 2165 64.
1491 2135 1535 2165 20

211 2177 386 2218 transire,
421 2179 473 2209 79.
496 2180 538 2209 22
571 2178 720 2219 audire,
757 2180 809 2210 93.
839 2181 882 2210 14
906 2178 1020 2219 ferre,
1050 2180 1125 2210 103.
1148 2180 1191 2209 28
1223 2177 1364 2219 debere,
1393 2181 1469 2213 104.
1491 2181 1535 2212 28

212 2223 355 2264 locare,
388 2225 464 2255 164.
488 2226 529 2255 16
556 2223 736 2266 laudare,
770 2227 845 2257 171.
868 2227 910 2256 26
937 2223 1122 2267 experire,
1156 2227 1232 2257 221.
1256 2228 1310 2266 15,
1336 2228 1415 2259 439.
1437 2229 1457 2258 2
1483 2226 1534 2259 vi-

210 2268 318 2310 deo-e,
364 2272 440 2301 261.
469 2271 488 2301 5
515 2274 675 2312 putare,
720 2274 796 2304 271.
826 2273 867 2303 17
899 2271 1051 2313 habere,
1097 2273 1174 2303 272.
1200 2274 1222 2303 4
1254 2271 1535 2315 administrare,
