1665 2553
315 84 659 120 EPISTULARUM
684 83 749 118 AD
776 83 993 120 ATTICUM
1019 84 1051 119 V
1078 89 1180 119 2—4.
1340 86 1423 127 133

78 181 177 222 lano
217 196 241 222 a
270 180 437 222 Pontio.
499 179 562 221 Ac
598 180 721 221 binas
762 180 932 235 quidem
969 182 1064 221 tuas
1096 180 1329 222 Beneventi
1362 196 1424 222 ac-

81 240 189 294 cepi,
234 254 414 293 quarum
458 239 612 280 alteras
651 238 937 280 Funisulanus
981 239 1118 281 multo
1157 255 1280 281 mane
1317 240 1423 281 mihi

81 298 207 353 dedit,
239 298 393 339 alteras
427 298 564 338 scriba
596 297 774 339 Tullius.
827 297 1083 339 Gratissima
1115 301 1180 340 est
1210 298 1317 339 mihi
1349 302 1423 339 tua

81 371 181 398 cura
213 357 262 398 de
293 357 368 398 illo
400 371 493 398 meo
525 357 662 410 primo
696 360 737 398 et
767 357 952 398 maximo
984 357 1202 412 mandat03
1247 358 1319 398 sed
1349 360 1424 398 tua

45 416 288 470 5profectio
331 430 449 470 spem
492 430 629 456 meam
671 415 875 457 debilitat.
944 415 1007 456 Ac
1043 416 1103 456 mi
1142 417 1214 457 ille
1255 416 1424 470 quidem

81 475 236 528 placet,
273 489 359 515 non
399 489 481 528 quo
522 499 591 529 —,
631 475 702 515 sed
740 475 884 528 inopia
922 475 1115 529 cogimur
1152 489 1200 516 eo
1234 475 1423 516 contenti

82 548 182 574 esse.
232 532 296 575 De
327 533 403 574 illo
437 533 583 586 altero,
616 547 741 587 quem
773 533 924 574 scribis
950 533 1032 574 tibi
1057 534 1197 575 visum
1223 548 1312 575 esse
1336 548 1424 576 non

81 592 286 646 alienum,
325 606 489 643 vereor,
535 592 683 633 adduci
721 594 769 632 ut
810 594 958 633 nostra
998 593 1152 647 possit,
1192 595 1234 633 et
1274 595 1322 634 tu
1361 593 1422 633 ais

82 652 439 705 δυςὸιάγνωστον
465 665 563 691 esse.
613 650 824 704 Equidem
851 665 944 692 sum
969 651 1118 705 facilis,
1151 652 1225 692 sed
1250 654 1299 692 tu
1326 651 1424 692 abe-

28 727 61 752 10
80 710 152 764 ris,
178 712 220 751 et
250 724 317 750 me
350 709 524 750 absente
549 723 615 750 res
641 710 828 751 haerebit.
873 709 1063 751 Habebis
1093 710 1175 751 mei
1201 711 1422 751 rationem.

79 767 192 810 Nam
216 770 361 822 posset
388 767 561 823 aliquid,
593 768 629 809 si
655 769 815 809 utervis
841 771 1036 810 nostrum
1062 769 1238 824 adesset,
1271 771 1423 824 agente

82 825 261 869 Servilia
293 825 438 868 Servio
471 826 564 867 fieri
594 827 826 880 probabile.
882 826 1019 883 Nunc,
1053 827 1089 868 si
1121 827 1206 868 iam
1237 842 1304 869 res
1336 827 1424 882 pla-

81 888 184 942 ceat,
217 885 368 941 agendi
399 888 542 926 tamen
572 886 686 926 viam
715 900 802 927 non
833 886 967 927 video.

198 943 324 985 Nunc
367 944 490 985 venio
536 944 588 985 ad
628 959 719 985 eam
759 945 1004 999 epistulam,
1051 960 1179 999 quam
1220 945 1361 999 accepi
1399 960 1423 986 a

29 1020 62 1045 15
83 1003 235 1044 Tullio.
284 1002 349 1044 De
379 1002 580 1043 Marcello
612 1003 752 1044 fecisti
783 1003 1017 1059 diligenter.
1067 1003 1218 1059 Igitur,
1251 1006 1423 1045 senatus

82 1062 323 1103 consultum
349 1061 385 1102 si
412 1061 492 1101 erit
517 1061 688 1116 factum,
715 1062 872 1103 scribes
900 1063 952 1103 ad
978 1077 1060 1117 me3
1094 1062 1130 1103 si
1149 1063 1302 1118 minus,
1334 1077 1424 1104 rem

80 1124 224 1162 tamen
267 1120 480 1175 conficies3
523 1120 628 1161 mihi
674 1121 786 1161 enim
824 1121 1003 1162 attribui
1042 1121 1276 1176 oportebit,
1320 1121 1424 1162 item

79 1179 247 1220 Bibulo.
311 1177 393 1220 Sed
423 1192 512 1219 non
544 1179 706 1234 dubito,
740 1179 843 1234 quin
875 1182 1047 1221 senatus
1080 1180 1324 1221 consultum
1356 1195 1423 1220 ex-

80 1238 271 1292 peditum
304 1237 371 1291 sit,
401 1237 448 1278 in
473 1251 557 1291 quo
582 1238 834 1292 praesertim
859 1239 916 1279 sit
942 1239 1237 1292 compendium
1261 1239 1422 1293 populi.

28 1313 62 1337 20
80 1296 144 1338 De
175 1296 393 1350 Torquato
431 1296 575 1350 probe.
636 1296 701 1337 De
732 1296 908 1338 Masone
940 1300 982 1338 et
1013 1296 1189 1352 Ligure,
1230 1312 1325 1339 cum
1357 1312 1425 1338 ve-

79 1355 232 1396 nerint.
294 1354 358 1396 De
387 1354 481 1410 illo,
524 1355 636 1409 quod
669 1354 934 1410 Chaerippus
967 1354 1189 1411 (quoniam
1220 1355 1291 1397 hic
1323 1371 1424 1410 quo-

83 1428 163 1468 que
199 1415 463 1468 πρόςνευσιν
502 1413 756 1470 sustulisti),
795 1429 818 1456 o
859 1414 1094 1468 provincia!
1139 1415 1322 1456 etiamne
1353 1415 1423 1456 hic

80 1472 188 1513 mihi
218 1472 426 1513 curandus
457 1472 549 1513 est?
593 1473 801 1514 curandus
829 1476 969 1514 autem
995 1473 1212 1528 hactenus,
1242 1488 1295 1514 ne
1322 1474 1424 1528 quid

83 1531 134 1572 ad
160 1533 354 1572 senatum
379 1530 566 1572 econsule
576 1531 598 1572 1'
633 1535 706 1572 aut
727 1532 949 1573 enumera?
981 1531 1089 1573 Nam
1118 1533 1168 1573 de
1194 1532 1345 1573 ceteris
1366 1557 1424 1562 —-

29 1606 62 1632 25
83 1590 155 1631 sed
186 1592 328 1630 tamen
360 1589 587 1644 commode,
620 1591 732 1644 quod
763 1605 859 1632 cum
891 1591 1047 1633 Scrofa.
1098 1590 1163 1632 De
1193 1590 1422 1644 Pomptino

81 1651 194 1690 recte
231 1647 394 1689 scribis.
451 1647 534 1688 Est
572 1649 683 1690 enim
719 1649 798 1704 ita,
834 1652 902 1703 ut,
940 1649 976 1690 si
1014 1652 1111 1690 ante
1150 1649 1244 1690 Kal.
1277 1648 1422 1690 Iunias

82 1707 283 1748 Brundisi
319 1707 490 1747 futurus
530 1707 604 1762 sit,
641 1708 782 1748 minus
820 1708 1029 1761 urguendi
1059 1708 1218 1748 fuerint
1249 1707 1305 1748 M.
1336 1707 1423 1748 An-

81 1766 202 1807 neius
235 1768 276 1806 et
307 1765 356 1806 L.
384 1764 562 1806 Tullius.
618 1765 732 1814 Quae
765 1766 814 1806 de
847 1765 1004 1806 Sicinio
1038 1766 1206 1820 audisti,
1237 1780 1285 1806 ea
1316 1766 1422 1806 mihi

83 1825 333 1878 probantur,
372 1823 498 1864 modo
529 1837 583 1864 ne
614 1824 688 1865 illa
721 1824 911 1878 exceptio
943 1824 990 1864 in
1020 1824 1205 1877 aliquem
1235 1824 1423 1865 incurrat

31 1899 65 1924 30
85 1883 191 1923 bene
217 1883 265 1923 de
289 1882 414 1923 nobis
440 1882 650 1923 meritum
702 1881 783 1923 Sed
803 1882 1175 1936 considerabimus,
1201 1897 1291 1923 rem
1311 1883 1423 1923 enim

84 1941 231 1994 probo.
291 1940 355 1982 De
391 1943 541 1981 nostro
579 1941 730 1982 itinere
763 1941 876 1995 quod
909 1943 1116 1996 statuero
1154 1917 1203 1981 de
1236 1941 1423 1995 quinque

84 1999 308 2053 praefectis
352 1999 453 2053 quid
489 1998 716 2054 Pompeius
759 2000 949 2040 facturus
989 2000 1062 2054 sit,
1105 2013 1201 2040 cum
1239 2014 1289 2040 ex
1326 1999 1421 2053 ipso

85 2072 283 2123 cognoro,
324 2057 494 2112 faciam,
537 2061 586 2099 ut
630 2058 749 2099 scias.
818 2057 882 2098 De
921 2057 1058 2111 Oppio
1102 2057 1208 2098 bene
1252 2058 1423 2112 curasti,

86 2116 199 2170 quod
229 2115 267 2156 ei
298 2115 348 2157 de
384 2128 502 2159 DCCC
535 2117 788 2171 exposuisti,
826 2117 971 2171 idque,
1009 2116 1211 2170 quoniam
1240 2115 1423 2157 Philoti-

31 2190 64 2217 35
83 2189 200 2215 mum
224 2173 368 2240 habes,
392 2176 544 2228 perfice
570 2178 612 2216 et
638 2189 843 2230 cognosce
868 2175 1078 2216 lationem
1104 2177 1158 2230 et,
1188 2175 1291 2215 utss
1274 2190 1423 2230 'agam

84 2233 284 2287 amplius,
321 2232 358 2273 si
394 2248 461 2274 me
498 2249 631 2288 amas,
666 2234 916 2288 priusquam
956 2233 1255 2289 proficiscaris,
1294 2233 1421 2275 effice

83 2291 240 2346 Magna
270 2305 336 2331 me
367 2305 467 2332 cura
497 2292 662 2334 levaris.

1449 956 1469 986 Ν)

1448 1776 1469 1806 00
