1665 2553
286 79 623 114 EPISTULARUM
649 80 712 114 AD
740 79 953 114 ATTICUM
977 80 1028 114 VI
1053 84 1153 115 4-6.
1302 81 1383 122 179

51 174 220 231 ἡμέρας.
279 174 419 224 ΓΌσας
469 175 605 217 αὐτὸν
653 174 912 230 ἠνέγκαμεν,
970 177 1142 231 σφόδρα
1191 175 1384 218 δέδοικα·

50 232 121 275 καὶ
171 235 252 289 γὰρ
296 240 440 289 παρῆν
484 235 592 289 πρὸς
642 233 752 288 ἡμᾶς
800 236 1174 289 κατασκεψόμενος
1223 237 1299 277 καί
1344 251 1384 276 τι

51 293 208 347 σχεδὸν
241 291 432 342 ἐλπίσας·
482 292 703 345 ἀπογνοὺς
729 291 765 334 δ’
804 292 971 346 ἀλόγως
1002 292 1162 347 ἀπέστη
1197 293 1384 335 ἐπειπών

52 351 208 393 ςεἴκω·
252 352 469 405 αἰσχρόν
509 366 586 393 τοι
631 353 791 407 δηρόν
821 367 872 394 τε
903 350 1102 406 μένειν’
1135 377 1203 407 -,
1233 367 1383 406 meque

16 427 31 452 5
52 409 293 464 obiurgavit
329 412 469 450 vetere
500 410 723 464 proverbio
758 410 835 452 ‘vot
878 407 970 464 μὲν
1011 411 1262 465 διδόμενα
1300 411 1382 452 —⁷.

50 467 232 522 Reliqua
262 468 355 509 vide
387 471 440 522 et,
473 471 679 523 quantum
710 469 800 510 fieri
831 471 986 523 potest,
1017 469 1217 523 perspice.

139 525 228 568 Nos
279 526 357 568 etsi
406 541 593 568 annuum
636 530 802 581 tempus
851 542 983 581 prope
1033 528 1117 568 iam
1160 528 1383 569 emeritum

49 584 312 626 habebamus
345 585 457 640 (dies
489 585 601 626 enim
626 598 773 626 XXXIII
805 588 924 627 erant
955 585 1150 643 reliqui),
1183 586 1383 628 sollicitu-

52 643 146 684 dine
177 643 417 698 provinciae
455 647 596 686 tamen
627 645 693 685 vel
732 644 914 685 maxime
950 645 1214 699 urgebamur.
1277 644 1384 686 Cum

0 719 32 744 1ο
52 701 163 743 0111111
195 702 358 743 arderet
385 701 507 756 Syria
538 703 662 756 bello,
694 705 735 743 et
767 702 945 744 Bibulus
978 703 1023 744 in
1047 706 1167 744 tanto
1193 718 1382 745 maerore

51 774 126 802 suo
158 761 385 802 maximam
417 775 559 802 curam
590 761 690 802 belli
719 762 959 816 sustineret,
990 761 1041 802 ad
1071 776 1220 816 meque
1251 763 1383 817 legati

51 819 140 859 eius
174 822 215 860 et
252 823 450 873 quaestor
482 823 523 861 et
563 820 686 860 amici
726 820 814 861 eius
855 820 1019 861 litteras
1060 820 1296 875 mitterent,
1336 824 1383 862 ut

53 877 242 919 subsidio
274 878 477 933 venirem,
521 878 601 919 etsi
646 879 874 920 exercitum
911 879 1127 919 infirmum
1162 879 1383 934 habebam,

52 935 209 977 auxilia
241 950 339 977 sane
370 936 498 991 bona,
536 937 608 977 sed
639 952 686 978 ea
718 936 982 993 Galatarum,
1018 936 1273 992 Pisidarum,
1303 937 1384 991 Ly-

0 1011 31 1038 15
51 995 213 1035 ciorum
250 993 376 1050 (haec
413 996 525 1037 enim
563 998 661 1036 sunt
697 998 844 1036 nostra
880 994 1080 1051 robora),
1119 998 1259 1037 tamen
1292 1011 1383 1037 esse

53 1053 238 1094 officium
263 1068 403 1095 meum
427 1053 575 1108 putavi
601 1054 829 1095 exercitum
853 1054 1007 1095 habere
1027 1069 1154 1108 quam
1179 1069 1383 1108 proxume

50 1111 234 1166 hostem,
279 1112 416 1166 quoad
455 1112 560 1153 1111111
597 1127 788 1166 praeesse
825 1113 1065 1167 provinciae
1103 1127 1176 1166 per
1215 1116 1383 1154 senatus

52 1170 292 1211 consultum
323 1170 477 1212 liceret.
540 1169 637 1225 Sed,
676 1185 758 1225 quo
798 1185 875 1226 ego
913 1171 1096 1212 maxime
1136 1171 1384 1226 delectabar,

51 1228 230 1269 Bibulus
267 1229 472 1270 molestus
513 1229 619 1270 mihi
658 1244 745 1270 non
785 1232 892 1284 erat,
935 1230 983 1271 de
1025 1230 1221 1271 omnibus
1257 1230 1383 1271 rebus

0 1304 33 1329 20
53 1287 262 1328 scribebat
305 1287 357 1328 ad
402 1302 469 1328 me
511 1288 664 1341 potius.
738 1287 796 1328 Et
844 1288 950 1329 mihi
1000 1288 1252 1329 decessionis
1297 1288 1383 1329 dies

52 1347 299 1398 λεληθότως
331 1345 568 1399 obrepebat.
631 1345 711 1395 Qui
743 1361 836 1387 011111
867 1347 1099 1401 advenerit,
1138 1348 1243 1389 ἄλλο
1284 1349 1384 1402 πρό-

52 1406 206 1458 βλημα,
238 1417 362 1457 quem
393 1405 642 1460 praeficiam,
671 1405 755 1445 nisi
787 1403 942 1446 Caldus
975 1408 1173 1459 quaestor
1205 1406 1384 1459 venerit3

53 1461 102 1502 de
133 1476 216 1515 quo
249 1462 382 1503 adhuc
413 1463 521 1503 nihil
552 1463 655 1504 certi
684 1463 954 1504 habebamus.

142 1519 373 1574 Cupiebam
412 1521 647 1562 mehercule
690 1522 927 1577 longiorem
967 1522 1194 1576 epistulam
1237 1522 1385 1577 facere,

0 1596 34 1622 25
55 1578 127 1619 sed
156 1592 233 1620 1100
264 1581 353 1620 0131
384 1594 469 1632 103,
513 1579 562 1621 de
595 1595 677 1634 qua
715 1580 957 1634 scriberem,
998 1595 1073 1622 1100
1113 1581 1243 1621 iocari
1286 1595 1385 1634 prae

54 1651 151 1678 cura
183 1640 384 1690 poteram.
427 1636 600 1678 Valebis
632 1638 765 1693 igitur
791 1642 832 1679 et
862 1639 1025 1692 puellae
1059 1639 1236 1680 salutem
1253 1638 1386 1680 Ἀττι-

53 1696 220 1751 κωτάτῃ
253 1695 363 1736 dices
394 1699 647 1750 nostraeque
677 1696 820 1737 Piliae.

686 1811 757 1853 VI.

277 1890 350 1926 Ser.
379 1890 499 1926 Rhoda·
524 1892 604 1925 circ.
632 1891 693 1924 IV
715 1891 771 1925 Id.
799 1890 892 1925 Sext.
921 1903 953 1925 α.
982 1894 1052 1927 704.
1079 1894 1170 1936 (50).

4 1978 37 2003 30
479 1971 646 2007 CICERO
674 1971 846 2006 ATTICO
875 1973 970 2007 SAL.

143 2042 259 2098 Ego,
307 2043 405 2084 dum
447 2044 493 2084 in
534 2043 751 2098 provincia
795 2044 988 2085 omnibus
1034 2045 1159 2086 rebus
1198 2043 1386 2100 Appium

57 2115 178 2154 orno,
222 2101 361 2142 subito
403 2116 496 2143 sum
539 2103 674 2143 factus
714 2103 967 2143 accusatoris
1007 2103 1094 2143 eius
1117 2108 1254 2144 socer.
1318 2104 1387 2145 eId

58 2159 264 2213 quidem’,
294 2159 452 2214 inquis,
485 2161 546 2201 ‘di
580 2161 850 2215 adprobent!⁹
908 2161 975 2202 Ita
1005 2161 1132 2203 velim
1171 2164 1297 2216 teque
1328 2163 1387 2203 ita

58 2232 206 2272 cupere
237 2220 348 2259 certo
381 2218 476 2259 scio.
539 2217 630 2273 Sed,
662 2219 780 2260 crede
811 2219 928 2274 miln',
957 2219 1067 2260 nihil
1097 2219 1236 2261 minus
1267 2223 1387 2274 puta-

6 2291 39 2317 35
57 2291 147 2317 ram
180 2290 270 2330 egO,
301 2276 373 2330 qui
404 2276 453 2317 de
478 2276 539 2318 Ti.
565 2276 744 2331 Nerone,
778 2278 848 2332 qui
875 2292 1039 2319 1110011111
1065 2281 1218 2333 egerat,
1251 2282 1385 2320 certos

1108 2347 1175 2380 12*
