1665 2553
308 94 649 130 EPISTULARUM
674 96 737 129 AD
764 94 978 129 ATTICUM
1003 94 1089 129 XIH
1115 99 1169 138 25,
1197 99 1251 128 26.
1360 94 1446 134 413

108 190 290 231 Brutum
331 193 614 245 transeamus3
658 193 721 231 est
762 191 873 231 enim
911 190 947 231 is
981 204 1148 243 quoque
1180 188 1444 230 Antiocliius.

109 248 142 289 O
184 247 455 290 Academiam
495 249 721 290 volaticam
760 252 801 290 et
839 249 904 290 sui
944 248 1142 289 similem!
1188 248 1310 288 modo
1352 248 1446 302 huc,

107 307 231 348 modo
263 308 374 348 illuc.
438 308 536 363 Sed,
575 322 743 362 quaeso,
782 307 964 362 epistula
1003 322 1096 348 mea
1128 306 1178 347 ad
1210 306 1446 347 Varronem

108 366 279 407 valdene
317 366 398 407 tibi
435 367 623 420 placuit?
674 366 783 407 Male
821 366 879 407 mi
918 366 993 421 sit,
1030 366 1066 407 si
1099 380 1297 419 umquam
1332 365 1445 418 quic-

74 440 236 478 5quam
274 428 362 465 tam
403 426 548 466 enitar.
618 425 735 480 Ergo
779 440 831 466 ne
875 424 1021 465 Tironi
1066 424 1234 478 quidem
1279 423 1446 476 dictavi7

108 484 181 537 qui
212 486 326 524 totas
358 485 563 539 περιοχὰς
588 484 784 538 persequi
812 483 932 537 solet,
965 484 1037 524 sed
1064 481 1294 536 Spintharo
1322 482 1446 536 sylla-

108 542 254 583 batim.

702 658 855 699 XXVI.

302 739 375 774 Ser.
397 739 438 772 in
467 739 672 773 Tusculano
692 739 791 782 prid.
812 740 869 773 Icl.
892 738 987 773 Mai.
1009 750 1041 772 α.
1067 741 1138 773 709
1165 740 1254 781 (45).

55 829 87 853 10
510 820 700 855 CICERO
725 820 915 854 ATTICO
940 819 1048 854 SAL.

196 892 259 933 De
277 892 443 947 Vergili
475 895 594 946 parte
626 892 745 933 valde
774 892 922 946 probo.
972 891 1040 932 Sic
1067 905 1164 945 ages
1191 891 1336 945 igitur.
1386 891 1445 931 Et
1473 903 1490 933 1

110 951 277 1005 quidem
315 951 357 991 id
395 951 474 991 erit
511 951 711 1005 primum,
756 950 998 1004 proximum
1037 948 1217 991 Clodiae.
1286 949 1445 998 Quodsi

107 1014 318 1065 neutrum,
349 1013 505 1063 metuo,
536 1024 589 1050 110
615 1010 781 1050 turbem
807 1012 848 1050 et
873 1009 1040 1049 inruam
1067 1009 1112 1048 in
1136 1008 1335 1048 Drusum.
1380 1007 1446 1048 In·
1510 1037 1517 1039 -

108 1072 349 1122 temperans
394 1083 487 1108 sum
530 1069 574 1108 in
617 1068 706 1108 eius
750 1068 811 1108 rei
854 1067 1102 1122 cupiditate,
1146 1082 1273 1120 quam
1318 1067 1444 1107 nosti.

57 1145 89 1170 15
109 1127 258 1181 Itaque
308 1127 502 1167 revolvor
545 1127 775 1167 identidem
818 1127 863 1167 in
906 1126 1199 1167 Tusculanum.
1270 1124 1445 1174 Quidvis

110 1186 221 1227 enim
252 1185 407 1239 potius,
440 1200 566 1239 quam
598 1188 646 1225 ut
676 1200 764 1226 non
793 1185 872 1226 hac
905 1187 1065 1226 aestate
1098 1184 1355 1225 absolvatur.

196 1244 303 1299 Ego,
336 1247 382 1284 ut
414 1246 579 1297 tempus
612 1246 676 1284 est
700 1246 906 1297 nostrum,
939 1244 1079 1284 locum
1104 1243 1240 1283 habeo
1266 1242 1445 1297 nullum,
1471 1255 1490 1282 2

109 1303 183 1344 ubi
214 1303 379 1343 facilius
406 1317 495 1343 esse
521 1303 679 1356 possim
712 1317 838 1356 quam
863 1301 1058 1343 Asturae.
1109 1300 1201 1354 Sed,
1234 1302 1345 1355 quia⁷
1372 1301 1445 1355 qui

110 1376 274 1402 mecum
300 1364 409 1414 sunt,
435 1361 569 1416 credo,
596 1361 708 1415 quod
733 1361 991 1401 maestitiam
1017 1374 1153 1401 meam
1177 1374 1264 1400 non
1290 1360 1446 1414 ferunt,

58 1438 91 1463 ρο
111 1421 282 1460 domum
313 1423 558 1474 properant,
597 1420 677 1460 etsi
707 1423 900 1474 poteram
932 1433 1164 1471 remanere⁷
1202 1421 1356 1472 tamen,
1397 1421 1445 1458 ut

112 1478 260 1532 scripsi
291 1478 390 1532 tibi7
427 1478 668 1531 proficiscar
697 1478 808 1532 hinc,
847 1493 898 1518 110
930 1478 1105 1518 relictus
1136 1477 1289 1518 videar.
1352 1476 1443 1524 Quo

112 1537 279 1577 autem?
328 1535 518 1577 Lanuvio
551 1551 679 1577 conor
712 1537 903 1590 equidem
935 1536 980 1576 in
1010 1535 1306 1576 Tusculanum.
1364 1534 1445 1576 Sed

112 1595 263 1636 faciam
311 1597 353 1635 te
403 1595 548 1634 statim
599 1595 830 1635 certiorem.
908 1594 972 1634 Tu
1020 1594 1186 1634 litteras
1237 1593 1444 1634 conficies.

111 1654 319 1708 Equidem
365 1653 561 1694 credibile
601 1667 689 1693 nou
731 1656 796 1694 est
840 1655 1046 1706 quantum
1091 1652 1288 1705 scribam,
1341 1652 1444 1705 quin

60 1730 92 1755 25
112 1713 241 1754 etiam
271 1712 479 1752 noctibus.
540 1711 661 1752 Nihil
692 1712 803 1752 enim
836 1711 983 1752 somni.
1032 1710 1137 1750 Heri
1169 1711 1296 1751 etiam
1329 1710 1445 1750 effeci

113 1771 339 1824 epistulam
383 1770 435 1810 ad
479 1768 715 1823 Caesarem3
758 1770 839 1810 tibi
883 1769 994 1809 enim
1037 1769 1240 1822 placebat.
1310 1767 1445 1816 Quam

111 1844 197 1870 non
228 1829 310 1869 fuit
341 1829 498 1869 malum
531 1828 669 1882 scribi,
702 1829 737 1868 si
768 1829 878 1868 forte
911 1841 1016 1880 opus
1049 1841 1139 1867 esse
1170 1830 1358 1880 putares3
1397 1829 1445 1866 ut

114 1888 282 1941 quidem
311 1902 421 1928 nunc
453 1890 528 1939 est,
559 1886 667 1927 nihil
699 1901 796 1927 sane
828 1889 889 1927 est
920 1899 1091 1926 necesse
1121 1885 1300 1926 mittere.
1364 1884 1446 1925 Sed

113 1946 156 1986 id
199 1945 385 2000 quidem,
428 1949 476 1985 ut
518 1945 598 1985 tibi
642 1945 864 1985 videbitur.
926 1944 1098 1984 Mittam
1135 1946 1278 1984 tamen
1316 1943 1367 1984 ad
1403 1945 1446 1983 te

61 2022 95 2047 30
115 2003 351 2057 exemplum
391 2004 572 2044 fortasse
609 2003 817 2057 Lanuvio,
855 2002 937 2043 nisi
974 2002 1085 2043 forte
1122 2001 1311 2042 Romam.
1364 2000 1447 2042 Sed

115 2077 205 2103 cras
239 2076 355 2103 scies.
