1665 2553
339 97 680 133 EPISTULARUM
704 97 768 131 AD
794 96 1010 132 ATTICUM
1034 96 1120 131 XIII
1145 99 1295 131 28-31.
1393 97 1477 137 417

140 195 257 236 illius
282 194 480 249 periculis
506 208 592 235 non
617 193 816 235 moveris!
858 192 926 233 Me
953 206 1121 246 quoque
1147 195 1327 233 accusat.
1371 192 1480 233 Eam

141 253 223 295 tibi
255 253 491 307 epistulam,
521 253 607 294 nisi
637 251 662 277 ²³²
687 251 711 277 ’³‘
736 251 771 306 ³¹⁶,
803 251 1024 292 misissem.
1087 249 1199 291 Nam
1231 251 1348 291 iHam
1381 252 1480 292 alte-

141 327 232 353 ram
267 313 317 353 de
348 312 474 353 rebus
506 311 637 366 gestis
670 310 815 352 eodem
848 310 1039 363 exemplo
1072 311 1188 363 puto.
1250 309 1301 350 In
1333 308 1482 350 Cuma-

140 385 242 412 num
279 370 404 412 hodie
435 370 533 411 misi
564 369 844 410 tabellarium.
907 368 961 409 Ei
994 368 1088 409 dedi
1120 371 1216 410 tuas
1249 368 1301 409 ad
1333 368 1482 409 Vesto-
1507 379 1546 410 (2)

107 446 123 472 5
143 433 265 485 rium,
299 444 403 484 quas
435 428 643 470 Pharnaci
675 428 858 469 dederas.

748 555 878 597 XXX.

201 639 275 674 Ser.
297 639 338 673 in
368 637 573 672 Tusculano
605 637 640 670 V
662 637 710 671 K.
732 637 816 670 Iun.
833 640 916 680 post
940 648 990 680 ep.
1014 636 1163 670 XXXI
1182 648 1215 670 a.
1237 638 1310 671 709
1336 639 1426 680 (45).

546 717 736 753 CICERO
762 717 953 754 ATTICO
979 717 1086 752 SAL.

232 790 511 833 Commodum
555 790 608 831 ad
646 792 689 830 te
727 790 924 830 miseram
960 788 1163 843 Demean,
1202 805 1331 844 quom
1369 790 1481 832 Eros
1509 802 1527 831 1
1550 801 1648 833 (XXX

91 869 124 893 10
144 851 195 892 ad
238 866 305 891 me
344 850 471 891 venit.
541 847 622 889 Sed
663 848 708 889 in
753 849 841 889 eius
883 848 1063 902 epistula
1102 848 1211 889 nihil
1253 852 1342 890 erat
1381 849 1484 890 novi

143 910 226 951 nisi
265 909 502 950 auctionem
539 907 727 948 biduum.
789 906 857 947 Ab
891 922 938 947 ea
968 907 1118 962 igitur,
1155 910 1203 948 ut
1236 907 1402 962 scribis,
1441 910 1483 948 et

143 968 271 1010 velim
303 968 493 1009 confecto
522 966 695 1020 negotio
722 964 975 1020 Faberian03
1008 980 1133 1019 quem
1158 966 1327 1020 quidem
1352 969 1481 1020 negat

143 1027 254 1068 Eros
300 1026 444 1079 hodie,
491 1039 581 1066 cras
628 1038 750 1065 mane
790 1026 925 1078 putat.
996 1025 1039 1065 A
1078 1027 1121 1066 te
1161 1025 1359 1065 colendus
1401 1027 1483 1080 est3
1512 1035 1521 1038 ”

144 1086 250 1127 istae
282 1088 424 1126 autem
448 1088 668 1126 κολακεῖαι
699 1097 786 1124 11011
810 1082 937 1137 longe
968 1083 1125 1157 absunt
1151 1098 1174 1124 a
1206 1083 1370 1124 scelere.
1416 1084 1482 1134 Te,

91 1162 124 1187 15
145 1147 191 1185 ut
225 1158 361 1199 spero,
391 1143 599 1197 perendie.

230 1202 304 1256 Mi,
331 1201 501 1244 sicunde
526 1203 660 1255 potes,
693 1214 824 1253 erues,
852 1200 925 1253 qui
951 1200 1091 1240 decem
1117 1200 1248 1255 legati
1273 1199 1480 1241 Mummio
1508 1213 1527 1242 2
1554 1213 1592 1244 (3)

142 1261 313 1302 fuerint.
361 1260 566 1314 Polybius
591 1273 676 1300 non
702 1259 905 1299 nominat.
955 1258 1051 1313 Ego
1077 1259 1249 1300 memini
1275 1258 1482 1300 Albinum

144 1320 405 1361 consularem
437 1322 479 1360 et
512 1318 580 1373 Sp.
606 1317 878 1371 Mummium,
920 1317 1064 1358 videor
1096 1317 1262 1358 audisse
1294 1332 1344 1359 ex
1375 1317 1483 1359 Hor-

143 1379 280 1420 tensio
313 1378 581 1419 Tuditanum.
645 1375 726 1417 Sed
763 1376 808 1416 in
839 1374 1016 1417 Libonis
1055 1376 1197 1417 annali
1228 1388 1329 1417 XIIII
1360 1377 1481 1417 annis

93 1456 126 1480 20
146 1440 244 1492 post
276 1439 447 1491 praetor
480 1438 543 1477 est
574 1436 711 1475 factus
743 1434 979 1475 Tuditanus
1012 1449 1138 1488 quam
1170 1435 1318 1476 consul
1347 1434 1482 1475 Mum-

144 1496 266 1536 mius.
336 1494 435 1536 Non
476 1508 574 1535 sane
617 1493 805 1546 quadrat.
867 1492 977 1533 Volo
1020 1493 1203 1547 aliquem
1243 1492 1483 1547 †Olympia

146 1557 217 1595 aut
258 1553 333 1594 ubi
372 1554 511 1594 visum
550 1552 776 1593 πολιτικὸν
815 1551 1035 1604 σύλλογον
1071 1566 1187 1593 more
1224 1551 1483 1606 DiCaearchi,

144 1612 365 1654 familiaris
397 1611 472 1652 tui.

740 1723 892 1766 XXXI.

94 1818 126 1843 25
241 1809 315 1845 Ser.
336 1810 376 1843 in
407 1808 612 1843 Tusculano
638 1806 756 1840 eodem
771 1805 933 1896 Οᾱὲὶεᾶαὲ)
958 1816 1008 1849 ep.
1031 1805 1154 1839 XXX
1172 1806 1287 1851 paulo
1313 1810 1396 1842 ante

693 1864 724 1886 α.
747 1855 769 1886 '7
887 1855 909 1886 5
929 1879 935 1885 .

550 1933 739 1969 CICERO
765 1933 956 1968 ATTICO
981 1933 1089 1969 SAL.

238 2021 267 2049 V
298 2008 391 2049 Kal.
417 2021 538 2048 mane
571 2006 712 2060 accepi
744 2021 767 2046 a
798 2005 957 2046 Demea
987 2005 1153 2046 litteras
1186 2006 1320 2059 pridie
1352 2005 1485 2061 datas,
1512 2017 1529 2048 1

150 2081 199 2108 ex
237 2067 392 2120 quibus
431 2068 504 2106 aut
541 2065 665 2105 hodie
704 2067 777 2105 aut
818 2078 908 2105 cras
941 2067 1181 2117 exspectare
1214 2068 1249 2105 te
1279 2064 1483 2106 deberem.

97 2144 131 2169 30
152 2125 249 2179 Sed,
286 2128 334 2165 ut
367 2124 534 2179 opinor,
571 2123 682 2164 idem
714 2136 809 2177 ego,
849 2122 921 2175 qui
954 2125 1149 2176 exspecto
1182 2125 1304 2163 tuum
1335 2123 1484 2164 adven-

150 2187 259 2237 tum,
302 2183 501 2223 morabor
544 2184 596 2222 te.
667 2180 768 2222 Non
810 2181 923 2221 enim
968 2184 1071 2234 puto
1113 2183 1203 2221 tam
1243 2181 1485 2235 expeditum

149 2242 430 2282 Faberianum
468 2240 688 2295 negotium
727 2240 936 2293 futurum,
977 2239 1143 2279 etiamsi
1181 2242 1243 2280 est
1280 2240 1485 2295 futurum,

149 2303 197 2341 ut
242 2314 324 2342 non
368 2299 523 2339 habeat
569 2298 727 2352 aliquid
767 2311 919 2338 morae.
992 2296 1099 2338 Cum
1138 2298 1298 2351 poteris
1339 2298 1483 2354 igitur.

221 2375 280 2401 cic.
300 2375 387 2406 epist.
405 2375 444 2399 Π.
1228 2369 1270 2400 27
