1665 2553
170 2301 191 2332 5

204 87 290 128 384
628 84 676 118 M.
704 83 846 118 TULLI
871 81 1123 117 CICERONIS

205 197 329 237 scam,
349 184 399 222 ut
424 181 511 222 tuis
537 180 724 222 librariis
752 180 880 220 daret.
921 177 1033 219 Volo
1060 177 1172 218 enim
1197 191 1294 218 eum
1319 176 1548 232 divulgari3

205 241 320 296 quod
352 254 435 294 quo
467 240 634 280 facilius
667 239 753 292 fiat,
785 237 1013 291 imperabis
1047 237 1144 277 tuis.

294 298 686 354 Συμβουλευτικὸυ
716 311 839 350 saepe
866 310 1005 336 conor.
1056 294 1178 335 Nihil
1202 294 1365 348 reperio
1392 296 1434 335 et
1459 294 1549 348 qui-

205 359 298 400 dem
339 372 504 399 mecum
536 357 672 398 habeo
705 358 747 396 et
774 354 1101 409 Ἀριστοτέλους
1133 356 1175 394 et
1209 354 1471 407 Θεοπόμπου
1501 352 1550 392 li-

207 418 299 460 bros
328 417 438 471 πρὸς
457 415 758 468 Ἀλέξανὸρον.
810 413 890 455 Sed
923 413 1024 467 quid
1056 412 1221 453 simile?
1262 411 1343 465 Illi,
1375 414 1418 452 et
1443 425 1550 464 quae
1587 428 1603 453 5

206 476 310 530 ipsis
354 475 533 516 honesta
578 476 737 528 essent,
781 472 1021 513 scribebant
1059 474 1100 512 et
1138 474 1260 526 grata
1296 469 1549 511 Alexandro.

205 534 374 588 Ecquid
411 537 459 574 tu
498 533 587 574 eius
624 532 740 573 modi
777 531 964 585 reperis?
1020 529 1129 572 Mihi
1167 529 1336 583 quidem
1366 528 1476 570 nihil
1505 528 1552 569 in

206 597 392 635 mentem
435 592 584 632 venit..
625 591 747 639 Quod
785 590 934 631 scribis
971 592 1015 630 te
1051 589 1203 644 vereri,
1244 602 1298 629 ne
1335 590 1376 628 et
1414 587 1552 642 gratia

207 655 249 693 et
282 651 513 693 auctoritas
545 653 694 691 nostra
724 649 806 690 hoc
837 663 929 690 meo
963 662 1152 689 maerore
1184 647 1419 700 minuatur,
1460 659 1551 700 ego,

209 711 310 765 quid
340 710 534 751 homines
569 712 642 750 aut
674 708 985 762 reprehendant
1018 709 1090 748 aut
1121 706 1360 761 postulent,
1396 705 1550 746 nescio.
1571 722 1604 746 ιο

207 768 274 811 Ne
307 768 500 809 doleam?
553 768 634 817 Qui
665 768 836 822 potest?
886 766 952 807 Ne
984 765 1170 806 iaceam?
1221 764 1324 813 Quis
1349 778 1552 818 umquam

208 828 378 870 minus?
433 826 549 868 Dum
586 829 661 867 tua
698 841 764 867 me
798 826 947 867 domus
980 824 1168 879 levabat,
1206 824 1300 878 quis
1333 837 1357 864 a
1387 837 1454 863 me
1486 837 1553 863 ex-

209 887 379 928 clusus?
430 886 525 940 quis
562 885 697 940 venit,
736 885 809 939 qui
848 884 1106 925 offenderet?
1155 882 1361 923 Asturam
1399 896 1492 922 sum
1530 895 1553 922 a

209 949 251 987 te
282 946 508 1000 profectus.
570 943 729 998 Legere
760 943 834 984 isti
865 943 984 997 laeti7
1027 942 1100 996 qui
1130 956 1197 982 me
1228 940 1554 995 reprehendunt,

209 1008 297 1045 tam
321 1004 457 1045 multa
481 1017 568 1044 non
594 1005 787 1057 possunt,
814 1017 941 1056 quam
966 1015 1044 1056 ego
1072 1000 1232 1055 scripsi.
1279 999 1414 1049 Quam
1436 999 1553 1052 bene,
1574 1015 1606 1041 15

210 1063 319 1104 nihil
350 1063 401 1103 ad
431 1077 538 1117 rem,
575 1062 648 1102 sed
679 1075 812 1116 genus
845 1060 1057 1101 scribendi
1087 1059 1130 1100 id
1160 1060 1254 1113 fuit,
1286 1058 1401 1112 quod
1429 1071 1552 1099 nemo

212 1122 375 1163 abiecto
415 1121 556 1161 animo
596 1121 731 1161 facere
770 1123 926 1174 posset.
989 1119 1184 1173 Triginta
1222 1118 1309 1158 dies
1341 1117 1387 1158 in
1416 1116 1554 1157 hortis

210 1181 311 1222 fut·
347 1179 451 1229 Quis
491 1182 563 1219 aut
605 1192 880 1233 congressum
912 1192 1052 1218 meum
1084 1180 1157 1218 aut
1188 1176 1439 1217 facilitatem
1472 1189 1555 1216 ser-

211 1239 350 1280 monis
394 1237 676 1278 desideravit?
726 1236 852 1277 Nunc
892 1237 1032 1289 ipsum
1070 1250 1118 1276 ea
1157 1235 1272 1289 lego,
1315 1249 1362 1275 ea
1400 1234 1553 1288 scribo,

211 1300 260 1338 ut
296 1298 341 1351 ii,
378 1297 451 1350 qui
490 1311 655 1337 mecum
688 1298 805 1351 sunt,
844 1295 1057 1335 difficilius
1090 1294 1225 1335 otium
1256 1293 1395 1333 ferant
1428 1307 1554 1347 quam
1574 1310 1608 1334 20

214 1370 292 1410 ego
330 1355 531 1396 laborem.
594 1354 639 1396 Si
677 1354 772 1408 quis
810 1354 1007 1409 requirit,
1045 1367 1117 1393 cur
1148 1352 1307 1393 Romae
1338 1366 1426 1392 non
1458 1351 1554 1392 sim:

215 1415 313 1468 quia
345 1414 553 1455 discessus
585 1415 666 1467 est3
699 1428 772 1453 cur
801 1426 888 1453 non
921 1413 1000 1452 sim
1030 1412 1075 1452 in
1101 1411 1160 1452 eis
1185 1411 1290 1451 meis
1317 1409 1557 1465 praediolis,

215 1488 321 1527 quae
354 1475 453 1513 sunt
484 1472 611 1513 huius
641 1471 863 1525 temporis:
896 1471 994 1524 quia
1020 1470 1303 1524 frequentiam
1327 1469 1445 1510 illam
1470 1483 1557 1509 non

213 1532 336 1573 facile
361 1532 523 1572 ferrem.
571 1530 639 1571 Ibi
665 1545 759 1571 sum
783 1530 928 1584 igitur,
947 1529 1022 1570 ubi
1047 1530 1097 1585 is,
1123 1529 1196 1583 qui
1222 1528 1405 1582 optimas
1430 1527 1555 1568 Baias

213 1590 419 1645 habebat,
469 1590 698 1644 quotannis
748 1589 828 1629 hoc
878 1592 1046 1642 tempus
1090 1601 1335 1629 consumere
1380 1586 1554 1627 solebat.
1576 1602 1608 1628 25

216 1648 323 1690 Cum
354 1647 535 1689 Romam
567 1662 733 1703 venero,
763 1662 839 1688 nec
870 1647 993 1688 vultu
1017 1661 1093 1687 nec
1120 1646 1310 1687 oratione
1336 1644 1555 1699 reprehen-

216 1708 300 1749 dar.
351 1707 626 1748 Hilaritatem
658 1707 788 1761 issam,
821 1721 903 1760 qua
935 1706 1043 1746 lianc
1067 1705 1292 1746 tristitiam
1316 1706 1555 1757 temporum

215 1766 529 1820 condiebamus7
560 1766 605 1806 in
636 1768 889 1819 perpetuum
921 1764 1056 1818 amisi,
1087 1762 1327 1805 constantia
1359 1765 1400 1803 et
1427 1762 1556 1802 firmi-

215 1828 281 1866 tas
312 1839 389 1866 nec
420 1825 550 1865 animi
580 1839 657 1865 nec
690 1824 896 1864 orationis
928 1824 1177 1876 requiretur.

303 1883 366 1924 De
397 1883 535 1924 hortis
563 1882 810 1936 Scapulanis
842 1882 924 1923 hoc
949 1882 1114 1923 videtur
1141 1881 1249 1922 effici
1274 1894 1412 1934 posse,
1443 1879 1557 1919 aliud
1577 1896 1610 1921 30

216 1945 289 1982 tua
327 1942 483 1997 gratia,
520 1942 635 1982 aliud
664 1944 830 1994 nostra,
867 1943 915 1980 ut
947 1940 1143 1994 praeconi
1175 1939 1449 1980 subiciantur.
1510 1936 1557 1978 Id

214 2001 299 2041 nisi
329 2001 396 2054 fit,
435 2000 713 2042 excludemur.
777 1998 852 2040 Sin
883 1999 934 2039 ad
965 1999 1157 2039 tabulam
1186 1998 1392 2051 venimus,
1423 1996 1558 2038 vince-

215 2073 310 2099 mus
342 2059 567 2100 facultates
600 2058 782 2099 Othonis
814 2060 963 2098 nostra
994 2057 1234 2111 cupiditate.
1290 2055 1414 2108 Nam,
1447 2054 1558 2108 quod

217 2117 267 2157 ad
304 2131 370 2157 me
412 2118 461 2158 de
492 2116 673 2158 Lentulo
708 2117 876 2171 scribis,
915 2130 1002 2157 non
1034 2118 1097 2157 est
1128 2116 1173 2156 in
1204 2129 1263 2156 eo.
1326 2113 1558 2154 Faberiana

216 2175 341 2216 modo
378 2190 445 2216 res
485 2179 597 2216 certa
630 2176 705 2229 sit,
748 2179 879 2229 tuque
911 2175 1088 2229 enitare,
1134 2173 1247 2228 quod
1277 2173 1400 2227 facis,
1445 2170 1557 2226 quod
1576 2187 1609 2213 35

217 2233 423 2287 volumus,
456 2248 771 2288 consequemur.

308 2291 428 2340 Quod
455 2293 635 2348 quaeris,
665 2307 791 2346 quam
818 2292 888 2332 diu
914 2291 999 2332 hic:
1032 2304 1188 2345 paucos
1215 2290 1315 2331 dies.
1367 2288 1448 2330 Sed
1474 2302 1559 2329 cer-
