1665 2553
166 480 181 509 1

168 1824 187 1854 N>

206 80 293 120 414
633 79 680 113 M.
708 78 848 112 TULLI
873 77 1121 113 CICERONIS

787 230 963 272 XXVII.

404 312 478 348 Ser.
500 314 540 346 in
570 313 775 347 Tusculano
807 312 912 346 VIII
932 312 979 346 K.
1001 313 1085 346 Iun.
1107 323 1139 346 a.
1162 314 1233 346 709
1261 314 1349 355 (45).

608 393 798 428 CICERO
822 394 1014 428 ATTICO
1039 393 1145 428 SAL.

297 466 360 506 De
392 465 572 519 epistula
603 465 655 506 ad
681 464 902 507 Caesarem
932 466 1054 506 nobis
1087 479 1185 506 vero
1213 479 1377 519 semper
1401 465 1544 506 rectis-

210 525 312 565 sime
344 524 516 579 placuit,
547 527 595 565 ut
628 525 700 565 isti
733 528 829 565 ante
855 525 1053 579 legerent.
1097 523 1235 564 Aliter
1261 523 1372 564 enim
1397 524 1544 564 fuisse-
1581 540 1597 566 5

209 598 303 624 mus
336 586 377 624 et
409 583 454 623 in
484 582 563 624 hos
586 583 820 629 ‚inofficiosi
852 586 893 623 et
924 583 969 623 in
998 585 1164 624 nosmet
1196 583 1324 636 ipsos,
1357 582 1393 623 si
1424 582 1545 623 illum

211 641 411 682 offensuri
437 642 606 696 fuimus,
638 657 770 695 paene
795 642 1032 695 periculosi.
1075 641 1154 682 Isti
1179 644 1320 681 autem
1346 641 1543 695 ingenue3

210 700 399 754 mihique
425 704 605 754 gratum,
638 701 762 756 quod,
794 700 895 754 quid
922 700 1138 753 sentirent,
1162 714 1247 740 non
1273 699 1544 752 reticuerunt,

210 759 316 800 illud
353 773 452 799 vero
484 759 550 799 vel
584 759 760 814 optime,
798 759 909 813 quod
940 759 1000 800 ita
1031 759 1165 799 multa
1196 758 1351 799 mutari
1383 758 1545 812 volunt,

210 821 258 858 ut
294 817 399 858 mihi
439 817 487 858 de
526 819 692 872 integro
732 818 942 859 scribendi
981 831 1102 858 causa
1142 831 1228 857 non
1260 817 1328 857 sit.
1394 816 1543 864 Quam-
1564 833 1597 857 10

211 891 337 930 quam
369 875 417 916 de
448 875 648 917 Parthico
678 877 790 917 bello
818 876 918 930 quid
945 879 1132 929 spectare
1158 875 1294 930 debui,
1324 875 1407 915 nisi
1433 875 1544 929 quod

211 935 332 975 illum
363 935 470 975 velle
503 935 768 976 arbitrabar?
819 935 938 983 Quod
970 935 1081 975 enim
1110 934 1223 975 aliud
1249 936 1545 988 argumentum

212 993 418 1047 epistulae
448 996 620 1034 nostrae
650 994 733 1034 nisi
764 996 965 1035 κολακεία
997 993 1108 1034 fuit?
1157 992 1242 1044 An,
1281 993 1315 1033 si
1348 1007 1407 1047 ea,
1440 1007 1545 1046 quae

213 1052 373 1105 optima
410 1054 621 1107 putarem,
665 1052 837 1093 suadere
875 1052 1120 1106 voluissem,
1165 1051 1299 1092 oratio
1337 1051 1443 1091 mihi
1481 1050 1546 1091 de-

211 1110 390 1151 fuisset?
436 1110 556 1151 Totis
588 1111 721 1165 igitur
751 1111 907 1151 litteris
933 1110 1041 1151 nihil
1068 1125 1172 1163 opus
1200 1112 1273 1150 est.
1324 1108 1409 1150 Ubi
1435 1109 1546 1150 enim
1566 1125 1598 1151 15

213 1169 446 1223 ἐπίτευγμα
477 1183 677 1224 magnum
707 1169 872 1210 nullum
903 1170 994 1209 fieri
1025 1169 1174 1223 possit,
1206 1168 1455 1221 ἀπότευγμα
1479 1167 1545 1208 vel

211 1242 297 1268 non
340 1241 542 1281 magnum
585 1228 811 1268 molestum
853 1228 1044 1268 futurum
1085 1227 1158 1280 sit,
1200 1226 1300 1279 quid
1338 1241 1443 1280 opus
1482 1229 1545 1266 est

212 1286 635 1339 παρακινδυνεύεινῖ)
666 1286 914 1339 praesertim
941 1300 1032 1326 cum
1060 1285 1165 1326 illud
1192 1287 1394 1335 occurrat,
1413 1284 1545 1337 illum,

215 1360 309 1385 cum
336 1346 458 1385 antea
482 1344 590 1385 nihil
617 1345 866 1398 scripserim,
887 1344 1228 1385 existimaturum
1252 1358 1319 1384 me
1344 1343 1426 1383 nisi
1451 1346 1544 1383 toto

213 1403 324 1443 bello
364 1403 553 1443 confecto
591 1403 699 1443 nihil
738 1404 994 1457 scripturum
1031 1403 1171 1443 fuisse.
1239 1400 1382 1455 Atque
1420 1402 1546 1442 etiam
1566 1418 1599 1442 20

214 1475 377 1515 vereor,
413 1475 466 1502 ne
502 1464 622 1515 putet
654 1476 720 1502 me
751 1462 830 1502 hoc
863 1462 983 1515 quasi
1015 1461 1189 1502 Catonis
1222 1463 1425 1514 μείλιγμα
1457 1474 1546 1501 esse

213 1520 409 1561 voluisse.
484 1519 593 1568 Quid
636 1520 830 1573 quaeris?
892 1520 1010 1560 valde
1054 1534 1120 1560 me
1163 1518 1422 1573 paenitebat,
1470 1532 1546 1559 nec

214 1578 319 1619 mihi
350 1579 396 1618 in
425 1578 503 1619 hac
536 1579 703 1632 quidem
735 1593 779 1619 re
812 1579 1036 1632 quicquam
1068 1577 1202 1630 magis
1233 1580 1281 1618 ut
1310 1577 1459 1618 vellem
1485 1591 1546 1617 ac-

215 1637 349 1677 cidere
380 1637 534 1690 potuit,
567 1652 693 1691 quam
726 1638 837 1691 quod
870 1638 1037 1690 σπουδὴ
1069 1639 1214 1677 nostra
1244 1650 1331 1676 non
1364 1638 1428 1676 est
1453 1649 1546 1688 pro-

214 1696 324 1736 bata.
382 1695 668 1736 lucidissimus
702 1697 829 1737 etiam
863 1696 907 1736 in
938 1696 1047 1748 illos,
1078 1695 1123 1735 in
1155 1695 1212 1735 eis
1244 1695 1288 1735 in
1320 1696 1547 1748 cognatum
1566 1709 1598 1735 25

215 1757 347 1794 tuum.

304 1812 384 1853 Sed
424 1813 546 1853 redeo
585 1812 636 1853 ad
673 1812 832 1853 hortos.
895 1811 1022 1852 Plane
1061 1812 1161 1852 illuc
1192 1814 1234 1851 te
1266 1811 1325 1850 ire
1357 1809 1439 1850 nisi
1471 1812 1545 1850 tuo

215 1885 367 1925 magno
412 1871 631 1912 commodo
675 1871 792 1925 nolo3
835 1870 943 1910 nihil
988 1870 1098 1910 enim
1140 1871 1272 1923 urget.
1341 1868 1547 1922 Quicquid

216 1930 307 1982 erit,
341 1944 506 1983 operam
541 1930 585 1970 in
610 1929 787 1970 Faberio
821 1943 1036 1982 ponamus.
1092 1927 1156 1968 De
1188 1928 1252 1968 die
1284 1929 1426 1967 tamen
1457 1941 1548 1967 auc-

215 1988 363 2041 tionis,
408 1989 444 2028 si
482 1988 581 2041 quid
619 1989 733 2028 scies.
795 1987 925 2041 Eum,
969 1987 1040 2040 qui
1079 2001 1100 2027 e
1138 1985 1326 2027 Cumano
1365 1987 1546 2039 venerat,
1567 2002 1600 2026 30

217 2046 328 2099 quod
360 2049 401 2087 et
433 2046 556 2099 plane
587 2047 726 2087 valere
758 2045 944 2086 Atticam
976 2045 1202 2085 nuntiabat
1233 2046 1275 2084 et
1306 2043 1470 2084 litteras
1505 2057 1548 2084 se

215 2104 369 2145 habere
401 2105 551 2159 aiebat,
586 2105 729 2145 statim
762 2104 813 2144 acl
844 2106 886 2144 te
918 2103 1025 2143 misi.
