<?xml version="1.0" encoding="UTF-8"?>
<!DOCTYPE html PUBLIC "-//W3C//DTD XHTML 1.0 Transitional//EN"
    "http://www.w3.org/TR/xhtml1/DTD/xhtml1-transitional.dtd">
<html xmlns="http://www.w3.org/1999/xhtml" xml:lang="en" lang="en">
 <head>
  <title>
</title>
<meta http-equiv="Content-Type" content="text/html;charset=utf-8" />
  <meta name='ocr-system' content='tesseract 3.04.00' />
  <meta name='ocr-capabilities' content='ocr_page ocr_carea ocr_par ocr_line ocrx_word'/>
</head>
<body>
  <div class='ocr_page' id='page_1' title='image "./p2scriptaquaemanse03ciceuoft_0257.png"; bbox 0 0 1665 2553; ppageno 0'>
   <div class='ocr_carea' id='block_1_1' title="bbox 342 104 1443 150">
    <p class='ocr_par' dir='ltr' id='par_1_1' title="bbox 342 104 1443 150">
     <span class='ocr_line' id='line_1_1' title="bbox 342 104 1443 150; baseline 0.002 -12"><span class='ocrx_word' id='word_1_1' title='bbox 342 104 682 139; x_wconf 85' lang='lat' dir='ltr'><strong>EPISTULARUM</strong></span> <span class='ocrx_word' id='word_1_2' title='bbox 706 105 771 139; x_wconf 90' lang='lat' dir='ltr'>AD</span> <span class='ocrx_word' id='word_1_3' title='bbox 798 105 1013 140; x_wconf 85' lang='lat' dir='ltr'><strong>ATTICUM</strong></span> <span class='ocrx_word' id='word_1_4' title='bbox 1038 105 1090 139; x_wconf 88' lang='grc' dir='ltr'>ΙΙΙ</span> <span class='ocrx_word' id='word_1_5' title='bbox 1116 109 1147 150; x_wconf 83' lang='grc'>8,</span> <span class='ocrx_word' id='word_1_6' title='bbox 1175 109 1205 140; x_wconf 88' lang='grc'>9.</span> <span class='ocrx_word' id='word_1_7' title='bbox 1390 106 1443 147; x_wconf 80' lang='grc'>81</span> 
     </span>
    </p>
   </div>
   <div class='ocr_carea' id='block_1_2' title="bbox 52 200 1447 2173">
    <p class='ocr_par' dir='ltr' id='par_1_2' title="bbox 52 200 1447 1662">
     <span class='ocr_line' id='line_1_2' title="bbox 103 200 1447 256; baseline 0.001 -15"><span class='ocrx_word' id='word_1_8' title='bbox 103 200 253 254; x_wconf 88' lang='lat' dir='ltr'>Itaque</span> <span class='ocrx_word' id='word_1_9' title='bbox 284 215 380 241; x_wconf 90' lang='lat' dir='ltr'>eum</span> <span class='ocrx_word' id='word_1_10' title='bbox 410 200 543 241; x_wconf 90' lang='lat' dir='ltr'>malui</span> <span class='ocrx_word' id='word_1_11' title='bbox 574 215 800 254; x_wconf 87' lang='lat' dir='ltr'>properare</span> <span class='ocrx_word' id='word_1_12' title='bbox 828 200 1010 242; x_wconf 86' lang='lat' dir='ltr'>Romam</span> <span class='ocrx_word' id='word_1_13' title='bbox 1042 215 1168 256; x_wconf 88' lang='lat' dir='ltr'>quam</span> <span class='ocrx_word' id='word_1_14' title='bbox 1201 201 1251 242; x_wconf 88' lang='lat' dir='ltr'>ad</span> <span class='ocrx_word' id='word_1_15' title='bbox 1282 216 1349 242; x_wconf 88' lang='lat' dir='ltr'>me</span> <span class='ocrx_word' id='word_1_16' title='bbox 1380 216 1447 243; x_wconf 86' lang='lat' dir='ltr'>ve-</span> 
     </span>
     <span class='ocr_line' id='line_1_3' title="bbox 102 257 1444 325; baseline 0.001 -25"><span class='ocrx_word' id='word_1_17' title='bbox 102 259 195 300; x_wconf 90' lang='lat' dir='ltr'>nire</span> <span class='ocrx_word' id='word_1_18' title='bbox 232 261 273 300; x_wconf 90' lang='lat' dir='ltr'>et</span> <span class='ocrx_word' id='word_1_19' title='bbox 311 258 439 300; x_wconf 86' lang='lat' dir='ltr'>simul</span> <span class='ocrx_word' id='word_1_20' title='bbox 476 257 631 325; x_wconf 80' lang='lat' dir='ltr'>(dicam</span> <span class='ocrx_word' id='word_1_21' title='bbox 669 259 799 315; x_wconf 82' lang='lat' dir='ltr'>enim,</span> <span class='ocrx_word' id='word_1_22' title='bbox 838 260 949 313; x_wconf 86' lang='lat' dir='ltr'>quod</span> <span class='ocrx_word' id='word_1_23' title='bbox 980 274 1127 301; x_wconf 81' lang='lat' dir='ltr'>verum</span> <span class='ocrx_word' id='word_1_24' title='bbox 1160 263 1241 314; x_wconf 89' lang='lat' dir='ltr'>est,</span> <span class='ocrx_word' id='word_1_25' title='bbox 1279 274 1328 300; x_wconf 86' lang='lat' dir='ltr'>ex</span> <span class='ocrx_word' id='word_1_26' title='bbox 1362 275 1444 314; x_wconf 90' lang='lat' dir='ltr'>quo</span> 
     </span>
     <span class='ocr_line' id='line_1_4' title="bbox 104 317 1445 375; baseline 0.001 -17"><span class='ocrx_word' id='word_1_27' title='bbox 104 318 441 372; x_wconf 67' lang='lat' dir='ltr'>magnitudinem</span> <span class='ocrx_word' id='word_1_28' title='bbox 476 317 744 359; x_wconf 86' lang='lat' dir='ltr'>miseriarum</span> <span class='ocrx_word' id='word_1_29' title='bbox 780 332 969 359; x_wconf 89' lang='lat' dir='ltr'>mearum</span> <span class='ocrx_word' id='word_1_30' title='bbox 1012 319 1249 373; x_wconf 79' lang='lat' dir='ltr'>perspicere</span> <span class='ocrx_word' id='word_1_31' title='bbox 1286 318 1445 375; x_wconf 83' lang='lat' dir='ltr'>possis)</span> 
     </span>
     <span class='ocr_line' id='line_1_5' title="bbox 106 376 1445 431; baseline 0.001 -14"><span class='ocrx_word' id='word_1_32' title='bbox 106 377 293 417; x_wconf 85' lang='grc'>311111111111</span> <span class='ocrx_word' id='word_1_33' title='bbox 312 376 506 417; x_wconf 84' lang='lat' dir='ltr'>inducere</span> <span class='ocrx_word' id='word_1_34' title='bbox 525 391 613 417; x_wconf 88' lang='lat' dir='ltr'>non</span> <span class='ocrx_word' id='word_1_35' title='bbox 632 376 766 431; x_wconf 90' lang='lat' dir='ltr'>potui,</span> <span class='ocrx_word' id='word_1_36' title='bbox 790 379 838 417; x_wconf 90' lang='lat' dir='ltr'>ut</span> <span class='ocrx_word' id='word_1_37' title='bbox 865 380 937 418; x_wconf 92' lang='lat' dir='ltr'>aut</span> <span class='ocrx_word' id='word_1_38' title='bbox 962 377 1085 418; x_wconf 84' lang='lat' dir='ltr'>illum</span> <span class='ocrx_word' id='word_1_39' title='bbox 1105 378 1445 418; x_wconf 83' lang='lat' dir='ltr'>amantissimum</span> 
     </span>
     <span class='ocr_line' id='line_1_6' title="bbox 70 434 1445 490; baseline 0.001 -15"><span class='ocrx_word' id='word_1_40' title='bbox 70 450 85 476; x_wconf 85' lang='lat'>5</span> <span class='ocrx_word' id='word_1_41' title='bbox 104 434 199 490; x_wconf 90' lang='lat' dir='ltr'>mei,</span> <span class='ocrx_word' id='word_1_42' title='bbox 229 435 482 476; x_wconf 87' lang='lat' dir='ltr'>mollissimo</span> <span class='ocrx_word' id='word_1_43' title='bbox 511 435 651 476; x_wconf 87' lang='lat' dir='ltr'>animo</span> <span class='ocrx_word' id='word_1_44' title='bbox 678 438 798 476; x_wconf 89' lang='lat' dir='ltr'>tanto</span> <span class='ocrx_word' id='word_1_45' title='bbox 824 436 869 476; x_wconf 89' lang='lat' dir='ltr'>in</span> <span class='ocrx_word' id='word_1_46' title='bbox 894 450 1084 477; x_wconf 88' lang='lat' dir='ltr'>maerore</span> <span class='ocrx_word' id='word_1_47' title='bbox 1110 436 1340 490; x_wconf 86' lang='lat' dir='ltr'>aspicerem</span> <span class='ocrx_word' id='word_1_48' title='bbox 1372 439 1445 477; x_wconf 89' lang='lat' dir='ltr'>aut</span> 
     </span>
     <span class='ocr_line' id='line_1_7' title="bbox 104 494 1446 548; baseline 0.001 -14"><span class='ocrx_word' id='word_1_49' title='bbox 104 507 218 534; x_wconf 90' lang='lat' dir='ltr'>meas</span> <span class='ocrx_word' id='word_1_50' title='bbox 261 494 452 534; x_wconf 83' lang='lat' dir='ltr'>miserias</span> <span class='ocrx_word' id='word_1_51' title='bbox 497 494 616 534; x_wconf 88' lang='lat' dir='ltr'>luctu</span> <span class='ocrx_word' id='word_1_52' title='bbox 661 494 850 535; x_wconf 88' lang='lat' dir='ltr'>adflictas</span> <span class='ocrx_word' id='word_1_53' title='bbox 894 497 936 535; x_wconf 91' lang='lat' dir='ltr'>et</span> <span class='ocrx_word' id='word_1_54' title='bbox 979 495 1191 548; x_wconf 74' lang='lat' dir='ltr'>perditam</span> <span class='ocrx_word' id='word_1_55' title='bbox 1230 495 1446 536; x_wconf 85' lang='lat' dir='ltr'>fortunam</span> 
     </span>
     <span class='ocr_line' id='line_1_8' title="bbox 104 552 1445 608; baseline 0.001 -15"><span class='ocrx_word' id='word_1_56' title='bbox 104 553 168 593; x_wconf 78' lang='lat' dir='ltr'>illi</span> <span class='ocrx_word' id='word_1_57' title='bbox 207 552 399 593; x_wconf 86' lang='lat' dir='ltr'>offerrem</span> <span class='ocrx_word' id='word_1_58' title='bbox 438 555 511 593; x_wconf 91' lang='lat' dir='ltr'>aut</span> <span class='ocrx_word' id='word_1_59' title='bbox 544 553 595 593; x_wconf 89' lang='lat' dir='ltr'>ab</span> <span class='ocrx_word' id='word_1_60' title='bbox 628 552 702 593; x_wconf 92' lang='lat' dir='ltr'>illo</span> <span class='ocrx_word' id='word_1_61' title='bbox 737 552 867 607; x_wconf 78' lang='lat' dir='ltr'>aspici</span> <span class='ocrx_word' id='word_1_62' title='bbox 898 555 1076 607; x_wconf 86' lang='lat' dir='ltr'>paterer.</span> <span class='ocrx_word' id='word_1_63' title='bbox 1138 553 1282 608; x_wconf 85' lang='lat' dir='ltr'>Atque</span> <span class='ocrx_word' id='word_1_64' title='bbox 1316 555 1445 595; x_wconf 89' lang='lat' dir='ltr'>etiam</span> 
     </span>
     <span class='ocr_line' id='line_1_9' title="bbox 104 611 1445 667; baseline 0.001 -16"><span class='ocrx_word' id='word_1_65' title='bbox 104 611 210 652; x_wconf 89' lang='lat' dir='ltr'>illud</span> <span class='ocrx_word' id='word_1_66' title='bbox 246 611 469 666; x_wconf 88' lang='lat' dir='ltr'>timebam,</span> <span class='ocrx_word' id='word_1_67' title='bbox 506 611 619 665; x_wconf 84' lang='lat' dir='ltr'>quod</span> <span class='ocrx_word' id='word_1_68' title='bbox 649 611 838 665; x_wconf 85' lang='lat' dir='ltr'>profecto</span> <span class='ocrx_word' id='word_1_69' title='bbox 872 611 1110 667; x_wconf 87' lang='lat' dir='ltr'>accidisset,</span> <span class='ocrx_word' id='word_1_70' title='bbox 1148 627 1201 654; x_wconf 89' lang='lat' dir='ltr'>ne</span> <span class='ocrx_word' id='word_1_71' title='bbox 1235 628 1258 653; x_wconf 91' lang='lat' dir='ltr'>a</span> <span class='ocrx_word' id='word_1_72' title='bbox 1288 627 1356 653; x_wconf 91' lang='lat' dir='ltr'>me</span> <span class='ocrx_word' id='word_1_73' title='bbox 1387 613 1445 653; x_wconf 90' lang='lat' dir='ltr'>di—</span> 
     </span>
     <span class='ocr_line' id='line_1_10' title="bbox 105 669 1446 725; baseline 0.001 -15"><span class='ocrx_word' id='word_1_74' title='bbox 105 669 223 724; x_wconf 84' lang='lat' dir='ltr'>gredi</span> <span class='ocrx_word' id='word_1_75' title='bbox 253 684 340 711; x_wconf 87' lang='lat' dir='ltr'>non</span> <span class='ocrx_word' id='word_1_76' title='bbox 370 672 527 724; x_wconf 88' lang='lat' dir='ltr'>posset.</span> <span class='ocrx_word' id='word_1_77' title='bbox 588 669 852 711; x_wconf 75' lang='lat' dir='ltr'>Versabatur</span> <span class='ocrx_word' id='word_1_78' title='bbox 883 670 991 711; x_wconf 90' lang='lat' dir='ltr'>mihi</span> <span class='ocrx_word' id='word_1_79' title='bbox 1022 673 1191 725; x_wconf 88' lang='lat' dir='ltr'>tempus</span> <span class='ocrx_word' id='word_1_80' title='bbox 1218 671 1323 712; x_wconf 83' lang='lat' dir='ltr'>illud</span> <span class='ocrx_word' id='word_1_81' title='bbox 1350 674 1446 713; x_wconf 88' lang='lat' dir='ltr'>ante</span> 
     </span>
     <span class='ocr_line' id='line_1_11' title="bbox 52 728 1445 782; baseline 0.002 -14"><span class='ocrx_word' id='word_1_82' title='bbox 52 746 86 769; x_wconf 86' lang='lat'>10</span> <span class='ocrx_word' id='word_1_83' title='bbox 106 728 268 782; x_wconf 87' lang='grc'>0611103,</span> <span class='ocrx_word' id='word_1_84' title='bbox 307 743 435 782; x_wconf 87' lang='lat' dir='ltr'>quom</span> <span class='ocrx_word' id='word_1_85' title='bbox 474 728 544 769; x_wconf 89' lang='lat' dir='ltr'>ille</span> <span class='ocrx_word' id='word_1_86' title='bbox 583 731 656 769; x_wconf 90' lang='lat' dir='ltr'>aut</span> <span class='ocrx_word' id='word_1_87' title='bbox 689 728 861 770; x_wconf 89' lang='lat' dir='ltr'>lictores</span> <span class='ocrx_word' id='word_1_88' title='bbox 893 729 1128 770; x_wconf 88' lang='lat' dir='ltr'>dimitteret</span> <span class='ocrx_word' id='word_1_89' title='bbox 1160 733 1233 770; x_wconf 90' lang='lat' dir='ltr'>aut</span> <span class='ocrx_word' id='word_1_90' title='bbox 1263 730 1306 771; x_wconf 84' lang='lat' dir='ltr'>vi</span> <span class='ocrx_word' id='word_1_91' title='bbox 1338 730 1445 771; x_wconf 83' lang='lat' dir='ltr'>avel-</span> 
     </span>
     <span class='ocr_line' id='line_1_12' title="bbox 103 787 1444 841; baseline 0.002 -14"><span class='ocrx_word' id='word_1_92' title='bbox 103 787 262 827; x_wconf 89' lang='lat' dir='ltr'>leretur</span> <span class='ocrx_word' id='word_1_93' title='bbox 294 801 344 827; x_wconf 81' lang='lat' dir='ltr'>ex</span> <span class='ocrx_word' id='word_1_94' title='bbox 376 787 597 841; x_wconf 83' lang='lat' dir='ltr'>complexu</span> <span class='ocrx_word' id='word_1_95' title='bbox 628 801 732 828; x_wconf 88' lang='lat' dir='ltr'>meo.</span> <span class='ocrx_word' id='word_1_96' title='bbox 795 787 934 828; x_wconf 85' lang='lat' dir='ltr'>Huius</span> <span class='ocrx_word' id='word_1_97' title='bbox 968 788 1211 829; x_wconf 84' lang='lat' dir='ltr'>acerbitatis</span> <span class='ocrx_word' id='word_1_98' title='bbox 1248 792 1444 830; x_wconf 84' lang='lat' dir='ltr'>eventum</span> 
     </span>
     <span class='ocr_line' id='line_1_13' title="bbox 105 845 1445 889; baseline 0.002 -3"><span class='ocrx_word' id='word_1_99' title='bbox 105 846 238 886; x_wconf 90' lang='lat' dir='ltr'>altera</span> <span class='ocrx_word' id='word_1_100' title='bbox 276 845 504 886; x_wconf 84' lang='lat' dir='ltr'>acerbitate</span> <span class='ocrx_word' id='word_1_101' title='bbox 540 860 628 886; x_wconf 88' lang='lat' dir='ltr'>non</span> <span class='ocrx_word' id='word_1_102' title='bbox 663 845 831 886; x_wconf 81' lang='lat' dir='ltr'>videndi</span> <span class='ocrx_word' id='word_1_103' title='bbox 869 847 1015 887; x_wconf 84' lang='lat' dir='ltr'>fratris</span> <span class='ocrx_word' id='word_1_104' title='bbox 1047 847 1190 888; x_wconf 82' lang='lat' dir='ltr'>vitavi.</span> <span class='ocrx_word' id='word_1_105' title='bbox 1252 846 1302 888; x_wconf 88' lang='lat' dir='ltr'>In</span> <span class='ocrx_word' id='word_1_106' title='bbox 1333 847 1445 889; x_wconf 85' lang='lat' dir='ltr'>hunc</span> 
     </span>
     <span class='ocr_line' id='line_1_14' title="bbox 104 904 1445 960; baseline 0.001 -15"><span class='ocrx_word' id='word_1_107' title='bbox 104 918 171 945; x_wconf 87' lang='grc'>1116</span> <span class='ocrx_word' id='word_1_108' title='bbox 197 918 340 945; x_wconf 85' lang='lat' dir='ltr'>casum</span> <span class='ocrx_word' id='word_1_109' title='bbox 364 918 440 945; x_wconf 85' lang='lat' dir='ltr'>vos</span> <span class='ocrx_word' id='word_1_110' title='bbox 466 904 633 945; x_wconf 83' lang='lat' dir='ltr'>vivendi</span> <span class='ocrx_word' id='word_1_111' title='bbox 665 907 856 946; x_wconf 87' lang='lat' dir='ltr'>auctores</span> <span class='ocrx_word' id='word_1_112' title='bbox 888 905 1132 959; x_wconf 88' lang='lat' dir='ltr'>impulistis.</span> <span class='ocrx_word' id='word_1_113' title='bbox 1182 905 1332 960; x_wconf 88' lang='lat' dir='ltr'>Itaque</span> <span class='ocrx_word' id='word_1_114' title='bbox 1362 907 1445 947; x_wconf 86' lang='lat' dir='ltr'>mei</span> 
     </span>
     <span class='ocr_line' id='line_1_15' title="bbox 104 962 1445 1017; baseline 0.002 -14"><span class='ocrx_word' id='word_1_115' title='bbox 104 963 265 1016; x_wconf 87' lang='lat' dir='ltr'>peccati</span> <span class='ocrx_word' id='word_1_116' title='bbox 289 962 360 1003; x_wconf 92' lang='lat' dir='ltr'>luo</span> <span class='ocrx_word' id='word_1_117' title='bbox 387 977 555 1016; x_wconf 88' lang='lat' dir='ltr'>poenas.</span> <span class='ocrx_word' id='word_1_118' title='bbox 589 962 853 1017; x_wconf 82' lang='lat' dir='ltr'>Quamquam</span> <span class='ocrx_word' id='word_1_119' title='bbox 879 978 945 1004; x_wconf 89' lang='lat' dir='ltr'>me</span> <span class='ocrx_word' id='word_1_120' title='bbox 971 967 1069 1005; x_wconf 89' lang='lat' dir='ltr'>tuae</span> <span class='ocrx_word' id='word_1_121' title='bbox 1092 964 1261 1005; x_wconf 84' lang='lat' dir='ltr'>litterae</span> <span class='ocrx_word' id='word_1_122' title='bbox 1282 967 1445 1006; x_wconf 87' lang='lat' dir='ltr'>susten-</span> 
     </span>
     <span class='ocr_line' id='line_1_16' title="bbox 52 1021 1445 1077; baseline 0.001 -14"><span class='ocrx_word' id='word_1_123' title='bbox 52 1038 84 1063; x_wconf 83' lang='lat'>15</span> <span class='ocrx_word' id='word_1_124' title='bbox 104 1024 216 1075; x_wconf 88' lang='lat' dir='ltr'>tant,</span> <span class='ocrx_word' id='word_1_125' title='bbox 254 1036 304 1063; x_wconf 76' lang='lat' dir='ltr'>ex</span> <span class='ocrx_word' id='word_1_126' title='bbox 343 1021 515 1076; x_wconf 88' lang='lat' dir='ltr'>quibus,</span> <span class='ocrx_word' id='word_1_127' title='bbox 553 1024 762 1075; x_wconf 86' lang='lat' dir='ltr'>quantum</span> <span class='ocrx_word' id='word_1_128' title='bbox 798 1024 846 1062; x_wconf 92' lang='lat' dir='ltr'>tu</span> <span class='ocrx_word' id='word_1_129' title='bbox 877 1022 969 1076; x_wconf 89' lang='lat' dir='ltr'>ipse</span> <span class='ocrx_word' id='word_1_130' title='bbox 1001 1037 1163 1077; x_wconf 88' lang='lat' dir='ltr'>speres,</span> <span class='ocrx_word' id='word_1_131' title='bbox 1202 1023 1324 1064; x_wconf 85' lang='lat' dir='ltr'>facile</span> <span class='ocrx_word' id='word_1_132' title='bbox 1355 1038 1445 1077; x_wconf 89' lang='lat' dir='ltr'>per-</span> 
     </span>
     <span class='ocr_line' id='line_1_17' title="bbox 106 1080 1446 1137; baseline 0.002 -17"><span class='ocrx_word' id='word_1_133' title='bbox 106 1080 255 1134; x_wconf 80' lang='lat' dir='ltr'>spicio3</span> <span class='ocrx_word' id='word_1_134' title='bbox 301 1094 405 1133; x_wconf 84' lang='lat' dir='ltr'>quae</span> <span class='ocrx_word' id='word_1_135' title='bbox 448 1080 619 1134; x_wconf 87' lang='lat' dir='ltr'>quidem</span> <span class='ocrx_word' id='word_1_136' title='bbox 655 1083 799 1121; x_wconf 87' lang='lat' dir='ltr'>tamen</span> <span class='ocrx_word' id='word_1_137' title='bbox 836 1080 997 1135; x_wconf 88' lang='lat' dir='ltr'>aliquid</span> <span class='ocrx_word' id='word_1_138' title='bbox 1031 1081 1249 1127; x_wconf 56' lang='lat' dir='ltr'>,habebant</span> <span class='ocrx_word' id='word_1_139' title='bbox 1288 1082 1446 1137; x_wconf 89' lang='lat' dir='ltr'>solacii,</span> 
     </span>
     <span class='ocr_line' id='line_1_18' title="bbox 105 1138 1446 1193; baseline 0.001 -14"><span class='ocrx_word' id='word_1_140' title='bbox 105 1141 331 1192; x_wconf 89' lang='lat' dir='ltr'>antequam</span> <span class='ocrx_word' id='word_1_141' title='bbox 370 1153 418 1180; x_wconf 91' lang='grc'>60</span> <span class='ocrx_word' id='word_1_142' title='bbox 456 1138 611 1179; x_wconf 81' lang='lat' dir='ltr'>venisti</span> <span class='ocrx_word' id='word_1_143' title='bbox 649 1153 672 1179; x_wconf 90' lang='lat' dir='ltr'>a</span> <span class='ocrx_word' id='word_1_144' title='bbox 708 1138 923 1193; x_wconf 90' lang='lat' dir='ltr'>Pompeio.</span> <span class='ocrx_word' id='word_1_145' title='bbox 990 1138 1129 1180; x_wconf 71' lang='lat' dir='ltr'>‘Nunc</span> <span class='ocrx_word' id='word_1_146' title='bbox 1167 1139 1446 1181; x_wconf 87' lang='lat' dir='ltr'>Hortensium</span> 
     </span>
     <span class='ocr_line' id='line_1_19' title="bbox 105 1196 1446 1254; baseline 0.002 -17"><span class='ocrx_word' id='word_1_147' title='bbox 105 1197 224 1238; x_wconf 86' lang='lat' dir='ltr'>allice</span> <span class='ocrx_word' id='word_1_148' title='bbox 257 1199 298 1237; x_wconf 91' lang='lat' dir='ltr'>et</span> <span class='ocrx_word' id='word_1_149' title='bbox 331 1196 420 1238; x_wconf 91' lang='lat' dir='ltr'>eius</span> <span class='ocrx_word' id='word_1_150' title='bbox 446 1197 561 1237; x_wconf 89' lang='lat' dir='ltr'>modi</span> <span class='ocrx_word' id='word_1_151' title='bbox 586 1197 728 1238; x_wconf 84' lang='lat' dir='ltr'>viros.&#39;</span> <span class='ocrx_word' id='word_1_152' title='bbox 779 1196 977 1254; x_wconf 78' lang='lat' dir='ltr'>Obsecro,</span> <span class='ocrx_word' id='word_1_153' title='bbox 1007 1198 1066 1239; x_wconf 88' lang='lat' dir='ltr'>mi</span> <span class='ocrx_word' id='word_1_154' title='bbox 1091 1197 1314 1254; x_wconf 86' lang='lat' dir='ltr'>Pomponi,</span> <span class='ocrx_word' id='word_1_155' title='bbox 1343 1213 1446 1241; x_wconf 89' lang='lat' dir='ltr'>non-</span> 
     </span>
     <span class='ocr_line' id='line_1_20' title="bbox 104 1255 1444 1312; baseline 0.002 -16"><span class='ocrx_word' id='word_1_156' title='bbox 104 1256 204 1296; x_wconf 89' lang='lat' dir='ltr'>dum</span> <span class='ocrx_word' id='word_1_157' title='bbox 228 1255 445 1310; x_wconf 88' lang='lat' dir='ltr'>perspicis,</span> <span class='ocrx_word' id='word_1_158' title='bbox 471 1270 651 1309; x_wconf 89' lang='lat' dir='ltr'>quorum</span> <span class='ocrx_word' id='word_1_159' title='bbox 678 1271 817 1311; x_wconf 87' lang='lat' dir='ltr'>opera,</span> <span class='ocrx_word' id='word_1_160' title='bbox 847 1271 1026 1310; x_wconf 86' lang='lat' dir='ltr'>quorum</span> <span class='ocrx_word' id='word_1_161' title='bbox 1053 1257 1232 1311; x_wconf 75' lang='lat' dir='ltr'>insidiis,</span> <span class='ocrx_word' id='word_1_162' title='bbox 1264 1272 1444 1312; x_wconf 85' lang='lat' dir='ltr'>quorum</span> 
     </span>
     <span class='ocr_line' id='line_1_21' title="bbox 52 1313 1445 1368; baseline 0.001 -13"><span class='ocrx_word' id='word_1_163' title='bbox 52 1331 86 1356; x_wconf 84' lang='lat'>20</span> <span class='ocrx_word' id='word_1_164' title='bbox 107 1314 260 1355; x_wconf 86' lang='lat' dir='ltr'>scelere</span> <span class='ocrx_word' id='word_1_165' title='bbox 307 1314 584 1368; x_wconf 74' lang='lat' dir='ltr'>perierimus?</span> <span class='ocrx_word' id='word_1_166' title='bbox 659 1313 739 1355; x_wconf 82' lang='lat' dir='ltr'>Sed</span> <span class='ocrx_word' id='word_1_167' title='bbox 788 1318 929 1356; x_wconf 87' lang='lat' dir='ltr'>tecum</span> <span class='ocrx_word' id='word_1_168' title='bbox 972 1315 1076 1357; x_wconf 89' lang='grc'>11366</span> <span class='ocrx_word' id='word_1_169' title='bbox 1120 1317 1261 1357; x_wconf 81' lang='lat' dir='ltr'>omnia</span> <span class='ocrx_word' id='word_1_170' title='bbox 1305 1331 1445 1357; x_wconf 88' lang='lat' dir='ltr'>coram</span> 
     </span>
     <span class='ocr_line' id='line_1_22' title="bbox 104 1373 1446 1440; baseline 0.002 -27"><span class='ocrx_word' id='word_1_171' title='bbox 104 1387 295 1438; x_wconf 79' lang='lat' dir='ltr'>agemus,</span> <span class='ocrx_word' id='word_1_172' title='bbox 338 1375 507 1414; x_wconf 88' lang='lat' dir='ltr'>tantum</span> <span class='ocrx_word' id='word_1_173' title='bbox 544 1373 653 1428; x_wconf 86' lang='lat' dir='ltr'>dico,</span> <span class='ocrx_word' id='word_1_174' title='bbox 697 1373 809 1427; x_wconf 86' lang='lat' dir='ltr'>quod</span> <span class='ocrx_word' id='word_1_175' title='bbox 847 1374 953 1414; x_wconf 89' lang='grc'>36116</span> <span class='ocrx_word' id='word_1_176' title='bbox 990 1377 1032 1414; x_wconf 91' lang='lat' dir='ltr'>te</span> <span class='ocrx_word' id='word_1_177' title='bbox 1069 1377 1193 1440; x_wconf 81' lang='lat' dir='ltr'>puto,</span> <span class='ocrx_word' id='word_1_178' title='bbox 1241 1389 1319 1415; x_wconf 88' lang='lat' dir='ltr'>nos</span> <span class='ocrx_word' id='word_1_179' title='bbox 1359 1389 1446 1416; x_wconf 89' lang='lat' dir='ltr'>non</span> 
     </span>
     <span class='ocr_line' id='line_1_23' title="bbox 104 1430 1446 1489; baseline 0.002 -18"><span class='ocrx_word' id='word_1_180' title='bbox 104 1431 282 1485; x_wconf 87' lang='lat' dir='ltr'>inimici,</span> <span class='ocrx_word' id='word_1_181' title='bbox 327 1431 398 1472; x_wconf 90' lang='lat' dir='ltr'>sed</span> <span class='ocrx_word' id='word_1_182' title='bbox 440 1430 572 1472; x_wconf 81' lang='lat' dir='ltr'>invidi</span> <span class='ocrx_word' id='word_1_183' title='bbox 615 1432 898 1485; x_wconf 86' lang='lat' dir='ltr'>perdiderunt.</span> <span class='ocrx_word' id='word_1_184' title='bbox 966 1431 1108 1487; x_wconf 88' lang='lat' dir='ltr'>Nunc,</span> <span class='ocrx_word' id='word_1_185' title='bbox 1153 1434 1189 1473; x_wconf 89' lang='lat' dir='ltr'>si</span> <span class='ocrx_word' id='word_1_186' title='bbox 1229 1433 1289 1474; x_wconf 86' lang='lat' dir='ltr'>ita</span> <span class='ocrx_word' id='word_1_187' title='bbox 1334 1437 1446 1489; x_wconf 89' lang='lat' dir='ltr'>sunt,</span> 
     </span>
     <span class='ocr_line' id='line_1_24' title="bbox 106 1490 1445 1547; baseline 0.002 -17"><span class='ocrx_word' id='word_1_188' title='bbox 106 1503 212 1543; x_wconf 86' lang='lat' dir='ltr'>quae</span> <span class='ocrx_word' id='word_1_189' title='bbox 245 1504 401 1544; x_wconf 85' lang='lat' dir='ltr'>speras,</span> <span class='ocrx_word' id='word_1_190' title='bbox 441 1490 745 1531; x_wconf 87' lang='lat' dir='ltr'>sustinebimus</span> <span class='ocrx_word' id='word_1_191' title='bbox 777 1505 856 1531; x_wconf 90' lang='lat' dir='ltr'>nos</span> <span class='ocrx_word' id='word_1_192' title='bbox 890 1493 931 1532; x_wconf 92' lang='lat' dir='ltr'>et</span> <span class='ocrx_word' id='word_1_193' title='bbox 971 1506 1056 1545; x_wconf 87' lang='lat' dir='ltr'>spe,</span> <span class='ocrx_word' id='word_1_194' title='bbox 1095 1506 1177 1545; x_wconf 88' lang='lat' dir='ltr'>qua</span> <span class='ocrx_word' id='word_1_195' title='bbox 1214 1492 1348 1547; x_wconf 86' lang='lat' dir='ltr'>iubes,</span> <span class='ocrx_word' id='word_1_196' title='bbox 1384 1493 1445 1533; x_wconf 88' lang='lat' dir='ltr'>ni—</span> 
     </span>
     <span class='ocr_line' id='line_1_25' title="bbox 105 1548 1443 1605; baseline 0.003 -17"><span class='ocrx_word' id='word_1_197' title='bbox 105 1550 263 1602; x_wconf 78' lang='lat' dir='ltr'>temur3</span> <span class='ocrx_word' id='word_1_198' title='bbox 295 1548 373 1603; x_wconf 89' lang='lat' dir='ltr'>sin,</span> <span class='ocrx_word' id='word_1_199' title='bbox 405 1550 451 1588; x_wconf 90' lang='lat' dir='ltr'>ut</span> <span class='ocrx_word' id='word_1_200' title='bbox 480 1548 585 1588; x_wconf 81' lang='lat' dir='ltr'>mihi</span> <span class='ocrx_word' id='word_1_201' title='bbox 610 1549 818 1604; x_wconf 83' lang='lat' dir='ltr'>videntur,</span> <span class='ocrx_word' id='word_1_202' title='bbox 849 1549 972 1589; x_wconf 90' lang='lat' dir='ltr'>firma</span> <span class='ocrx_word' id='word_1_203' title='bbox 998 1552 1110 1604; x_wconf 85' lang='lat' dir='ltr'>sunt,</span> <span class='ocrx_word' id='word_1_204' title='bbox 1143 1551 1255 1604; x_wconf 87' lang='lat' dir='ltr'>quod</span> <span class='ocrx_word' id='word_1_205' title='bbox 1281 1550 1443 1605; x_wconf 89' lang='lat' dir='ltr'>optimo</span> 
     </span>
     <span class='ocr_line' id='line_1_26' title="bbox 54 1606 1214 1662; baseline 0.003 -16"><span class='ocrx_word' id='word_1_206' title='bbox 54 1622 86 1647; x_wconf 84' lang='lat'>25</span> <span class='ocrx_word' id='word_1_207' title='bbox 108 1609 297 1660; x_wconf 88' lang='lat' dir='ltr'>tempore</span> <span class='ocrx_word' id='word_1_208' title='bbox 329 1607 463 1647; x_wconf 87' lang='lat' dir='ltr'>facere</span> <span class='ocrx_word' id='word_1_209' title='bbox 494 1621 581 1647; x_wconf 89' lang='lat' dir='ltr'>non</span> <span class='ocrx_word' id='word_1_210' title='bbox 610 1606 745 1662; x_wconf 88' lang='lat' dir='ltr'>licuit,</span> <span class='ocrx_word' id='word_1_211' title='bbox 774 1607 914 1648; x_wconf 87' lang='lat' dir='ltr'>minus</span> <span class='ocrx_word' id='word_1_212' title='bbox 946 1607 1096 1648; x_wconf 89' lang='lat' dir='ltr'>idoneo</span> <span class='ocrx_word' id='word_1_213' title='bbox 1129 1608 1214 1649; x_wconf 89' lang='lat' dir='ltr'>fiet.</span> 
     </span>
    </p>

    <p class='ocr_par' dir='ltr' id='par_1_3' title="bbox 106 1664 1445 1883">
     <span class='ocr_line' id='line_1_27' title="bbox 194 1664 1444 1720; baseline 0.002 -15"><span class='ocrx_word' id='word_1_214' title='bbox 194 1664 390 1705; x_wconf 83' lang='lat' dir='ltr'>Terentia</span> <span class='ocrx_word' id='word_1_215' title='bbox 421 1665 503 1706; x_wconf 89' lang='lat' dir='ltr'>tibi</span> <span class='ocrx_word' id='word_1_216' title='bbox 535 1680 656 1719; x_wconf 90' lang='lat' dir='ltr'>saepe</span> <span class='ocrx_word' id='word_1_217' title='bbox 688 1666 776 1720; x_wconf 81' lang='lat' dir='ltr'>agit</span> <span class='ocrx_word' id='word_1_218' title='bbox 802 1666 974 1720; x_wconf 73' lang='lat' dir='ltr'>gratias</span> <span class='ocrx_word' id='word_1_219' title='bbox 1025 1666 1133 1706; x_wconf 83' lang='lat' dir='ltr'>Mihi</span> <span class='ocrx_word' id='word_1_220' title='bbox 1159 1666 1287 1707; x_wconf 89' lang='lat' dir='ltr'>etiam</span> <span class='ocrx_word' id='word_1_221' title='bbox 1313 1682 1444 1708; x_wconf 86' lang='lat' dir='ltr'>unum</span> 
     </span>
     <span class='ocr_line' id='line_1_28' title="bbox 106 1723 1445 1779; baseline 0.001 -15"><span class='ocrx_word' id='word_1_222' title='bbox 106 1723 156 1764; x_wconf 88' lang='lat' dir='ltr'>de</span> <span class='ocrx_word' id='word_1_223' title='bbox 192 1723 315 1764; x_wconf 89' lang='lat' dir='ltr'>malis</span> <span class='ocrx_word' id='word_1_224' title='bbox 352 1724 398 1764; x_wconf 87' lang='lat' dir='ltr'>in</span> <span class='ocrx_word' id='word_1_225' title='bbox 434 1725 551 1764; x_wconf 89' lang='lat' dir='ltr'>metu</span> <span class='ocrx_word' id='word_1_226' title='bbox 583 1726 664 1778; x_wconf 91' lang='lat' dir='ltr'>est,</span> <span class='ocrx_word' id='word_1_227' title='bbox 701 1724 844 1764; x_wconf 89' lang='lat' dir='ltr'>fratris</span> <span class='ocrx_word' id='word_1_228' title='bbox 877 1724 1021 1764; x_wconf 89' lang='lat' dir='ltr'>miseri</span> <span class='ocrx_word' id='word_1_229' title='bbox 1052 1725 1291 1779; x_wconf 69' lang='lat' dir='ltr'>negotium,</span> <span class='ocrx_word' id='word_1_230' title='bbox 1333 1726 1445 1779; x_wconf 86' lang='lat' dir='ltr'>quod</span> 
     </span>
     <span class='ocr_line' id='line_1_29' title="bbox 108 1781 1445 1837; baseline 0.001 -15"><span class='ocrx_word' id='word_1_231' title='bbox 108 1781 144 1822; x_wconf 87' lang='lat' dir='ltr'>si</span> <span class='ocrx_word' id='word_1_232' title='bbox 175 1782 304 1823; x_wconf 86' lang='lat' dir='ltr'>sciam</span> <span class='ocrx_word' id='word_1_233' title='bbox 336 1781 487 1836; x_wconf 87' lang='lat' dir='ltr'>quoius</span> <span class='ocrx_word' id='word_1_234' title='bbox 519 1782 635 1822; x_wconf 88' lang='lat' dir='ltr'>modi</span> <span class='ocrx_word' id='word_1_235' title='bbox 668 1782 740 1837; x_wconf 90' lang='lat' dir='ltr'>sit,</span> <span class='ocrx_word' id='word_1_236' title='bbox 778 1782 925 1837; x_wconf 89' lang='grc'>3613111,</span> <span class='ocrx_word' id='word_1_237' title='bbox 965 1782 1066 1835; x_wconf 89' lang='lat' dir='ltr'>quid</span> <span class='ocrx_word' id='word_1_238' title='bbox 1099 1783 1309 1837; x_wconf 79' lang='lat' dir='ltr'>agendum</span> <span class='ocrx_word' id='word_1_239' title='bbox 1340 1784 1445 1824; x_wconf 89' lang='lat' dir='ltr'>mihi</span> 
     </span>
     <span class='ocr_line' id='line_1_30' title="bbox 108 1839 1443 1883; baseline 0.001 -3"><span class='ocrx_word' id='word_1_240' title='bbox 108 1839 173 1880; x_wconf 89' lang='lat' dir='ltr'>sit.</span> <span class='ocrx_word' id='word_1_241' title='bbox 218 1840 287 1881; x_wconf 88' lang='lat' dir='ltr'>Me</span> <span class='ocrx_word' id='word_1_242' title='bbox 313 1841 441 1881; x_wconf 87' lang='lat' dir='ltr'>etiam</span> <span class='ocrx_word' id='word_1_243' title='bbox 465 1854 577 1881; x_wconf 91' lang='lat' dir='ltr'>nunc</span> <span class='ocrx_word' id='word_1_244' title='bbox 602 1840 784 1881; x_wconf 84' lang='lat' dir='ltr'>istorum</span> <span class='ocrx_word' id='word_1_245' title='bbox 810 1840 1111 1881; x_wconf 88' lang='lat' dir='ltr'>beneficiorum</span> <span class='ocrx_word' id='word_1_246' title='bbox 1138 1844 1180 1881; x_wconf 90' lang='lat' dir='ltr'>et</span> <span class='ocrx_word' id='word_1_247' title='bbox 1204 1841 1443 1883; x_wconf 88' lang='lat' dir='ltr'>litterarum</span> 
     </span>
    </p>

    <p class='ocr_par' dir='ltr' id='par_1_4' title="bbox 55 1898 1445 2173">
     <span class='ocr_line' id='line_1_31' title="bbox 55 1898 1442 1964; baseline 0.001 -25"><span class='ocrx_word' id='word_1_248' title='bbox 55 1914 89 1939; x_wconf 82' lang='lat'>30</span> <span class='ocrx_word' id='word_1_249' title='bbox 109 1899 379 1964; x_wconf 81' lang='lat' dir='ltr'>exspectatio,</span> <span class='ocrx_word' id='word_1_250' title='bbox 404 1901 453 1939; x_wconf 93' lang='lat' dir='ltr'>ut</span> <span class='ocrx_word' id='word_1_251' title='bbox 478 1899 559 1939; x_wconf 83' lang='lat' dir='ltr'>tibi</span> <span class='ocrx_word' id='word_1_252' title='bbox 579 1898 727 1953; x_wconf 89' lang='lat' dir='ltr'>placet,</span> <span class='ocrx_word' id='word_1_253' title='bbox 752 1898 1075 1940; x_wconf 81' lang='lat' dir='ltr'>Thessalonicae</span> <span class='ocrx_word' id='word_1_254' title='bbox 1096 1902 1221 1940; x_wconf 88' lang='lat' dir='ltr'>tenet.</span> <span class='ocrx_word' id='word_1_255' title='bbox 1270 1898 1315 1940; x_wconf 77' lang='lat' dir='ltr'>Si</span> <span class='ocrx_word' id='word_1_256' title='bbox 1343 1901 1442 1954; x_wconf 88' lang='lat' dir='ltr'>quid</span> 
     </span>
     <span class='ocr_line' id='line_1_32' title="bbox 109 1955 1443 2012; baseline 0.002 -15"><span class='ocrx_word' id='word_1_257' title='bbox 109 1955 190 1996; x_wconf 86' lang='lat' dir='ltr'>erit</span> <span class='ocrx_word' id='word_1_258' title='bbox 218 1957 319 1998; x_wconf 81' lang='lat' dir='ltr'>novi</span> <span class='ocrx_word' id='word_1_259' title='bbox 351 1957 538 2012; x_wconf 89' lang='lat' dir='ltr'>allatum,</span> <span class='ocrx_word' id='word_1_260' title='bbox 571 1957 712 2011; x_wconf 88' lang='lat' dir='ltr'>sciam,</span> <span class='ocrx_word' id='word_1_261' title='bbox 743 1957 793 1997; x_wconf 82' lang='lat' dir='ltr'>cle</span> <span class='ocrx_word' id='word_1_262' title='bbox 823 1957 988 2011; x_wconf 89' lang='lat' dir='ltr'>reliquo</span> <span class='ocrx_word' id='word_1_263' title='bbox 1016 1957 1117 2011; x_wconf 85' lang='lat' dir='ltr'>quid</span> <span class='ocrx_word' id='word_1_264' title='bbox 1143 1958 1351 2012; x_wconf 87' lang='lat' dir='ltr'>aoendum</span> <span class='ocrx_word' id='word_1_265' title='bbox 1377 1959 1443 2000; x_wconf 90' lang='lat' dir='ltr'>sit</span> 
     </span>
     <span class='ocr_line' id='line_1_33' title="bbox 109 2013 1445 2072; baseline 0.001 -17"><span class='ocrx_word' id='word_1_266' title='bbox 109 2013 174 2054; x_wconf 88' lang='lat' dir='ltr'>Tu</span> <span class='ocrx_word' id='word_1_267' title='bbox 200 2014 248 2069; x_wconf 87' lang='lat' dir='ltr'>si,</span> <span class='ocrx_word' id='word_1_268' title='bbox 277 2018 325 2056; x_wconf 91' lang='lat' dir='ltr'>ut</span> <span class='ocrx_word' id='word_1_269' title='bbox 352 2016 514 2070; x_wconf 90' lang='lat' dir='ltr'>scribis,</span> <span class='ocrx_word' id='word_1_270' title='bbox 544 2014 637 2056; x_wconf 82' lang='lat' dir='ltr'>Kal.</span> <span class='ocrx_word' id='word_1_271' title='bbox 669 2014 802 2056; x_wconf 84' lang='grc'>11111113</span> <span class='ocrx_word' id='word_1_272' title='bbox 828 2015 965 2056; x_wconf 81' lang='lat' dir='ltr'>Roma</span> <span class='ocrx_word' id='word_1_273' title='bbox 991 2016 1205 2069; x_wconf 86' lang='lat' dir='ltr'>profectus</span> <span class='ocrx_word' id='word_1_274' title='bbox 1232 2031 1288 2072; x_wconf 90' lang='grc'>63,</span> <span class='ocrx_word' id='word_1_275' title='bbox 1314 2031 1445 2071; x_wconf 89' lang='lat' dir='ltr'>prope</span> 
     </span>
     <span class='ocr_line' id='line_1_34' title="bbox 110 2072 1445 2131; baseline 0.003 -19"><span class='ocrx_word' id='word_1_276' title='bbox 110 2072 220 2113; x_wconf 86' lang='lat' dir='ltr'>diem</span> <span class='ocrx_word' id='word_1_277' title='bbox 244 2087 322 2113; x_wconf 86' lang='lat' dir='ltr'>nos</span> <span class='ocrx_word' id='word_1_278' title='bbox 347 2074 520 2115; x_wconf 84' lang='lat' dir='ltr'>videbis.</span> <span class='ocrx_word' id='word_1_279' title='bbox 570 2072 767 2128; x_wconf 88' lang='lat' dir='ltr'>Litter,as</span> <span class='ocrx_word' id='word_1_280' title='bbox 799 2089 904 2128; x_wconf 88' lang='lat' dir='ltr'>quas</span> <span class='ocrx_word' id='word_1_281' title='bbox 932 2074 982 2114; x_wconf 87' lang='lat' dir='ltr'>ad</span> <span class='ocrx_word' id='word_1_282' title='bbox 1007 2073 1257 2128; x_wconf 88' lang='lat' dir='ltr'>Pompeium</span> <span class='ocrx_word' id='word_1_283' title='bbox 1283 2076 1445 2131; x_wconf 89' lang='lat' dir='ltr'>scripsi,</span> 
     </span>
     <span class='ocr_line' id='line_1_35' title="bbox 109 2131 1067 2173; baseline 0.001 -2"><span class='ocrx_word' id='word_1_284' title='bbox 109 2131 190 2171; x_wconf 89' lang='lat' dir='ltr'>tibi</span> <span class='ocrx_word' id='word_1_285' title='bbox 220 2131 327 2172; x_wconf 90' lang='lat' dir='ltr'>misi.</span> <span class='ocrx_word' id='word_1_286' title='bbox 387 2131 499 2173; x_wconf 89' lang='lat' dir='ltr'>Data</span> <span class='ocrx_word' id='word_1_287' title='bbox 529 2132 587 2172; x_wconf 84' lang='lat' dir='ltr'>Id.</span> <span class='ocrx_word' id='word_1_288' title='bbox 614 2132 703 2173; x_wconf 84' lang='grc'>11111</span> <span class='ocrx_word' id='word_1_289' title='bbox 736 2132 1067 2173; x_wconf 85' lang='lat' dir='ltr'>Thessalonicae.</span> 
     </span>
    </p>
   </div>
   <div class='ocr_carea' id='block_1_3' title="bbox 181 2380 1232 2412">
    <p class='ocr_par' dir='ltr' id='par_1_5' title="bbox 181 2380 1232 2412">
     <span class='ocr_line' id='line_1_36' title="bbox 181 2380 1232 2412; baseline 0.004 -6"><span class='ocrx_word' id='word_1_290' title='bbox 181 2380 241 2406; x_wconf 85' lang='lat' dir='ltr'>Cic.</span> <span class='ocrx_word' id='word_1_291' title='bbox 261 2381 345 2412; x_wconf 82' lang='lat' dir='ltr'>epist.</span> <span class='ocrx_word' id='word_1_292' title='bbox 364 2381 405 2407; x_wconf 78' lang='grc' dir='ltr'>ΙΙ,</span> <span class='ocrx_word' id='word_1_293' title='bbox 1213 2380 1232 2410; x_wconf 84' lang='grc'>6</span> 
     </span>
    </p>
   </div>
   <div class='ocr_carea' id='block_1_4' title="bbox 1472 976 1495 1006">
    <p class='ocr_par' dir='ltr' id='par_1_6' title="bbox 1472 976 1495 1006">
     <span class='ocr_line' id='line_1_37' title="bbox 1472 976 1495 1006; textangle 90"><span class='ocrx_word' id='word_1_294' title='bbox 1472 976 1495 1006; x_wconf 67' lang='lat'>10</span> 
     </span>
    </p>
   </div>
  </div>
 </body>
</html>
