1665 2553
154 503 174 532 10

202 102 259 143 30
628 102 676 135 M.
703 101 842 135 TULLI
868 101 1116 136 CICERONIS

200 212 315 253 mus,
367 211 549 252 quocum
592 199 666 238 aut
708 197 837 238 iocari
878 197 1010 239 libere
1049 199 1122 238 aut
1165 198 1377 252 suspirare
1419 197 1539 239 fami-

200 257 363 297 liariter
395 256 619 310 possimus.
682 254 819 305 Quare
849 258 891 297 te
924 259 1228 311 exspectamus,
1258 259 1300 298 te
1333 256 1538 297 desidera-

201 330 309 370 mus,
340 318 382 356 te
407 315 493 355 iam
519 315 648 356 etiam
675 314 936 356 arcessimus.
986 314 1124 355 Multa
1149 318 1249 356 sunt
1275 315 1400 370 enim,
1431 330 1537 369 quae

201 388 268 415 me
319 373 551 414 sollicitant
601 376 865 427 anguntque3
916 387 1021 427 quae
1070 373 1176 414 mihi
1222 373 1366 415 videor
1416 388 1536 414 aures

200 434 351 473 nactus
371 435 467 473 tuas
486 432 612 472 unius
633 432 935 472 ambulationis
956 446 1148 473 sermone
1163 432 1383 473 exhaurire
1400 446 1535 486 posse.
1574 448 1590 474 5

289 489 352 531 Ac
378 490 703 532 domesticarum
723 490 891 544 quidem
912 490 1245 531 sollicitudinum
1265 491 1431 531 aculeos
1452 505 1538 531 om-

200 563 274 589 nes
291 552 331 590 et
346 549 566 603 scrupulos
583 549 814 603 occultabo,
833 563 969 603 neque
984 563 1060 603 ego
1079 548 1178 590 huic
1192 549 1397 603 epistulae
1411 552 1538 603 atque

202 608 351 662 ignoto
366 607 589 649 tabellario
604 608 878 648 committam.
904 607 1047 661 Atque
1059 607 1106 647 hi
1120 608 1236 663 (nolo
1252 608 1364 649 enim
1384 611 1426 649 te
1446 622 1538 661 per-

201 665 381 722 moveri)
395 681 481 707 non
496 669 595 707 sunt
609 666 867 721 permolesti,
888 666 960 707 sed
972 669 1116 707 tamen
1129 666 1313 707 insident
1328 669 1369 708 et
1382 669 1537 721 urgent

203 727 243 766 et
268 725 428 765 nullius
456 725 636 766 amantis
664 725 839 766 consilio
867 728 940 765 aut
967 739 1157 766 sermone
1180 725 1467 778 requiescunt3
1492 725 1536 765 in
1557 742 1592 766 10

201 797 245 824 re
272 784 440 837 publica
465 798 577 839 vero,
604 798 860 837 quamquam
886 784 1050 824 animus
1077 786 1141 825 est
1160 798 1371 839 praesens,
1395 786 1539 824 tamen

202 841 354 882 volnus
387 842 515 883 etiam
548 845 674 896 atque
707 843 835 883 etiam
866 842 959 896 ipsa
985 842 1191 883 medicina
1217 842 1355 883 efficit.
1413 841 1539 897 Nam,

202 902 249 940 ut
271 915 319 941 ea
337 900 536 955 breviter,
563 915 668 954 quae
688 903 786 954 post
811 903 933 941 tuum
956 901 1186 942 discessum
1207 902 1299 941 acta
1319 902 1431 955 sunt,
1456 900 1538 941 col-

201 958 350 1013 ligam,
385 959 471 1000 iam
503 960 708 1000 exclames
739 973 907 1000 necesse
940 962 1004 1000 est
1034 974 1101 1001 res
1131 959 1346 1000 Romanas
1378 959 1537 1000 diutius

203 1020 314 1058 stare
343 1032 429 1058 non
456 1032 592 1071 posse.
647 1018 821 1059 Etenim
849 1021 946 1071 post
978 1018 1282 1071 profectionem
1309 1020 1427 1058 tuam
1455 1018 1538 1071 pri-
1556 1033 1590 1060 15

201 1091 315 1131 mus,
351 1079 399 1116 ut
432 1077 604 1130 opinor,
634 1077 835 1116 introitus
866 1077 948 1116 fuit
979 1077 1024 1116 in
1056 1090 1223 1117 causam
1251 1076 1417 1117 fabulae
1444 1075 1538 1117 Clo-

202 1134 366 1189 dianae,
410 1135 456 1175 in
493 1149 575 1188 qua
613 1148 690 1189 ego
727 1137 895 1189 nactus,
937 1137 985 1174 ut
1022 1134 1128 1175 mihi
1165 1134 1355 1189 videbar,
1397 1135 1537 1176 locum

200 1192 449 1234 resecandae
479 1193 668 1233 libidinis
701 1196 742 1233 et
768 1193 1015 1234 coercendae
1047 1193 1280 1234 iuventutis
1312 1193 1536 1234 vehemens

200 1251 263 1291 fui
301 1254 342 1292 et
380 1266 525 1292 omnes
569 1251 738 1305 profudi
774 1252 884 1292 vires
923 1251 1053 1292 animi
1090 1254 1215 1305 atque
1258 1251 1418 1306 ingenii
1454 1252 1537 1292 mei

199 1323 288 1350 non
325 1309 419 1350 odio
461 1310 664 1350 adductus
712 1310 906 1365 alicuius,
955 1310 1027 1351 sed
1068 1325 1140 1364 spe
1184 1310 1452 1365 corrigendae
1494 1313 1536 1351 et
1556 1327 1590 1352 20

203 1368 410 1408 sanandae
455 1369 650 1409 civitatis
723 1367 907 1409 Adflicta
950 1383 1016 1410 res
1066 1368 1236 1422 publica
1283 1371 1347 1410 est
1393 1371 1535 1423 empto

202 1429 563 1481 constupratoque
600 1427 765 1468 iudicio.
826 1426 953 1482 Vide,
991 1442 1097 1481 quae
1136 1427 1222 1467 sint
1258 1429 1406 1481 postea
1443 1441 1537 1468 con-

203 1488 355 1526 secuta.
425 1484 585 1526 Consul
625 1488 689 1527 est
728 1486 955 1540 impositus
993 1486 1029 1526 is
1066 1486 1209 1541 nobis,
1250 1500 1375 1540 quem
1410 1500 1535 1527 nemo

202 1546 369 1596 praeter
393 1558 471 1585 nos
497 1544 776 1598 philosophos
804 1545 988 1598 aspicere
1020 1545 1110 1585 sine
1143 1544 1349 1598 suspiritu
1379 1547 1534 1598 posset.

203 1601 417 1650 Quantum
453 1602 534 1643 hoc
572 1603 743 1644 vulnus!
780 1603 891 1644 facto
932 1605 1102 1644 senatus
1141 1602 1333 1643 consulto
1371 1603 1420 1643 de
1452 1617 1535 1643 am·
1555 1619 1588 1645 25

201 1660 314 1715 bitu,
349 1661 397 1702 de
429 1661 595 1702 iudiciis
627 1661 744 1702 nulla
774 1661 843 1702 lex
874 1661 1048 1716 perlata,
1080 1662 1318 1716 exagitatus
1351 1663 1535 1716 senatus,

202 1719 374 1760 alienati
412 1720 574 1774 equites
612 1719 806 1761 Romani.
875 1720 943 1761 Sic
986 1720 1057 1761 ille
1102 1734 1234 1760 annus
1278 1719 1359 1760 duo
1396 1719 1535 1760 firma-

200 1780 343 1818 menta
380 1779 441 1819 rei
477 1779 670 1832 publicae
707 1793 782 1832 per
818 1793 885 1820 me
922 1793 1052 1819 unum
1091 1778 1323 1819 constituta
1365 1778 1533 1832 evertit3

200 1850 298 1877 nam
336 1839 378 1877 et
416 1839 586 1878 senatus
626 1837 923 1878 auctoritatem
955 1837 1108 1878 abiecit
1141 1839 1182 1878 et
1215 1835 1408 1877 ordinum
1439 1850 1534 1877 con-

201 1894 385 1935 cordiam
423 1895 616 1936 diiunxit.
681 1894 819 1936 Instat
864 1895 933 1936 hic
974 1909 1087 1936 nunc
1129 1895 1200 1936 ille
1241 1908 1374 1934 annus
1421 1908 1533 1949 egre·
1553 1912 1587 1937 30

201 1953 305 2006 gius.
367 1953 474 1994 Eius
518 1954 689 1994 initium
733 1954 821 1995 eius
864 1954 979 1995 modi
1021 1953 1121 2007 fuit,
1162 1955 1211 1993 ut
1248 1952 1534 1994 anniversaria

201 2025 318 2052 sacra
347 2011 583 2053 Iuventatis
614 2026 701 2053 non
732 2013 1113 2066 committerentur3
1149 2025 1248 2051 nam
1279 2010 1334 2051 M.
1367 2010 1534 2052 Luculli

200 2083 374 2110 uxorem
400 2070 624 2111 Memmius
652 2071 739 2111 suis
767 2071 895 2111 sacris
927 2070 1130 2123 initiavit3
1161 2069 1376 2110 Menelaus
1409 2083 1532 2124 aegre

200 2126 242 2166 id
296 2142 445 2180 passus
496 2129 726 2170 divortium
774 2129 884 2170 fecit.
959 2128 1222 2181 Quamquam
1265 2128 1337 2168 ille
1385 2131 1533 2182 pastor

199 2183 348 2225 Idaeus
374 2186 612 2228 Menelaum
640 2188 778 2228 solum
804 2189 1126 2241 contempserat,
1149 2185 1218 2226 hic
1242 2189 1387 2228 noster
1411 2186 1530 2227 Paris
1551 2202 1585 2229 35

200 2245 288 2283 tam
314 2243 553 2286 Menelaum
586 2261 712 2299 quam
738 2245 1099 2300 Agamemnonem
1129 2244 1311 2286 liberum
1343 2259 1428 2286 non
1458 2259 1532 2298 pu-

153 2312 174 2342 4
200 2301 318 2341 tavit.
380 2301 462 2342 Est
505 2307 647 2345 autem
679 2302 722 2345 C.
754 2303 993 2345 Herennius
1035 2302 1205 2357 quidam
1235 2303 1432 2344 tribunus
1464 2302 1532 2359 pl,
