1665 2553
354 82 586 117 EPISTULA
610 82 674 116 AD
702 81 1019 117 OCTAVIANUM
1046 86 1170 116 7—10.
1357 82 1441 122 565

109 179 306 220 subactae
344 181 386 219 et
424 178 475 219 ad
512 178 737 232 imperium
776 177 994 218 adiunctae
1025 177 1285 231 provinciae,
1325 176 1441 217 nulla

108 237 294 292 dignitas
350 237 559 278 maiorum
609 235 874 277 conciliasset
924 250 1011 277 eam
1063 236 1314 289 potentiam,
1371 235 1441 275 sed

108 296 243 337 forma
286 310 360 350 per
403 295 578 336 dedecus
622 295 840 348 pecuniam
885 297 926 335 et
972 309 1127 335 nomen
1166 294 1308 335 nobile
1348 307 1442 334 con-

110 354 357 396 sceleratum
389 354 652 407 impudicitia
685 353 879 408 dedisset,
909 355 980 406 qni
1007 355 1169 393 veteres
1196 352 1441 393 vulneribus

73 416 151 456 5et
188 415 324 454 aetate
364 413 576 453 confectos
613 411 800 453 Iulianos
833 412 1107 466 gladiatores,
1146 414 1316 465 egentes
1349 411 1442 451 reli-

110 472 229 526 quias
261 469 452 512 Caesaris
484 471 585 526 ludi,
616 470 667 511 ad
698 471 842 511 rudem
876 470 1158 524 compulisset,
1191 469 1345 523 quibus
1373 469 1442 509 ille

110 533 279 584 saeptus
321 530 461 570 omnia
499 530 711 585 misceret,
750 529 879 570 nullis
910 531 1117 583 parceret,
1157 528 1238 569 sibi
1270 528 1444 583 viveret,

110 589 182 642 qui
219 591 435 642 tamquam
474 588 519 629 in
556 588 688 629 dotali
719 588 989 629 matrimonio
1020 602 1109 628 rem
1139 586 1352 642 publicam
1384 589 1443 627 te-

110 649 319 688 stamento
357 647 542 701 legatam
580 647 661 687 sibi
699 647 939 687 obtineret?
988 645 1175 687 Audient
1208 645 1289 686 duo
1321 644 1441 685 Decii

57 724 90 748 10
110 705 266 747 servire
298 720 368 746 eos
396 706 518 759 cives,
551 706 623 759 qui
648 708 696 746 ut
719 705 915 746 hostibus
941 705 1209 759 imperarent,
1240 704 1442 745 victoriae

109 779 153 805 se
185 764 458 818 devoverunt3
490 764 632 805 audiet
663 762 706 805 C.
733 764 892 804 Marius
923 764 1134 817 impudico
1167 763 1338 804 domino
1371 777 1440 816 pa-

109 837 200 863 rere
237 837 332 877 nos,
373 823 445 877 qui
481 838 534 864 ne
574 823 752 863 militem
791 823 957 876 quidem
994 822 1149 863 habere
1185 821 1322 863 voluit
1359 821 1442 862 nisi

108 881 323 936 pudicum3
373 881 514 922 audiet
563 881 722 922 Brutus
772 896 867 923 eum
909 881 1132 935 populum,
1182 895 1307 934 quem
1349 880 1440 934 ipse

109 940 265 994 primo,
309 943 407 993 post
449 941 671 995 progenies
711 939 798 981 eius
838 955 861 981 a
897 940 1069 994 regibus
1106 939 1321 994 liberavit,
1364 953 1440 992 pro

1469 655 1511 685 10

58 1015 90 1040 15
109 998 224 1051 turpi
261 1000 406 1052 stupro
446 998 591 1039 datum
628 999 672 1039 in
713 999 970 1039 servitutem.
1033 997 1146 1046 Quae
1179 998 1365 1052 quidem,
1405 997 1441 1038 si
1496 999 1503 1002 ”

108 1057 226 1097 nullo
260 1056 355 1111 alio,
385 1071 451 1098 me
482 1060 624 1098 tamen
654 1057 915 1098 internuntio
948 1057 1137 1098 celeriter
1170 1056 1220 1097 ad
1251 1057 1347 1097 illos
1377 1055 1443 1096 de-

109 1115 308 1156 ferentur.
357 1114 481 1171 Nam⁷
514 1116 549 1156 si
580 1116 700 1157 vivus
730 1116 813 1157 ista
845 1115 1137 1169 subterfugere
1170 1129 1256 1157 non
1282 1117 1443 1170 potero,

110 1187 194 1214 una
225 1187 319 1214 cum
349 1174 444 1215 istis
474 1174 606 1215 vitam
638 1174 763 1215 simul
793 1175 939 1230 fugere
971 1174 1142 1215 decrevi.
