1665 2553
301 80 641 116 EPISTULARUM
666 81 730 114 AD
756 79 972 115 ATTICUM
997 81 1047 114 IV
1073 84 1104 124 2,
1132 84 1163 115 3.
1323 80 1405 121 107

63 177 142 219 nis.
204 176 285 226 Qui
316 179 435 218 erant
467 191 648 230 mecum,
686 176 807 218 facile
846 191 994 230 operas
1034 176 1150 217 aditu
1182 175 1408 230 prohibue-

65 238 176 277 runt.
226 235 323 289 Ipse
350 235 481 276 occidi
507 236 660 290 potuit,
692 236 764 276 sed
791 249 868 290 ego
896 235 1034 276 diaeta
1060 249 1205 276 curare
1236 233 1407 288 incipio,

66 294 303 348 chirurgiae
340 294 492 336 taedet.
554 293 631 335 Ille
673 294 863 335 omnium
893 294 1068 335 vocibus
1107 308 1203 334 cum
1240 308 1284 334 se
1320 307 1409 335 non

67 353 119 394 ad
149 352 363 407 iudicium,
396 353 468 394 sed
499 353 551 394 ad
582 352 838 406 supplicium
868 367 1066 406 praesens
1092 352 1207 393 trudi
1233 352 1406 406 videret,

31 429 48 454 5
68 426 212 452 omnes
245 410 449 453 Catilinas
481 410 684 452 Acidinos
716 414 864 465 postea
895 411 1087 452 reddidit.
1148 411 1259 452 Nam
1286 410 1407 451 Milo-

66 471 133 511 nis
154 470 336 524 domum,
363 484 455 511 eam
476 485 582 524 quae
602 473 659 511 est
676 471 723 511 in
742 468 947 524 Cermalo,
975 485 1035 524 pr.
1056 468 1155 510 Idus
1176 468 1406 510 Novembr.

69 542 309 583 expugnare
341 531 383 570 et
414 529 634 570 incendere
666 528 727 569 ita
752 531 928 570 conatus
955 531 1031 583 est,
1063 531 1110 569 ut
1136 528 1277 583 palam
1302 528 1408 569 hora

69 588 218 642 quinta
250 602 345 628 cum
377 588 508 628 scutis
539 587 731 628 homines
765 587 925 628 eductis
964 587 1134 641 gladiis,
1174 587 1279 627 alios
1313 601 1408 627 cum

71 646 253 687 accensis
285 646 450 687 facibus
485 646 715 687 adduxerit.
765 645 861 699 Ipse
887 645 1059 686 domum
1083 645 1127 687 P.
1156 644 1298 686 Sullae
1329 659 1407 699 pro

17 721 51 746 ιο
71 705 220 746 castris
248 705 330 746 sibi
357 704 408 745 ad
433 719 524 745 eam
549 704 914 758 impugnationem
934 707 1183 758 sumpserat.
1228 704 1337 745 Tum
1359 717 1409 745 ex

70 763 266 804 Anniana
303 762 478 804 Milonis
518 763 641 804 domo
675 762 720 811 Q.
752 762 926 804 Flaccus
960 763 1103 803 eduxit
1134 763 1249 804 viros
1282 762 1410 817 acris,

72 822 224 863 occidit
261 821 454 862 homines
494 836 544 862 ex
583 822 696 863 omni
734 821 957 862 latrocinio
997 820 1202 862 Clodiano
1239 821 1408 862 notissi-

70 895 181 936 mos,
222 880 362 934 ipsum
400 880 578 935 cupivit,
620 880 691 921 sed
722 880 793 920 ille
826 895 869 921 se
901 880 946 920 in
975 880 1221 921 interiorem
1245 883 1410 933 partem

72 939 237 980 aedium
282 939 433 981 Sullae.
494 939 610 979 Exin
650 941 820 979 senatus
861 939 1065 992 postridie
1105 937 1214 979 Idus.
1282 938 1411 979 Domi

19 1014 53 1039 15
74 996 257 1039 Clodius.
306 997 518 1052 Egregius
544 997 827 1050 Marcellinus,
860 1011 1004 1038 omnes
1037 1012 1162 1038 acres,
1213 997 1411 1055 Mete-llus

74 1056 282 1097 calumnia
303 1056 466 1096 dicendi
484 1058 650 1109 tempus
673 1056 827 1096 exemit
853 1055 1078 1096 adiuvante
1097 1055 1252 1110 Appio,
1284 1055 1414 1098 etiam

72 1114 240 1155 hercule
283 1114 483 1155 familiari
522 1118 616 1169 tuo,
656 1114 705 1154 de
746 1114 864 1155 cuius
904 1115 1145 1155 constantia
1182 1117 1220 1155 et
1253 1114 1413 1156 virtute

74 1177 166 1215 tuae
202 1172 444 1213 verissimae
482 1172 660 1214 litterae.
722 1172 885 1214 Sestius
926 1173 1075 1213 furere.
1136 1171 1213 1213 Ille
1251 1175 1412 1227 postea,

75 1231 111 1272 si
143 1231 313 1272 comitia
340 1245 414 1272 sua
444 1246 532 1272 non
561 1231 728 1284 fierent,
766 1231 863 1271 urbi
895 1230 1057 1271 minari.
1119 1230 1229 1272 DIz'lo
1260 1244 1413 1284 propo-

21 1307 56 1331 20
76 1290 157 1330 sita
206 1289 442 1330 Marcellini
483 1290 708 1344 sententia,
756 1304 882 1343 quam
924 1289 996 1330 ille
1043 1289 1092 1330 de
1145 1289 1303 1343 scripto
1350 1289 1413 1329 ita

76 1348 250 1402 dixerat,
280 1350 328 1388 ut
358 1350 495 1388 totam
525 1350 716 1389 nostram
749 1362 918 1388 oausam
951 1362 1081 1402 areae,
1112 1347 1414 1402 incendiorum,

76 1406 252 1460 periculi
282 1406 366 1446 mei
396 1406 549 1447 iudicio
582 1407 932 1460 complecteretur
958 1421 1088 1460 eaque
1115 1406 1256 1447 omnia
1288 1405 1413 1447 comi-

75 1465 149 1505 tiis
182 1465 428 1520 anteferret,
465 1465 715 1518 proscripsit
748 1480 791 1506 se
823 1479 897 1519 per
929 1479 1072 1505 omnes
1106 1464 1193 1505 dies
1225 1464 1409 1505 comitia-

74 1522 138 1564 les
176 1522 224 1563 de
262 1523 374 1563 caelo
414 1526 688 1564 servaturum.
750 1522 980 1564 Contiones
1021 1523 1291 1564 turbulentae
1328 1522 1412 1563 Me-

24 1597 58 1623 25
77 1581 180 1635 teni,
210 1581 457 1623 temerariae
476 1580 601 1635 Appi,
627 1581 935 1623 furiosissimae
954 1581 1092 1622 Publi.
1130 1581 1247 1622 Ηο00
1270 1584 1415 1622 tamen

79 1654 254 1694 summa,
278 1639 361 1680 nisi
380 1639 484 1680 Milo
505 1640 550 1680 in
568 1655 714 1694 campo
736 1640 1043 1694 obnuntiasset,
1067 1640 1238 1680 comitia
1257 1640 1413 1680 futura.

79 1697 192 1739 Ante
218 1697 327 1738 diem
354 1710 419 1739 ΧΗ
437 1698 530 1739 Κο1.
550 1697 765 1739 Decembr.
787 1698 891 1739 Milo
919 1701 1016 1739 ante
1041 1698 1221 1738 mediam
1245 1700 1415 1738 noctem

80 1771 175 1797 cum
199 1770 353 1811 magna
372 1772 499 1797 manu
518 1757 563 1797 in
582 1771 774 1810 campum
796 1757 919 1797 venit.
964 1755 1149 1809 Clodius,
1175 1771 1270 1797 cum
1288 1755 1414 1796 habe-

80 1817 145 1855 ret
169 1814 450 1869 fugitivorum
475 1814 656 1856 delectas
684 1815 839 1869 copias,
865 1814 909 1855 in
934 1828 1127 1867 campum
1153 1814 1214 1854 ire
1239 1828 1326 1854 non
1351 1815 1416 1854 est

28 1888 63 1914 30
83 1886 220 1914 ausus.
270 1873 374 1914 Milo
401 1874 632 1927 permansit
664 1873 715 1913 ad
745 1873 963 1913 meridiem
987 1872 1164 1913 mirifica
1193 1871 1416 1913 hominum

81 1930 245 1971 laetitia
276 1946 439 1972 summa
471 1946 566 1972 cum
598 1931 743 1985 gloria.
806 1930 1035 1972 Contentio
1073 1931 1253 1971 fratrum
1284 1930 1417 1971 trium

82 1988 238 2043 turpis,
274 1989 408 2031 fracta
438 1990 519 2045 vis,
558 1992 824 2043 contemptus
854 1990 984 2030 furor.
1045 1988 1243 2030 Metellus
1273 1990 1418 2029 tamen

83 2046 284 2100 postulat,
314 2050 363 2088 ut
394 2048 475 2089 sibi
505 2051 676 2102 postero
703 2048 767 2088 die
792 2048 836 2088 in
860 2048 955 2089 foro
983 2047 1276 2101 obnuntietur3
1306 2046 1418 2087 nihil

85 2119 187 2160 esse,
218 2105 329 2158 quod
358 2107 404 2146 in
434 2121 628 2160 campum
658 2109 781 2147 nocte
806 2106 1038 2159 veniretur,
1071 2120 1113 2146 se
1144 2105 1249 2146 hora
1280 2105 1417 2159 prima

31 2179 65 2204 35
84 2163 130 2203 in
165 2163 337 2204 comitio
374 2164 474 2206 fore.
535 2165 684 2219 Itaque
722 2167 818 2206 ante
855 2165 964 2205 diem
1001 2175 1050 2205 XI
1081 2163 1173 2204 Kal.
1210 2163 1256 2204 in
1293 2163 1419 2204 comi-

84 2221 193 2262 tium
224 2221 327 2262 Milo
359 2222 408 2262 de
443 2226 566 2264 nocte
596 2224 724 2265 venit.
785 2223 983 2264 Metellus
1023 2236 1118 2263 cum
1154 2222 1291 2276 prima
1326 2222 1418 2263 luce

85 2279 234 2320 furtim
272 2280 318 2320 in
357 2294 549 2334 campum
587 2281 813 2323 itineribus
861 2296 992 2335 prope
1033 2280 1163 2321 deviis
1206 2280 1420 2321 currebat:
