1665 2553
330 94 670 130 EPIsTULARUM
694 95 758 129 AD
787 94 1001 130 ATTICUM
1026 95 1042 128 Ι
1069 98 1216 130 14-16,
1390 95 1442 136 19

102 191 239 232 laudis
284 191 517 232 avidissimi
567 205 730 246 semper
777 190 934 231 fuimus
979 193 1020 232 et
1069 193 1236 245 praeter
1281 193 1442 232 ceteros

105 250 361 305 φιλέλληνες
401 252 443 290 61
483 264 627 290 sumus
669 252 710 290 et
748 249 955 291 habemur
995 251 1036 290 et
1076 249 1309 290 multorum
1348 249 1443 290 odia

105 311 230 362 atque
261 308 508 349 inimicitias
539 309 600 349 rei
631 308 824 362 publicae
856 321 980 349 causa
1013 308 1289 364 suscepimus,
1321 308 1443 350 ‘cccxv-

104 370 223 421 τοίης
261 367 414 422 ἀρετῆς
451 367 710 421 μιμνήσκεο’
742 381 941 422 curaque,
979 366 1114 422 effice,
1144 369 1192 408 ut
1224 367 1276 407 ab
1311 367 1442 408 omni-

68 445 84 470 5
104 426 183 467 bus
216 429 257 468 et
287 425 505 466 laudemur
537 428 578 466 et
610 440 806 466 amemur.
868 425 949 466 His
987 425 1036 466 de
1073 425 1199 467 rebus
1236 426 1360 480 plura
1392 426 1444 467 ad
1468 436 1488 466 2

103 488 145 526 te
177 485 221 525 in
253 499 301 525 ea
326 484 508 538 epistula
534 484 729 539 scribam,
761 499 887 538 quam
912 484 995 538 ipsi
1022 483 1179 532 Quinto
1208 485 1328 525 dabo.
1379 484 1443 526 Tu

103 558 170 584 me
211 543 337 584 velim
380 543 601 584 certiorem
643 543 791 597 facias,
841 543 942 597 quid
986 543 1035 584 de
1084 543 1188 584 meis
1232 543 1442 584 mandatis

104 602 240 656 egeris
290 604 417 655 atque
470 602 598 642 etiam
644 602 746 656 quid
786 602 835 642 de
882 604 956 642 tuo
1000 602 1193 656 negoti03
1236 617 1352 658 nam,
1394 604 1443 643 ut

103 660 330 701 Brundisio
364 661 579 714 profectus
611 675 672 715 es,
710 660 850 701 nullae
886 660 992 700 mihi
1030 660 1104 700 abs
1142 663 1184 701 te
1223 664 1323 702 sunt
1353 661 1443 701 red-

50 738 84 762 10
104 720 215 760 ditae
252 719 431 760 litterae.
494 718 627 760 Valde
665 733 766 760 aveo
809 718 932 772 scire,
974 718 1074 772 quid
1116 732 1226 773 agas.
1294 719 1442 760 Idibus

104 778 282 818 Martiis.

715 892 828 934 XVI.

409 974 481 1009 Ser.
509 974 645 1009 Romae
671 985 713 1008 m.
743 973 864 1018 Quint.
892 985 924 1008 α.
953 976 1024 1008 693
1051 976 1141 1017 (61).

526 1054 693 1090 CICERO
718 1055 892 1090 ATTICO
920 1055 1016 1090 SAL.

50 1148 82 1174 15
192 1127 367 1177 Quaeris
394 1142 445 1169 ex
469 1142 547 1182 me,
580 1128 680 1181 quid
707 1127 901 1169 acciderit
927 1128 976 1168 de
1008 1128 1176 1184 iudicio,
1208 1128 1321 1182 quod
1351 1131 1439 1169 tam
1467 1140 1484 1169 1

103 1190 270 1242 praeter
308 1187 550 1241 opinionem
592 1186 781 1227 omnium
820 1186 981 1227 factum
1022 1187 1096 1242 sit,
1136 1189 1178 1227 et
1219 1187 1346 1227 simul
1377 1187 1440 1228 vis

104 1246 228 1301 scire,
266 1260 348 1299 quo
380 1245 506 1286 modo
541 1258 618 1300 ego
650 1245 810 1300 minus,
843 1260 969 1299 quam
1002 1245 1177 1300 soleam,
1208 1245 1440 1299 proeliatus

104 1305 193 1346 sim.
260 1303 541 1358 Respondebo
589 1303 670 1344 tibi
709 1304 897 1358 ὕστερον
936 1305 1151 1359 πρότερον
1179 1303 1440 1358 (Ομηρικῶς.

103 1363 198 1418 Ego
240 1363 369 1418 enim,
410 1377 538 1417 quam
578 1362 650 1403 diu
690 1365 860 1403 senatus
901 1363 1131 1403 auctoritas
1162 1362 1268 1403 mihi
1302 1363 1440 1404 defen-

51 1442 84 1466 ‘20
105 1421 238 1463 denda
267 1421 367 1475 fuit,
405 1421 465 1462 sic
499 1421 650 1461 acriter
687 1423 728 1461 et
759 1420 1029 1462 vehementer
1067 1421 1301 1475 proeliatus
1335 1436 1440 1476 sum,

104 1483 152 1521 ut
173 1479 330 1521 clamor
355 1494 666 1533 concursusque
691 1480 875 1520 maxima
900 1494 995 1520 cum
1019 1494 1111 1520 mea
1135 1480 1258 1521 laude
1277 1480 1438 1521 fierent.

105 1538 263 1587 Quodsi
303 1538 384 1578 tibi
423 1552 625 1592 umquam
664 1553 758 1578 sum
788 1538 904 1579 visus
944 1539 989 1579 in
1026 1553 1070 1579 re
1101 1539 1271 1592 publica
1302 1539 1439 1592 fortis,

104 1600 216 1639 certe
255 1611 322 1638 me
361 1597 407 1637 in
446 1596 520 1637 illa
561 1611 686 1637 causa
725 1597 956 1637 admiratus
997 1611 1121 1637 esses.
1184 1596 1290 1638 Cum
1328 1597 1441 1638 enim

103 1656 175 1697 ille
206 1656 259 1696 ad
289 1655 508 1697 contiones
540 1655 801 1710 confugisset
830 1655 875 1696 in
906 1655 1043 1708 iisque
1068 1669 1161 1696 meo
1192 1656 1362 1696 nomine
1388 1656 1441 1696 ad

52 1734 85 1760 25
104 1714 306 1756 invidiam
349 1716 557 1767 uteretur,
603 1714 645 1754 di
683 1713 961 1754 immortales!
1007 1728 1110 1767 quas
1156 1727 1232 1768 ego
1274 1727 1438 1768 pugnas

106 1775 148 1814 et
190 1775 368 1827 quantas
411 1775 574 1827 strages
617 1772 743 1813 edidi!
786 1786 890 1825 quos
928 1772 1112 1825 impetus
1154 1773 1199 1812 in
1229 1772 1440 1826 Pisonem,

104 1832 149 1872 in
181 1830 425 1885 Curionem,
465 1831 509 1871 in
540 1833 676 1871 totam
708 1830 825 1871 illam
856 1845 1025 1870 manum
1058 1830 1155 1871 feci!
1198 1845 1280 1884 quo
1312 1830 1438 1871 modo

107 1904 200 1930 sum
230 1891 462 1931 insectatus
493 1889 710 1930 levitatem
742 1903 906 1942 senum,
936 1888 1157 1929 libidinem
1188 1889 1439 1929 iuventutis!

108 1947 251 2002 Saepe,
281 1949 342 1989 ita
372 1963 439 1989 me
471 1947 513 1988 di
544 1948 708 1988 iuvent!
739 1950 781 1988 16
812 1961 898 1988 11011
931 1947 1068 1988 solum
1101 1950 1315 1987 auctorem
1346 1961 1440 1987 con-

54 2025 88 2050 30
108 2006 298 2047 silim-um
327 2021 530 2060 meorum,
561 2020 707 2047 verum
733 2005 860 2046 etiam
892 2008 1171 2059 spectatorem
1202 2019 1441 2059 pugnarum

107 2064 380 2106 mirificarum
410 2064 652 2106 desideravi.
714 2063 869 2105 Postea
899 2078 997 2105 vero
1032 2078 1157 2117 quam
1183 2063 1439 2105 Hortensius
1466 2075 1485 2105 -2

108 2123 382 2178 excogitavit,
411 2127 459 2163 ut
490 2123 627 2178 legem
658 2123 706 2163 de
744 2122 948 2177 religione
979 2121 1124 2162 Fufius
1156 2122 1352 2163 tribunus
1384 2123 1439 2177 pl.

106 2182 246 2236 ferret,
277 2181 321 2221 in
353 2196 436 2235 qua
464 2182 573 2222 nihil
603 2181 718 2222 aliud
744 2196 767 2222 a
793 2181 1004 2222 consulari
1034 2181 1254 2235 rogatione
1281 2181 1441 2222 differe-

108 2240 181 2281 bat
220 2239 304 2280 nisi
343 2239 527 2280 iudicum
569 2253 700 2294 gen-us
734 2238 795 2296 (in
838 2253 886 2280 eo
929 2242 1069 2279 autem
1109 2242 1228 2280 erant
1270 2238 1447 2296 omnia),

56 2315 88 2341 35
108 2299 416 2353 pugnavitque,
456 2300 504 2338 ut
534 2298 594 2339 ita
625 2299 761 2352 fieret,
803 2298 915 2351 quod
957 2300 998 2338 et
1030 2297 1112 2338 sibi
1150 2300 1191 2339 61
1223 2298 1318 2339 aliis
1350 2314 1440 2352 per-

1182 2366 1228 2389 ἢ*
