1665 2553
218 90 302 130 312
646 89 693 123 Μ.
715 88 855 123 TULLI
881 88 1128 124 CICERONIS

218 186 417 241 crebrius,
448 189 591 226 tamen
622 199 739 226 caros
771 185 913 239 habet,
943 199 1009 225 me
1036 184 1205 238 quidem
1233 199 1276 225 se
1301 185 1395 238 ipso
1423 184 1553 226 cario-

216 259 315 285 rem.
377 243 497 293 Quod
533 244 582 284 de
618 258 749 297 puero
788 243 911 284 aliter
952 243 1003 284 ad
1034 246 1076 284 te
1109 243 1279 297 scripsit
1312 246 1352 284 et
1385 243 1437 284 ad
1467 258 1552 284 ma-

216 306 325 344 trem
363 303 411 343 de
448 303 556 357 filio,
593 316 679 342 non
715 301 987 355 reprehendo.
1049 301 1113 342 De
1149 302 1297 354 Quinto
1331 303 1469 355 fratre
1511 304 1552 342 et

218 361 267 402 de
294 376 436 402 sorore
463 376 568 415 quae
595 360 756 414 scribis
781 361 961 401 molesta
988 363 1087 401 sunt
1115 374 1246 414 eoque
1271 361 1420 416 magis,
1441 360 1553 414 quod

218 435 265 460 ea
295 423 487 460 temuora
511 422 658 460 nostra
685 422 797 472 sunt,
829 422 876 459 ut
903 433 980 473 ego
1006 419 1058 460 iis
1085 419 1241 459 mederi
1266 433 1354 460 non
1378 419 1550 484 possim.
1590 436 1606 461 5

216 478 328 520 Nam
367 481 476 519 certe
514 477 716 532 mederer3
757 477 846 532 36(1,
884 478 1039 532 quibus
1077 478 1122 518 'm
1158 477 1281 518 malis
1321 480 1361 518 et
1394 492 1476 531 qua
1507 478 1553 518 in

217 537 507 591 desperatione
538 551 679 577 rerum
712 537 855 589 simus,
888 536 1015 577 vides.

305 594 384 636 Illa
410 596 458 635 de
484 595 648 635 ratione
671 595 907 635 nummaria
932 609 1018 636 non
1044 598 1143 635 sunt
1166 595 1254 635 eius
1276 594 1389 635 modi
1409 592 1553 650 (saepe

218 654 328 694 enim
367 654 489 694 audio
529 668 578 693 ex
616 652 748 709 ipso),
784 657 831 694 ut
863 668 950 694 non
982 654 1124 707 cupiat
1155 654 1237 694 tibi
1268 656 1481 707 praestare
1512 656 1554 693 et

218 714 262 753 in
294 727 341 754 eo
374 713 549 753 laboret.
602 710 694 765 Sed,
727 713 762 752 si
788 712 894 752 mihi
927 712 971 760 Q.
998 712 1134 753 Axius
1160 712 1205 752 in
1229 712 1307 753 hac
1333 726 1425 752 mea
1450 712 1551 766 fuga
1574 729 1610 753 10

217 770 290 812 HS
330 773 413 811 ᾗ
450 785 537 811 11011
573 771 728 824 reddit,
773 785 878 825 quae
915 770 1009 811 dedi
1047 771 1136 811 eius
1172 770 1261 811 filio
1299 774 1468 826 mutua,
1511 773 1553 810 et

218 831 355 870 utitur
386 829 654 870 excusatione
686 830 904 884 temporiS,
937 830 972 869 31
1004 828 1149 884 Lepta,
1183 829 1219 870 si
1250 830 1396 883 ceteri,
1435 828 1551 870 soleo

218 888 380 941 mirari,
418 888 467 928 de
502 888 645 929 nescio
685 888 779 942 quis
817 887 889 928 HS
928 890 991 928 fi
1030 902 1125 928 cum
1167 888 1290 928 audio
1323 902 1372 929 ex
1404 887 1478 928 1110
1512 901 1554 928 36
1637 927 1639 944 2

218 947 372 1001 urgeri.
422 946 551 988 Vides
585 947 695 988 enim
726 947 915 1001 profecto
950 947 1179 1001 angustias.
1232 945 1382 988 Curari
1412 948 1554 986 tamen
1634 951 1636 979 ¹

219 1020 266 1046 63
296 1005 377 1046 tibi
408 1006 557 1059 utique
592 1005 721 1046 iubet.
771 1005 840 1046 An
872 1006 1090 1046 existimas
1127 1005 1246 1045 illum
1286 1005 1331 1046 in
1369 1005 1452 1045 isto
1486 1018 1554 1058 ge·
1575 1021 1609 1047 15

174 1078 180 1084 ·
217 1079 316 1105 nere
351 1064 561 1104 lentulum
592 1067 664 1105 aut
696 1065 970 1105 restrictum?
1015 1063 1152 1105 Nemo
1191 1066 1254 1104 est
1288 1063 1440 1104 minus.
1490 1062 1554 1104 De

218 1122 349 1163 fratre
382 1123 496 1163 satis.

306 1180 369 1221 De
402 1182 490 1221 61113
521 1181 662 1222 iuvene
692 1181 779 1221 filio
811 1181 989 1220 indulsit
1020 1181 1085 1221 illi
1111 1180 1280 1234 quidem
1308 1195 1408 1220 suus
1434 1182 1555 1234 pater

220 1253 395 1292 semper,
436 1239 508 1279 sed
538 1253 626 1279 non
655 1239 757 1279 facit
789 1239 1052 1293 indulgentia
1083 1239 1325 1279 mendacem
1357 1240 1429 1278 aut
1462 1252 1554 1278 ava-

218 1312 313 1338 rum
345 1300 418 1338 aut
445 1312 532 1338 non
557 1300 768 1338 amantem
795 1312 978 1351 suorum,
1010 1298 1192 1338 ferocem
1217 1297 1399 1337 fortasse
1426 1299 1553 1350 atque
1575 1314 1609 1338 20

220 1358 487 1410 arrogantem
519 1358 561 1396 et
592 1356 794 1396 infestum
824 1356 936 1396 facit.
986 1354 1138 1409 Itaque
1168 1355 1298 1395 habet
1323 1355 1426 1396 haec
1453 1369 1555 1408 quo·

220 1429 313 1470 que,
339 1429 445 1468 quae
468 1417 699 1455 nascuntur
725 1429 774 1455 ex
800 1414 1076 1469 indulgentia,
1108 1414 1180 1454 sed
1206 1428 1254 1454 ea
1280 1416 1379 1454 sunt
1404 1413 1555 1454 tolera-

219 1473 323 1513 bilia
370 1471 490 1528 (quid
540 1473 651 1513 enim
699 1472 883 1528 dicain‘?)
944 1473 1024 1513 hac
1069 1473 1305 1527 iuventute,
1350 1487 1397 1512 63
1442 1486 1555 1525 vero,

221 1546 326 1585 quae
356 1531 462 1572 mihi
495 1531 672 1585 quidem,
711 1532 783 1585 qui
813 1532 936 1572 illum
969 1546 1074 1584 amo,
1106 1534 1204 1572 sunt
1235 1530 1302 1571 his
1334 1530 1438 1584 ipsis
1470 1545 1555 1571 ma-

219 1591 289 1644 lis,
328 1590 374 1630 in
411 1590 504 1643 quis
538 1605 700 1643 sumus,
740 1590 976 1643 miseriora,
1012 1604 1101 1630 non
1133 1592 1231 1630 sunt
1265 1589 1315 1629 ab
1349 1589 1553 1642 obsequio
1575 1604 1609 1630 25

219 1651 378 1689 nostro.
428 1647 537 1688 Nam
571 1663 665 1689 suas
696 1649 855 1689 radices
886 1649 1064 1702 habent3
1098 1662 1202 1701 quas
1236 1650 1378 1688 tamen
1409 1647 1554 1688 evelle-

220 1722 309 1748 rem
351 1707 558 1761 profecto,
602 1707 637 1747 si
679 1707 834 1748 liceret.
906 1705 987 1747 Sed
1027 1722 1074 1747 63
1114 1709 1305 1760 tempora
1347 1708 1463 1759 sunt,
1506 1708 1555 1746 ut

222 1766 363 1806 omnia
400 1765 505 1806 mihi
544 1765 629 1806 sint
666 1766 875 1819 patienda.
943 1765 1038 1819 Ego
1076 1779 1216 1805 meum
1254 1763 1374 1804 facile
1413 1766 1555 1819 teneo3

221 1824 327 1864 nihil
359 1827 422 1864 est
454 1824 564 1864 enim
597 1838 644 1865 eo
676 1824 953 1864 tractabilius.
1004 1823 1164 1872 Quoius
1197 1822 1365 1876 quidem
1393 1822 1555 1862 miseri-

220 1882 361 1923 cordia
392 1883 656 1937 languidiora
688 1882 822 1923 adhuc
853 1882 1029 1922 consilia
1060 1882 1151 1935 cepi
1183 1884 1236 1934 et,
1276 1895 1358 1934 quo
1384 1880 1457 1921 ille
1488 1894 1554 1921 me
1574 1897 1609 1923 30

221 1941 442 1981 certiorem
477 1941 570 1981 vult
607 1955 714 1995 esse,
758 1955 806 1981 eo
843 1941 979 1995 magis
1011 1940 1158 1995 timeo,
1200 1953 1252 1979 ne
1284 1939 1329 1979 in
1361 1953 1456 1979 eum
1488 1954 1554 1980 ex-

222 1999 370 2039 sistam
402 1999 622 2041 crudelior.

311 2056 391 2098 Sed
421 2057 634 2098 Antonius
666 2058 782 2098 venit
812 2057 904 2098 heri
935 2057 1111 2110 vesperi.
1165 2055 1257 2096 Iam
1287 2055 1470 2096 fortasse
1503 2055 1555 2096 ad

221 2130 286 2156 me
323 2116 462 2156 veniet
500 2119 572 2157 aut
608 2131 659 2157 ne
696 2116 740 2156 1(1
772 2116 955 2170 quidem,
995 2115 1194 2169 quoniam
1226 2114 1416 2169 scripsit,
1454 2113 1556 2167 quid

222 2174 312 2213 fieri
343 2174 479 2214 vellet.
542 2173 622 2215 Sed
655 2175 758 2215 scies
791 2174 1004 2229 continuo,
1039 2173 1139 2227 quid
1171 2175 1311 2213 actum
1344 2171 1410 2213 sit.
1461 2170 1552 2212 Nos
1573 2188 1608 2214 35

221 2231 303 2271 iam
334 2232 443 2272 nihil
472 2233 556 2273 nisi
589 2233 760 2273 occulte.

1637 2159 1643 2218 ἑ

1636 2244 1643 2280 l

310 2288 372 2329 De
411 2291 552 2343 pueris
594 2291 695 2345 quid
735 2291 884 2345 agam?
940 2304 1124 2344 parvone
1157 2289 1328 2344 navigio
1366 2288 1555 2330 commit·
1636 2284 1643 2382 ξ

1634 2387 1641 2416 ι·

1637 2450 1643 2472 ἱ
