<?xml version="1.0" encoding="UTF-8"?>
<!DOCTYPE html PUBLIC "-//W3C//DTD XHTML 1.0 Transitional//EN"
    "http://www.w3.org/TR/xhtml1/DTD/xhtml1-transitional.dtd">
<html xmlns="http://www.w3.org/1999/xhtml" xml:lang="en" lang="en">
 <head>
  <title>
</title>
<meta http-equiv="Content-Type" content="text/html;charset=utf-8" />
  <meta name='ocr-system' content='tesseract 3.04.00' />
  <meta name='ocr-capabilities' content='ocr_page ocr_carea ocr_par ocr_line ocrx_word'/>
</head>
<body>
  <div class='ocr_page' id='page_1' title='image "./p2scriptaquaemanse03ciceuoft_0573.png"; bbox 0 0 1665 2553; ppageno 0'>
   <div class='ocr_carea' id='block_1_1' title="bbox 294 57 1435 101">
    <p class='ocr_par' dir='ltr' id='par_1_1' title="bbox 294 57 1435 101">
     <span class='ocr_line' id='line_1_1' title="bbox 294 57 1435 101; baseline 0.002 -10"><span class='ocrx_word' id='word_1_1' title='bbox 294 57 634 92; x_wconf 83' lang='lat' dir='ltr'><strong>EPISTULARUM</strong></span> <span class='ocrx_word' id='word_1_2' title='bbox 657 58 721 92; x_wconf 90' lang='lat' dir='ltr'>AD</span> <span class='ocrx_word' id='word_1_3' title='bbox 747 57 964 93; x_wconf 79' lang='lat' dir='ltr'><strong>ATTICUM</strong></span> <span class='ocrx_word' id='word_1_4' title='bbox 989 58 1056 92; x_wconf 85' lang='lat' dir='ltr'>XII</span> <span class='ocrx_word' id='word_1_5' title='bbox 1082 62 1230 93; x_wconf 78' lang='lat'>38-40.</span> <span class='ocrx_word' id='word_1_6' title='bbox 1349 60 1435 101; x_wconf 81' lang='lat'>383</span> 
     </span>
    </p>
   </div>
   <div class='ocr_carea' id='block_1_2' title="bbox 51 152 1435 503">
    <p class='ocr_par' dir='ltr' id='par_1_2' title="bbox 86 152 1435 386">
     <span class='ocr_line' id='line_1_2' title="bbox 88 152 1435 210; baseline 0.001 -15"><span class='ocrx_word' id='word_1_7' title='bbox 88 154 215 195; x_wconf 88' lang='lat' dir='ltr'>nales.</span> <span class='ocrx_word' id='word_1_8' title='bbox 272 152 336 195; x_wconf 90' lang='lat' dir='ltr'>De</span> <span class='ocrx_word' id='word_1_9' title='bbox 367 152 498 194; x_wconf 83' lang='lat' dir='ltr'>Drusi</span> <span class='ocrx_word' id='word_1_10' title='bbox 528 153 680 207; x_wconf 87' lang='lat' dir='ltr'>hortis,</span> <span class='ocrx_word' id='word_1_11' title='bbox 713 154 906 208; x_wconf 81' lang='lat' dir='ltr'>quamvis</span> <span class='ocrx_word' id='word_1_12' title='bbox 941 154 992 195; x_wconf 90' lang='lat' dir='ltr'>ab</span> <span class='ocrx_word' id='word_1_13' title='bbox 1025 154 1078 195; x_wconf 90' lang='lat' dir='ltr'>iis</span> <span class='ocrx_word' id='word_1_14' title='bbox 1112 155 1353 210; x_wconf 85' lang='lat' dir='ltr'>abhorreas,</span> <span class='ocrx_word' id='word_1_15' title='bbox 1385 159 1435 197; x_wconf 87' lang='lat' dir='ltr'>ut</span> 
     </span>
     <span class='ocr_line' id='line_1_3' title="bbox 89 213 1435 267; baseline 0.001 -13"><span class='ocrx_word' id='word_1_16' title='bbox 89 213 249 267; x_wconf 90' lang='lat' dir='ltr'>scribis,</span> <span class='ocrx_word' id='word_1_17' title='bbox 281 215 426 253; x_wconf 86' lang='lat' dir='ltr'>tamen</span> <span class='ocrx_word' id='word_1_18' title='bbox 458 227 505 253; x_wconf 92' lang='lat' dir='ltr'>eo</span> <span class='ocrx_word' id='word_1_19' title='bbox 539 213 791 267; x_wconf 79' lang='lat' dir='ltr'>confugiam,</span> <span class='ocrx_word' id='word_1_20' title='bbox 823 213 906 254; x_wconf 86' lang='lat' dir='ltr'>nisi</span> <span class='ocrx_word' id='word_1_21' title='bbox 940 213 1041 267; x_wconf 89' lang='lat' dir='ltr'>quid</span> <span class='ocrx_word' id='word_1_22' title='bbox 1072 214 1295 255; x_wconf 82' lang='lat' dir='ltr'>inveneris.</span> <span class='ocrx_word' id='word_1_23' title='bbox 1355 213 1435 255; x_wconf 88' lang='lat' dir='ltr'>Ae-</span> 
     </span>
     <span class='ocr_line' id='line_1_4' title="bbox 87 270 1433 314; baseline 0.001 -2"><span class='ocrx_word' id='word_1_24' title='bbox 87 272 271 312; x_wconf 85' lang='lat' dir='ltr'>dificatio</span> <span class='ocrx_word' id='word_1_25' title='bbox 310 286 377 312; x_wconf 89' lang='lat' dir='ltr'>me</span> <span class='ocrx_word' id='word_1_26' title='bbox 415 285 502 312; x_wconf 88' lang='lat' dir='ltr'>non</span> <span class='ocrx_word' id='word_1_27' title='bbox 542 274 695 312; x_wconf 84' lang='lat' dir='ltr'>movet.</span> <span class='ocrx_word' id='word_1_28' title='bbox 757 270 880 312; x_wconf 88' lang='lat' dir='ltr'>Nihil</span> <span class='ocrx_word' id='word_1_29' title='bbox 912 272 1024 312; x_wconf 87' lang='lat' dir='ltr'>enim</span> <span class='ocrx_word' id='word_1_30' title='bbox 1057 272 1171 313; x_wconf 90' lang='lat' dir='ltr'>aliud</span> <span class='ocrx_word' id='word_1_31' title='bbox 1204 273 1433 314; x_wconf 88' lang='lat' dir='ltr'>aedificabo</span> 
     </span>
     <span class='ocr_line' id='line_1_5' title="bbox 86 330 1433 386; baseline 0.002 -16"><span class='ocrx_word' id='word_1_32' title='bbox 86 331 169 371; x_wconf 88' lang='lat' dir='ltr'>nisi</span> <span class='ocrx_word' id='word_1_33' title='bbox 201 330 256 384; x_wconf 91' lang='lat' dir='ltr'>id,</span> <span class='ocrx_word' id='word_1_34' title='bbox 294 330 407 384; x_wconf 90' lang='lat' dir='ltr'>quod</span> <span class='ocrx_word' id='word_1_35' title='bbox 439 330 578 385; x_wconf 88' lang='lat' dir='ltr'>etiam,</span> <span class='ocrx_word' id='word_1_36' title='bbox 618 330 654 370; x_wconf 87' lang='lat' dir='ltr'>si</span> <span class='ocrx_word' id='word_1_37' title='bbox 685 331 784 371; x_wconf 90' lang='lat' dir='ltr'>illos</span> <span class='ocrx_word' id='word_1_38' title='bbox 815 345 903 372; x_wconf 90' lang='lat' dir='ltr'>non</span> <span class='ocrx_word' id='word_1_39' title='bbox 934 330 1135 372; x_wconf 80' lang='lat' dir='ltr'><strong>habuero.</strong></span> <span class='ocrx_word' id='word_1_40' title='bbox 1197 334 1348 386; x_wconf 80' lang='grc' dir='ltr'><em>Κῦρος</em></span> <span class='ocrx_word' id='word_1_41' title='bbox 1381 331 1433 381; x_wconf 73' lang='grc' dir='ltr'>δ’,</span> 
     </span>
    </p>

    <p class='ocr_par' dir='ltr' id='par_1_3' title="bbox 51 388 1434 503">
     <span class='ocr_line' id='line_1_6' title="bbox 51 388 1434 445; baseline 0 -14"><span class='ocrx_word' id='word_1_42' title='bbox 51 405 67 432; x_wconf 82' lang='grc'>5</span> <span class='ocrx_word' id='word_1_43' title='bbox 87 388 116 430; x_wconf 83' lang='grc' dir='ltr'>ε’</span> <span class='ocrx_word' id='word_1_44' title='bbox 149 389 254 430; x_wconf 90' lang='lat' dir='ltr'>mihi</span> <span class='ocrx_word' id='word_1_45' title='bbox 282 390 342 430; x_wconf 89' lang='lat' dir='ltr'>sic</span> <span class='ocrx_word' id='word_1_46' title='bbox 367 389 526 442; x_wconf 86' lang='lat' dir='ltr'>placuit</span> <span class='ocrx_word' id='word_1_47' title='bbox 552 391 601 430; x_wconf 88' lang='lat' dir='ltr'>ut</span> <span class='ocrx_word' id='word_1_48' title='bbox 627 392 764 430; x_wconf 84' lang='lat' dir='ltr'>cetera</span> <span class='ocrx_word' id='word_1_49' title='bbox 789 389 1074 445; x_wconf 72' lang='lat' dir='ltr'><strong>Antisthenis,</strong></span> <span class='ocrx_word' id='word_1_50' title='bbox 1105 390 1293 431; x_wconf 83' lang='lat' dir='ltr'>hominis</span> <span class='ocrx_word' id='word_1_51' title='bbox 1321 391 1434 431; x_wconf 88' lang='lat' dir='ltr'>acuti</span> 
     </span>
     <span class='ocr_line' id='line_1_7' title="bbox 86 447 581 503; baseline -0.002 -14"><span class='ocrx_word' id='word_1_52' title='bbox 86 449 223 503; x_wconf 83' lang='lat' dir='ltr'>magis</span> <span class='ocrx_word' id='word_1_53' title='bbox 257 463 384 502; x_wconf 91' lang='lat' dir='ltr'>quam</span> <span class='ocrx_word' id='word_1_54' title='bbox 416 447 581 488; x_wconf 90' lang='lat' dir='ltr'>eruditi.</span> 
     </span>
    </p>
   </div>
   <div class='ocr_carea' id='block_1_3' title="bbox 326 565 1186 764">
    <p class='ocr_par' dir='ltr' id='par_1_4' title="bbox 326 565 1186 764">
     <span class='ocr_line' id='line_1_8' title="bbox 660 565 854 607; baseline 0.005 -1"><span class='ocrx_word' id='word_1_55' title='bbox 660 565 854 607; x_wconf 72' lang='lat' dir='ltr'>XXXIX.</span> 
     </span>
     <span class='ocr_line' id='line_1_9' title="bbox 326 645 1186 691; baseline 0 -10"><span class='ocrx_word' id='word_1_56' title='bbox 326 645 401 681; x_wconf 78' lang='lat' dir='ltr'>Ser.</span> <span class='ocrx_word' id='word_1_57' title='bbox 425 646 584 681; x_wconf 73' lang='lat' dir='ltr'>Asturae</span> <span class='ocrx_word' id='word_1_58' title='bbox 619 646 723 680; x_wconf 87' lang='lat' dir='ltr'><strong><em>VIII</em></strong></span> <span class='ocrx_word' id='word_1_59' title='bbox 742 647 799 680; x_wconf 71' lang='lat' dir='ltr'>Id.</span> <span class='ocrx_word' id='word_1_60' title='bbox 823 647 918 682; x_wconf 69' lang='lat' dir='ltr'>Illaz&#39;.</span> <span class='ocrx_word' id='word_1_61' title='bbox 941 659 973 681; x_wconf 74' lang='lat' dir='ltr'>cc.</span> <span class='ocrx_word' id='word_1_62' title='bbox 999 650 1068 682; x_wconf 83' lang='lat'>709</span> <span class='ocrx_word' id='word_1_63' title='bbox 1096 649 1186 691; x_wconf 67' lang='lat'><em>(45).</em></span> 
     </span>
     <span class='ocr_line' id='line_1_10' title="bbox 488 728 1028 764; baseline 0 -2"><span class='ocrx_word' id='word_1_64' title='bbox 488 728 677 763; x_wconf 81' lang='lat' dir='ltr'><em>CICERO</em></span> <span class='ocrx_word' id='word_1_65' title='bbox 702 728 895 763; x_wconf 80' lang='lat' dir='ltr'><em>ATTICO</em></span> <span class='ocrx_word' id='word_1_66' title='bbox 921 729 1028 764; x_wconf 68' lang='lat' dir='ltr'><em>SAL.</em></span> 
     </span>
    </p>
   </div>
   <div class='ocr_carea' id='block_1_4' title="bbox 32 800 1477 1783">
    <p class='ocr_par' dir='ltr' id='par_1_5' title="bbox 32 800 1477 1091">
     <span class='ocr_line' id='line_1_11' title="bbox 32 800 1477 853; baseline 0 -10"><span class='ocrx_word' id='word_1_67' title='bbox 32 818 65 843; x_wconf 86' lang='lat'>10</span> <span class='ocrx_word' id='word_1_68' title='bbox 174 800 437 842; x_wconf 87' lang='lat' dir='ltr'>Tabellarius</span> <span class='ocrx_word' id='word_1_69' title='bbox 477 800 529 841; x_wconf 86' lang='lat' dir='ltr'>ad</span> <span class='ocrx_word' id='word_1_70' title='bbox 565 815 633 841; x_wconf 88' lang='lat' dir='ltr'>me</span> <span class='ocrx_word' id='word_1_71' title='bbox 671 815 766 842; x_wconf 88' lang='lat' dir='ltr'>cum</span> <span class='ocrx_word' id='word_1_72' title='bbox 806 801 895 842; x_wconf 90' lang='lat' dir='ltr'>sine</span> <span class='ocrx_word' id='word_1_73' title='bbox 926 801 1082 842; x_wconf 89' lang='lat' dir='ltr'>litteris</span> <span class='ocrx_word' id='word_1_74' title='bbox 1114 802 1200 842; x_wconf 87' lang='lat' dir='ltr'>tuis</span> <span class='ocrx_word' id='word_1_75' title='bbox 1233 800 1431 853; x_wconf 78' lang='lat' dir='ltr'>venisset,</span> <span class='ocrx_word' id='word_1_76' title='bbox 1460 813 1477 844; x_wconf 90' lang='lat'>1</span> 
     </span>
     <span class='ocr_line' id='line_1_12' title="bbox 85 860 1434 914; baseline 0 -13"><span class='ocrx_word' id='word_1_77' title='bbox 85 860 323 902; x_wconf 80' lang='lat' dir='ltr'>existimavi</span> <span class='ocrx_word' id='word_1_78' title='bbox 354 860 436 900; x_wconf 89' lang='lat' dir='ltr'>tibi</span> <span class='ocrx_word' id='word_1_79' title='bbox 468 874 559 900; x_wconf 89' lang='lat' dir='ltr'>eam</span> <span class='ocrx_word' id='word_1_80' title='bbox 593 873 762 900; x_wconf 87' lang='lat' dir='ltr'>causam</span> <span class='ocrx_word' id='word_1_81' title='bbox 793 875 879 901; x_wconf 90' lang='lat' dir='ltr'>non</span> <span class='ocrx_word' id='word_1_82' title='bbox 907 861 1116 901; x_wconf 86' lang='lat' dir='ltr'>scribendi</span> <span class='ocrx_word' id='word_1_83' title='bbox 1142 861 1287 914; x_wconf 86' lang='lat' dir='ltr'>fuisse,</span> <span class='ocrx_word' id='word_1_84' title='bbox 1320 861 1434 914; x_wconf 85' lang='lat' dir='ltr'>quod</span> 
     </span>
     <span class='ocr_line' id='line_1_13' title="bbox 85 919 1430 974; baseline 0 -15"><span class='ocrx_word' id='word_1_85' title='bbox 85 920 219 973; x_wconf 80' lang='lat' dir='ltr'>pridie</span> <span class='ocrx_word' id='word_1_86' title='bbox 251 919 491 972; x_wconf 66' lang='lat' dir='ltr'>scripsisses</span> <span class='ocrx_word' id='word_1_87' title='bbox 525 933 572 959; x_wconf 86' lang='lat' dir='ltr'>ea</span> <span class='ocrx_word' id='word_1_88' title='bbox 602 919 714 974; x_wconf 87' lang='lat' dir='ltr'>ipsa,</span> <span class='ocrx_word' id='word_1_89' title='bbox 754 919 803 959; x_wconf 91' lang='lat' dir='ltr'>ad</span> <span class='ocrx_word' id='word_1_90' title='bbox 838 934 963 973; x_wconf 87' lang='lat' dir='ltr'>quam</span> <span class='ocrx_word' id='word_1_91' title='bbox 996 920 1205 973; x_wconf 76' lang='lat' dir='ltr'>rescripsi,</span> <span class='ocrx_word' id='word_1_92' title='bbox 1237 919 1430 972; x_wconf 89' lang='lat' dir='ltr'>epistula.</span> 
     </span>
     <span class='ocr_line' id='line_1_14' title="bbox 85 977 1430 1032; baseline -0.001 -13"><span class='ocrx_word' id='word_1_93' title='bbox 85 978 390 1032; x_wconf 81' lang='lat' dir='ltr'>Exspectaram</span> <span class='ocrx_word' id='word_1_94' title='bbox 422 980 564 1018; x_wconf 85' lang='lat' dir='ltr'>tamen</span> <span class='ocrx_word' id='word_1_95' title='bbox 597 977 758 1031; x_wconf 87' lang='lat' dir='ltr'>aliquid</span> <span class='ocrx_word' id='word_1_96' title='bbox 790 978 839 1018; x_wconf 85' lang='lat' dir='ltr'>de</span> <span class='ocrx_word' id='word_1_97' title='bbox 871 978 1026 1019; x_wconf 88' lang='lat' dir='ltr'>litteris</span> <span class='ocrx_word' id='word_1_98' title='bbox 1057 977 1183 1019; x_wconf 80' lang='lat' dir='ltr'>Asini</span> <span class='ocrx_word' id='word_1_99' title='bbox 1211 977 1430 1019; x_wconf 81' lang='lat' dir='ltr'>Pollionis.</span> 
     </span>
     <span class='ocr_line' id='line_1_15' title="bbox 87 1036 1431 1091; baseline -0.001 -13"><span class='ocrx_word' id='word_1_100' title='bbox 87 1037 167 1078; x_wconf 85' lang='lat' dir='ltr'>Sed</span> <span class='ocrx_word' id='word_1_101' title='bbox 204 1037 383 1077; x_wconf 83' lang='lat' dir='ltr'>nimium</span> <span class='ocrx_word' id='word_1_102' title='bbox 425 1051 475 1077; x_wconf 84' lang='lat' dir='ltr'>ex</span> <span class='ocrx_word' id='word_1_103' title='bbox 512 1050 606 1077; x_wconf 91' lang='lat' dir='ltr'>meo</span> <span class='ocrx_word' id='word_1_104' title='bbox 652 1036 735 1077; x_wconf 84' lang='lat' dir='ltr'>otio</span> <span class='ocrx_word' id='word_1_105' title='bbox 777 1040 893 1077; x_wconf 71' lang='lat' dir='ltr'>taum</span> <span class='ocrx_word' id='word_1_106' title='bbox 944 1039 1098 1091; x_wconf 84' lang='lat' dir='ltr'>specto.</span> <span class='ocrx_word' id='word_1_107' title='bbox 1166 1036 1431 1090; x_wconf 79' lang='lat' dir='ltr'>Quamquam</span> 
     </span>
    </p>

    <p class='ocr_par' dir='ltr' id='par_1_6' title="bbox 32 1095 1430 1210">
     <span class='ocr_line' id='line_1_16' title="bbox 32 1095 1430 1150; baseline -0.001 -13"><span class='ocrx_word' id='word_1_108' title='bbox 32 1113 65 1138; x_wconf 85' lang='lat'>15</span> <span class='ocrx_word' id='word_1_109' title='bbox 86 1096 167 1137; x_wconf 90' lang='lat' dir='ltr'>tibi</span> <span class='ocrx_word' id='word_1_110' title='bbox 199 1096 385 1150; x_wconf 89' lang='lat' dir='ltr'>remitto,</span> <span class='ocrx_word' id='word_1_111' title='bbox 415 1095 499 1136; x_wconf 90' lang='lat' dir='ltr'>nisi</span> <span class='ocrx_word' id='word_1_112' title='bbox 533 1095 634 1149; x_wconf 90' lang='lat' dir='ltr'>quid</span> <span class='ocrx_word' id='word_1_113' title='bbox 659 1109 829 1136; x_wconf 86' lang='lat' dir='ltr'>necesse</span> <span class='ocrx_word' id='word_1_114' title='bbox 862 1096 955 1150; x_wconf 87' lang='lat' dir='ltr'>erit,</span> <span class='ocrx_word' id='word_1_115' title='bbox 987 1110 1156 1137; x_wconf 88' lang='lat' dir='ltr'>necesse</span> <span class='ocrx_word' id='word_1_116' title='bbox 1189 1110 1242 1136; x_wconf 91' lang='lat' dir='ltr'>ne</span> <span class='ocrx_word' id='word_1_117' title='bbox 1273 1096 1430 1136; x_wconf 79' lang='lat' dir='ltr'>habeas</span> 
     </span>
     <span class='ocr_line' id='line_1_17' title="bbox 87 1154 873 1210; baseline -0.003 -14"><span class='ocrx_word' id='word_1_118' title='bbox 87 1154 280 1210; x_wconf 86' lang='lat' dir='ltr'>scribere,</span> <span class='ocrx_word' id='word_1_119' title='bbox 312 1154 396 1194; x_wconf 90' lang='lat' dir='ltr'>nisi</span> <span class='ocrx_word' id='word_1_120' title='bbox 429 1154 510 1195; x_wconf 89' lang='lat' dir='ltr'>eris</span> <span class='ocrx_word' id='word_1_121' title='bbox 544 1154 665 1194; x_wconf 88' lang='lat' dir='ltr'>valde</span> <span class='ocrx_word' id='word_1_122' title='bbox 698 1155 873 1195; x_wconf 81' lang='lat' dir='ltr'>otiosus,</span> 
     </span>
    </p>

    <p class='ocr_par' dir='ltr' id='par_1_7' title="bbox 84 1212 1477 1387">
     <span class='ocr_line' id='line_1_18' title="bbox 173 1212 1477 1268; baseline 0 -15"><span class='ocrx_word' id='word_1_123' title='bbox 173 1212 237 1254; x_wconf 90' lang='lat' dir='ltr'>De</span> <span class='ocrx_word' id='word_1_124' title='bbox 269 1213 503 1254; x_wconf 69' lang='lat' dir='ltr'>tabellariis</span> <span class='ocrx_word' id='word_1_125' title='bbox 529 1212 722 1267; x_wconf 89' lang='lat' dir='ltr'>facerem,</span> <span class='ocrx_word' id='word_1_126' title='bbox 754 1213 867 1267; x_wconf 86' lang='lat' dir='ltr'>quod</span> <span class='ocrx_word' id='word_1_127' title='bbox 894 1213 1055 1268; x_wconf 86' lang='lat' dir='ltr'>suades,</span> <span class='ocrx_word' id='word_1_128' title='bbox 1089 1214 1124 1253; x_wconf 90' lang='lat' dir='ltr'>si</span> <span class='ocrx_word' id='word_1_129' title='bbox 1151 1216 1291 1254; x_wconf 89' lang='lat' dir='ltr'>essent</span> <span class='ocrx_word' id='word_1_130' title='bbox 1318 1213 1430 1254; x_wconf 90' lang='lat' dir='ltr'>ullae</span> <span class='ocrx_word' id='word_1_131' title='bbox 1457 1224 1477 1254; x_wconf 81' lang='lat'><strong>2</strong></span> 
     </span>
     <span class='ocr_line' id='line_1_19' title="bbox 84 1272 1431 1326; baseline 0.001 -14"><span class='ocrx_word' id='word_1_132' title='bbox 84 1272 344 1313; x_wconf 84' lang='lat' dir='ltr'>necessariae</span> <span class='ocrx_word' id='word_1_133' title='bbox 374 1272 555 1323; x_wconf 89' lang='lat' dir='ltr'>litterae,</span> <span class='ocrx_word' id='word_1_134' title='bbox 594 1274 643 1312; x_wconf 89' lang='lat' dir='ltr'>ut</span> <span class='ocrx_word' id='word_1_135' title='bbox 675 1275 795 1312; x_wconf 86' lang='lat' dir='ltr'>erant</span> <span class='ocrx_word' id='word_1_136' title='bbox 828 1272 942 1326; x_wconf 88' lang='lat' dir='ltr'>olim,</span> <span class='ocrx_word' id='word_1_137' title='bbox 968 1287 1061 1313; x_wconf 87' lang='lat' dir='ltr'>cum</span> <span class='ocrx_word' id='word_1_138' title='bbox 1093 1275 1235 1313; x_wconf 89' lang='lat' dir='ltr'>tamen</span> <span class='ocrx_word' id='word_1_139' title='bbox 1268 1272 1431 1313; x_wconf 83' lang='lat' dir='ltr'>brevio—</span> 
     </span>
     <span class='ocr_line' id='line_1_20' title="bbox 85 1331 1432 1387; baseline 0 -16"><span class='ocrx_word' id='word_1_140' title='bbox 85 1331 204 1372; x_wconf 85' lang='lat' dir='ltr'>ribus</span> <span class='ocrx_word' id='word_1_141' title='bbox 245 1331 392 1372; x_wconf 88' lang='lat' dir='ltr'>diebus</span> <span class='ocrx_word' id='word_1_142' title='bbox 436 1331 589 1371; x_wconf 84' lang='lat' dir='ltr'>cotidie</span> <span class='ocrx_word' id='word_1_143' title='bbox 633 1331 944 1384; x_wconf 69' lang='lat' dir='ltr'>respondebant</span> <span class='ocrx_word' id='word_1_144' title='bbox 985 1331 1168 1384; x_wconf 85' lang='lat' dir='ltr'>tempori</span> <span class='ocrx_word' id='word_1_145' title='bbox 1205 1331 1432 1387; x_wconf 74' lang='lat' dir='ltr'>tabellarii,</span> 
     </span>
    </p>

    <p class='ocr_par' dir='ltr' id='par_1_8' title="bbox 39 1388 1434 1679">
     <span class='ocr_line' id='line_1_21' title="bbox 39 1388 1431 1445; baseline -0.001 -14"><span class='ocrx_word' id='word_1_146' title='bbox 39 1408 72 1431; x_wconf 78' lang='lat'>20</span> <span class='ocrx_word' id='word_1_147' title='bbox 92 1393 133 1430; x_wconf 88' lang='lat' dir='ltr'>et</span> <span class='ocrx_word' id='word_1_148' title='bbox 165 1392 254 1430; x_wconf 88' lang='lat' dir='ltr'>erat</span> <span class='ocrx_word' id='word_1_149' title='bbox 280 1389 456 1443; x_wconf 87' lang='lat' dir='ltr'>aliquid,</span> <span class='ocrx_word' id='word_1_150' title='bbox 495 1388 642 1445; x_wconf 78' lang='lat' dir='ltr'>Silius,</span> <span class='ocrx_word' id='word_1_151' title='bbox 679 1388 863 1443; x_wconf 79' lang='lat' dir='ltr'>Drusus,</span> <span class='ocrx_word' id='word_1_152' title='bbox 902 1390 984 1430; x_wconf 86' lang='lat' dir='ltr'>alia</span> <span class='ocrx_word' id='word_1_153' title='bbox 1016 1390 1231 1443; x_wconf 84' lang='lat' dir='ltr'>quaedam.</span> <span class='ocrx_word' id='word_1_154' title='bbox 1294 1388 1431 1444; x_wconf 83' lang='lat' dir='ltr'>Nunc,</span> 
     </span>
     <span class='ocr_line' id='line_1_22' title="bbox 86 1447 1434 1503; baseline 0.001 -15"><span class='ocrx_word' id='word_1_155' title='bbox 86 1448 169 1489; x_wconf 88' lang='lat' dir='ltr'>nisi</span> <span class='ocrx_word' id='word_1_156' title='bbox 202 1447 314 1488; x_wconf 84' lang='lat' dir='ltr'>Otho</span> <span class='ocrx_word' id='word_1_157' title='bbox 348 1448 601 1501; x_wconf 78' lang='lat' dir='ltr'>exstitisset,</span> <span class='ocrx_word' id='word_1_158' title='bbox 640 1449 752 1501; x_wconf 91' lang='lat' dir='ltr'>quod</span> <span class='ocrx_word' id='word_1_159' title='bbox 785 1448 1080 1503; x_wconf 83' lang='lat' dir='ltr'>scriberemus,</span> <span class='ocrx_word' id='word_1_160' title='bbox 1120 1463 1208 1489; x_wconf 89' lang='lat' dir='ltr'>non</span> <span class='ocrx_word' id='word_1_161' title='bbox 1240 1451 1347 1502; x_wconf 70' lang='lat' dir='ltr'>erat,</span> <span class='ocrx_word' id='word_1_162' title='bbox 1388 1449 1434 1489; x_wconf 65' lang='lat' dir='ltr'>id</span> 
     </span>
     <span class='ocr_line' id='line_1_23' title="bbox 86 1506 1431 1562; baseline -0.001 -14"><span class='ocrx_word' id='word_1_163' title='bbox 86 1508 227 1561; x_wconf 87' lang='lat' dir='ltr'>ipsum</span> <span class='ocrx_word' id='word_1_164' title='bbox 258 1506 436 1546; x_wconf 87' lang='lat' dir='ltr'>dilatum</span> <span class='ocrx_word' id='word_1_165' title='bbox 469 1509 543 1547; x_wconf 87' lang='lat' dir='ltr'>est.</span> <span class='ocrx_word' id='word_1_166' title='bbox 594 1506 754 1547; x_wconf 86' lang='lat' dir='ltr'>Tamen</span> <span class='ocrx_word' id='word_1_167' title='bbox 779 1506 960 1562; x_wconf 86' lang='lat' dir='ltr'>adlevor,</span> <span class='ocrx_word' id='word_1_168' title='bbox 991 1521 1086 1548; x_wconf 89' lang='lat' dir='ltr'>cum</span> <span class='ocrx_word' id='word_1_169' title='bbox 1111 1508 1264 1561; x_wconf 89' lang='lat' dir='ltr'>loquor</span> <span class='ocrx_word' id='word_1_170' title='bbox 1290 1510 1431 1547; x_wconf 88' lang='lat' dir='ltr'>tecum</span> 
     </span>
     <span class='ocr_line' id='line_1_24' title="bbox 87 1565 1429 1620; baseline 0 -14"><span class='ocrx_word' id='word_1_171' title='bbox 87 1566 257 1620; x_wconf 84' lang='lat' dir='ltr'>absens,</span> <span class='ocrx_word' id='word_1_172' title='bbox 299 1565 434 1605; x_wconf 90' lang='lat' dir='ltr'>multo</span> <span class='ocrx_word' id='word_1_173' title='bbox 482 1565 609 1605; x_wconf 86' lang='lat' dir='ltr'>etiam</span> <span class='ocrx_word' id='word_1_174' title='bbox 649 1565 807 1619; x_wconf 79' lang='lat' dir='ltr'>magis,</span> <span class='ocrx_word' id='word_1_175' title='bbox 852 1580 945 1606; x_wconf 86' lang='lat' dir='ltr'>cum</span> <span class='ocrx_word' id='word_1_176' title='bbox 983 1568 1078 1606; x_wconf 90' lang='lat' dir='ltr'>tuas</span> <span class='ocrx_word' id='word_1_177' title='bbox 1116 1566 1282 1606; x_wconf 82' lang='lat' dir='ltr'>litteras</span> <span class='ocrx_word' id='word_1_178' title='bbox 1320 1566 1429 1620; x_wconf 79' lang='lat' dir='ltr'>lego.</span> 
     </span>
     <span class='ocr_line' id='line_1_25' title="bbox 90 1622 1430 1679; baseline -0.001 -13"><span class='ocrx_word' id='word_1_179' title='bbox 90 1623 181 1678; x_wconf 84' lang='lat' dir='ltr'>Sed,</span> <span class='ocrx_word' id='word_1_180' title='bbox 213 1624 414 1678; x_wconf 88' lang='lat' dir='ltr'>quoniam</span> <span class='ocrx_word' id='word_1_181' title='bbox 447 1626 487 1664; x_wconf 82' lang='lat' dir='ltr'>et</span> <span class='ocrx_word' id='word_1_182' title='bbox 520 1623 618 1664; x_wconf 89' lang='lat' dir='ltr'>abes</span> <span class='ocrx_word' id='word_1_183' title='bbox 653 1622 731 1678; x_wconf 85' lang='lat' dir='ltr'>(sic</span> <span class='ocrx_word' id='word_1_184' title='bbox 760 1623 873 1664; x_wconf 89' lang='lat' dir='ltr'>enim</span> <span class='ocrx_word' id='word_1_185' title='bbox 899 1623 1116 1679; x_wconf 48' lang='lat' dir='ltr'>arbitror),</span> <span class='ocrx_word' id='word_1_186' title='bbox 1150 1627 1192 1665; x_wconf 90' lang='lat' dir='ltr'>et</span> <span class='ocrx_word' id='word_1_187' title='bbox 1219 1624 1430 1665; x_wconf 87' lang='lat' dir='ltr'>scribendi</span> 
     </span>
    </p>

    <p class='ocr_par' dir='ltr' id='par_1_9' title="bbox 35 1682 1431 1783">
     <span class='ocr_line' id='line_1_26' title="bbox 35 1682 1431 1737; baseline -0.001 -12"><span class='ocrx_word' id='word_1_188' title='bbox 35 1701 68 1725; x_wconf 79' lang='lat'>25</span> <span class='ocrx_word' id='word_1_189' title='bbox 87 1683 316 1724; x_wconf 86' lang='lat' dir='ltr'>necessitas</span> <span class='ocrx_word' id='word_1_190' title='bbox 353 1682 473 1722; x_wconf 91' lang='lat' dir='ltr'>nulla</span> <span class='ocrx_word' id='word_1_191' title='bbox 511 1685 592 1735; x_wconf 88' lang='lat' dir='ltr'>est,</span> <span class='ocrx_word' id='word_1_192' title='bbox 637 1682 935 1736; x_wconf 86' lang='lat' dir='ltr'>conquiescent</span> <span class='ocrx_word' id='word_1_193' title='bbox 971 1683 1157 1737; x_wconf 87' lang='lat' dir='ltr'>litterae,</span> <span class='ocrx_word' id='word_1_194' title='bbox 1201 1683 1286 1723; x_wconf 89' lang='lat' dir='ltr'>nisi</span> <span class='ocrx_word' id='word_1_195' title='bbox 1328 1683 1431 1736; x_wconf 90' lang='lat' dir='ltr'>quid</span> 
     </span>
     <span class='ocr_line' id='line_1_27' title="bbox 87 1741 442 1783; baseline -0.006 0"><span class='ocrx_word' id='word_1_196' title='bbox 87 1742 187 1783; x_wconf 86' lang='lat' dir='ltr'>novi</span> <span class='ocrx_word' id='word_1_197' title='bbox 219 1741 442 1782; x_wconf 75' lang='lat' dir='ltr'>exstiterit.</span> 
     </span>
    </p>
   </div>
   <div class='ocr_carea' id='block_1_5' title="bbox 347 1857 1169 2055">
    <p class='ocr_par' dir='ltr' id='par_1_10' title="bbox 347 1857 1169 2055">
     <span class='ocr_line' id='line_1_28' title="bbox 718 1857 803 1899; baseline 0.012 -1"><span class='ocrx_word' id='word_1_198' title='bbox 718 1857 803 1899; x_wconf 80' lang='lat' dir='ltr'>XL.</span> 
     </span>
     <span class='ocr_line' id='line_1_29' title="bbox 347 1938 1169 1982; baseline -0.001 -9"><span class='ocrx_word' id='word_1_199' title='bbox 347 1938 420 1973; x_wconf 77' lang='lat' dir='ltr'>Ser.</span> <span class='ocrx_word' id='word_1_200' title='bbox 441 1939 599 1973; x_wconf 72' lang='lat' dir='ltr'>Asturae</span> <span class='ocrx_word' id='word_1_201' title='bbox 630 1939 712 1972; x_wconf 84' lang='lat' dir='ltr'>VH</span> <span class='ocrx_word' id='word_1_202' title='bbox 731 1939 788 1973; x_wconf 73' lang='lat' dir='ltr'>Id.</span> <span class='ocrx_word' id='word_1_203' title='bbox 811 1939 903 1972; x_wconf 49' lang='lat' dir='ltr'>illei.</span> <span class='ocrx_word' id='word_1_204' title='bbox 925 1950 957 1973; x_wconf 76' lang='lat' dir='ltr'>a.</span> <span class='ocrx_word' id='word_1_205' title='bbox 983 1941 1053 1973; x_wconf 81' lang='lat'>709</span> <span class='ocrx_word' id='word_1_206' title='bbox 1080 1941 1169 1982; x_wconf 68' lang='lat'><em>(45).</em></span> 
     </span>
     <span class='ocr_line' id='line_1_30' title="bbox 491 2020 1033 2055; baseline 0 -1"><span class='ocrx_word' id='word_1_207' title='bbox 491 2020 682 2055; x_wconf 83' lang='lat' dir='ltr'><em>CICERO</em></span> <span class='ocrx_word' id='word_1_208' title='bbox 706 2020 899 2055; x_wconf 80' lang='lat' dir='ltr'><em>ATTICO</em></span> <span class='ocrx_word' id='word_1_209' title='bbox 925 2020 1033 2055; x_wconf 69' lang='lat' dir='ltr'><em>SAL.</em></span> 
     </span>
    </p>
   </div>
   <div class='ocr_carea' id='block_1_6' title="bbox 37 2091 1474 2321">
    <p class='ocr_par' dir='ltr' id='par_1_11' title="bbox 37 2091 1474 2321">
     <span class='ocr_line' id='line_1_31' title="bbox 37 2091 1474 2145; baseline 0 -11"><span class='ocrx_word' id='word_1_210' title='bbox 37 2110 71 2135; x_wconf 86' lang='lat'>30</span> <span class='ocrx_word' id='word_1_211' title='bbox 179 2091 323 2140; x_wconf 85' lang='lat' dir='ltr'>Qualis</span> <span class='ocrx_word' id='word_1_212' title='bbox 360 2092 505 2133; x_wconf 80' lang='lat' dir='ltr'>futura</span> <span class='ocrx_word' id='word_1_213' title='bbox 543 2093 599 2133; x_wconf 90' lang='lat' dir='ltr'>sit</span> <span class='ocrx_word' id='word_1_214' title='bbox 631 2091 822 2133; x_wconf 83' lang='lat' dir='ltr'>Caesaris</span> <span class='ocrx_word' id='word_1_215' title='bbox 859 2093 1116 2145; x_wconf 82' lang='lat' dir='ltr'>vituperatio</span> <span class='ocrx_word' id='word_1_216' title='bbox 1159 2095 1305 2133; x_wconf 88' lang='lat' dir='ltr'>contra</span> <span class='ocrx_word' id='word_1_217' title='bbox 1342 2093 1429 2134; x_wconf 87' lang='lat' dir='ltr'>lau-</span> <span class='ocrx_word' id='word_1_218' title='bbox 1456 2103 1474 2134; x_wconf 90' lang='lat'>1</span> 
     </span>
     <span class='ocr_line' id='line_1_32' title="bbox 90 2150 1428 2205; baseline 0.001 -14"><span class='ocrx_word' id='word_1_219' title='bbox 90 2151 304 2191; x_wconf 86' lang='lat' dir='ltr'>dationem</span> <span class='ocrx_word' id='word_1_220' title='bbox 341 2165 495 2205; x_wconf 88' lang='lat' dir='ltr'>meam,</span> <span class='ocrx_word' id='word_1_221' title='bbox 537 2152 732 2204; x_wconf 77' lang='lat' dir='ltr'>perspexi</span> <span class='ocrx_word' id='word_1_222' title='bbox 770 2166 819 2192; x_wconf 77' lang='lat' dir='ltr'>ex</span> <span class='ocrx_word' id='word_1_223' title='bbox 852 2166 899 2192; x_wconf 92' lang='lat' dir='ltr'>eo</span> <span class='ocrx_word' id='word_1_224' title='bbox 932 2151 1060 2205; x_wconf 88' lang='lat' dir='ltr'>libro,</span> <span class='ocrx_word' id='word_1_225' title='bbox 1105 2165 1229 2205; x_wconf 89' lang='lat' dir='ltr'>quem</span> <span class='ocrx_word' id='word_1_226' title='bbox 1260 2150 1428 2193; x_wconf 85' lang='lat' dir='ltr'>Hirtius</span> 
     </span>
     <span class='ocr_line' id='line_1_33' title="bbox 91 2208 1429 2264; baseline 0.001 -14"><span class='ocrx_word' id='word_1_227' title='bbox 91 2209 143 2250; x_wconf 90' lang='lat' dir='ltr'>ad</span> <span class='ocrx_word' id='word_1_228' title='bbox 179 2224 244 2249; x_wconf 89' lang='lat' dir='ltr'>me</span> <span class='ocrx_word' id='word_1_229' title='bbox 284 2209 419 2262; x_wconf 71' lang='lat' dir='ltr'>misit,</span> <span class='ocrx_word' id='word_1_230' title='bbox 462 2209 506 2249; x_wconf 94' lang='lat' dir='ltr'>in</span> <span class='ocrx_word' id='word_1_231' title='bbox 539 2224 621 2263; x_wconf 89' lang='lat' dir='ltr'>quo</span> <span class='ocrx_word' id='word_1_232' title='bbox 661 2210 824 2263; x_wconf 79' lang='lat' dir='ltr'>colligit</span> <span class='ocrx_word' id='word_1_233' title='bbox 862 2210 966 2250; x_wconf 83' lang='lat' dir='ltr'>vitia</span> <span class='ocrx_word' id='word_1_234' title='bbox 998 2208 1194 2264; x_wconf 84' lang='lat' dir='ltr'>Catonis,</span> <span class='ocrx_word' id='word_1_235' title='bbox 1231 2210 1303 2251; x_wconf 90' lang='lat' dir='ltr'>sed</span> <span class='ocrx_word' id='word_1_236' title='bbox 1335 2225 1429 2251; x_wconf 88' lang='lat' dir='ltr'>cum</span> 
     </span>
     <span class='ocr_line' id='line_1_34' title="bbox 90 2267 1430 2321; baseline 0.001 -13"><span class='ocrx_word' id='word_1_237' title='bbox 90 2267 287 2308; x_wconf 76' lang='lat' dir='ltr'>maximis</span> <span class='ocrx_word' id='word_1_238' title='bbox 324 2267 520 2308; x_wconf 88' lang='lat' dir='ltr'>laudibus</span> <span class='ocrx_word' id='word_1_239' title='bbox 557 2268 674 2309; x_wconf 90' lang='lat' dir='ltr'>meis.</span> <span class='ocrx_word' id='word_1_240' title='bbox 735 2267 885 2321; x_wconf 87' lang='lat' dir='ltr'>Itaque</span> <span class='ocrx_word' id='word_1_241' title='bbox 922 2268 1020 2309; x_wconf 88' lang='lat' dir='ltr'>misi</span> <span class='ocrx_word' id='word_1_242' title='bbox 1060 2268 1218 2309; x_wconf 89' lang='lat' dir='ltr'>librum</span> <span class='ocrx_word' id='word_1_243' title='bbox 1256 2269 1307 2309; x_wconf 89' lang='lat' dir='ltr'>ad</span> <span class='ocrx_word' id='word_1_244' title='bbox 1339 2269 1430 2309; x_wconf 88' lang='lat' dir='ltr'>Mu-</span> 
     </span>
    </p>
   </div>
  </div>
 </body>
</html>
