1665 2553
322 59 662 94 EPISTULARUM
689 59 753 93 AD
781 58 995 94 ATTICUM
1019 59 1069 93 IX
1096 63 1127 104 9,
1157 64 1209 94 10.
1355 59 1441 101 273

98 157 333 210 pateretur,
373 157 513 196 tecum
552 158 600 196 ut
641 155 762 209 quasi
802 155 1016 210 loquerer,
1056 156 1100 195 in
1139 169 1222 209 quo
1261 170 1345 195 uno
1379 169 1442 196 ac—

99 214 287 268 quiesco,
326 214 407 254 hoc
445 214 587 255 nescio
630 214 731 268 quid
770 214 887 255 nullo
930 216 1181 268 argumento
1219 214 1440 268 proposito

101 272 283 314 scribere
314 272 496 314 institui.

188 330 347 372 Amens
380 331 486 372 mihi
518 331 649 372 fuisse
681 331 824 372 videor
857 346 880 372 a
911 331 1139 386 principio,
1176 334 1218 372 et
1255 346 1321 372 me
1358 345 1441 372 una
1468 344 1477 356 ‘

19 419 22 454 ᾖ
64 389 201 432 shaec
232 404 298 430 res
330 392 519 444 torquet,
559 389 671 443 quod
708 404 795 430 non
833 390 1028 431 omnibus
1067 390 1112 430 in
1143 390 1268 430 rebus
1301 389 1441 430 laben—

19 456 22 474 ‘
99 451 185 489 tem
232 448 300 489 vel
345 448 489 502 potius
536 451 727 489 ruentem
776 448 1024 503 Pompeium
1071 451 1287 502 tamquam
1332 463 1440 489 unus

100 507 379 561 manipularis
407 509 574 548 secutus
608 507 697 547 sim.
741 506 842 547 Vidi
872 507 1087 548 hominem
1113 519 1214 548 XIIII
1239 508 1294 548 K.
1321 506 1441 548 Febr.

100 566 273 619 plenum
304 565 555 606 formidinis.
616 564 697 606 Illo
736 566 828 619 ipso
868 566 933 606 die
975 567 1106 621 sensi,
1148 566 1249 620 quid
1287 568 1441 621 ageret.

99 623 345 678 Numquam
385 624 490 665 mihi
529 627 677 678 postea
708 624 867 677 placuit
898 639 973 666 nec
1005 640 1206 679 umquam
1246 625 1360 665 aliud
1397 625 1442 665 in

0 684 4 719 !
46 699 80 724 10
100 682 184 723 alio
222 697 393 736 peccare
435 683 609 724 destitit.
671 681 793 723 Nihil
834 684 1006 724 interim
1047 683 1098 724 ad
1137 698 1204 724 me
1246 684 1442 738 scribere,

99 741 208 782 nihil
250 742 335 782 nisi
378 742 523 796 fugam
567 741 765 796 cogitare.
837 741 946 790 Quid
990 743 1190 796 quaeris?
1242 743 1351 783 sicut
1395 742 1442 783 ἐν

99 807 190 848 τοῖς
223 799 444 854 ἐρωτικοῖς
476 800 713 841 alienantur
745 801 1001 855 immundae,
1040 801 1244 854 insulsae,
1277 801 1441 841 indeco-

99 873 188 911 rae,
237 859 296 899 sic
336 873 401 899 me
442 859 557 899 illius
603 859 729 913 fugae
775 860 1151 914 neglegentiaeque
1195 860 1440 900 deformitas

100 917 255 958 avertit
288 917 338 958 ab
373 932 525 958 amore.
585 916 708 959 Nihil
739 918 851 958 enim
882 918 1057 972 dignum
1088 918 1281 972 faciebat,
1314 933 1441 972 quare

46 992 79 1017 15
100 976 190 1017 eius
230 976 355 1030 fugae
396 976 594 1016 comitem
633 991 699 1017 me
740 976 1022 1031 adiungerem.
1091 975 1217 1018 Nunc
1263 977 1441 1031 emergit

101 1049 236 1089 amor,
273 1048 384 1075 nunc
416 1035 668 1075 desiderium
699 1035 807 1076 ferre
838 1050 925 1076 non
963 1050 1156 1090 possum,
1192 1050 1304 1076 nunc
1335 1035 1441 1076 mihi

98 1092 208 1133 nihil
239 1093 356 1148 libri,
395 1093 505 1133 nihil
542 1093 727 1146 litterae,
768 1094 877 1134 nihil
907 1094 1098 1135 doctrina
1129 1094 1312 1148 prodest.
1374 1093 1441 1135 Ita

100 1151 187 1192 dies
219 1154 260 1192 et
291 1154 437 1192 noctes
463 1155 680 1206 tamquam
712 1152 801 1193 avis
834 1152 907 1193 illa
940 1167 1054 1193 mare
1081 1156 1318 1206 prospecto,
1345 1167 1439 1193 evo-

99 1210 186 1251 lare
226 1210 361 1264 cupio.
429 1210 512 1264 Do,
563 1211 614 1252 do
663 1225 819 1264 poenas
861 1212 1114 1252 temeritatis
1155 1226 1282 1252 meae.
1343 1211 1440 1252 Etsi

46 1285 81 1310 20
101 1283 207 1322 quae
247 1269 330 1309 fuit
370 1268 443 1309 illa
483 1269 728 1310 temeritas?
774 1270 875 1323 quid
911 1270 988 1311 feci
1027 1285 1114 1311 non
1145 1270 1440 1311 consideratis-

102 1327 234 1368 sime‘?
297 1327 341 1368 Si
374 1328 485 1367 enim
514 1327 624 1368 nihil
663 1331 829 1381 praeter
869 1329 1015 1383 fugam
1047 1332 1339 1384 quaereretur,
1378 1330 1439 1369 fu-

101 1386 259 1441 gissem
299 1386 597 1441 libentissime,
645 1387 716 1427 sed
756 1401 888 1441 genus
937 1388 1037 1428 belli
1078 1387 1359 1428 crudelissimi
1400 1390 1441 1427 et

101 1444 286 1497 maximi,
319 1444 431 1498 quod
460 1445 649 1485 nondum
680 1445 823 1486 vident
854 1445 1046 1487 homines
1088 1446 1210 1500 quale
1246 1447 1441 1486 futurum

103 1503 171 1556 sit,
203 1501 436 1556 perhorrui.
498 1502 612 1551 Quae
643 1504 780 1544 minae
818 1505 1078 1558 municipiis,
1116 1519 1222 1558 quae
1253 1505 1441 1545 nomina-

47 1577 82 1603 25
101 1561 181 1601 tim
219 1561 320 1601 viris
362 1561 504 1615 bonis,
546 1576 652 1615 quae
693 1562 871 1616 denique
913 1563 1126 1617 omnibus,
1167 1563 1240 1616 qui
1281 1577 1441 1604 reman-

104 1620 275 1660 sissent!
310 1634 435 1673 quam
463 1620 608 1661 crebro
635 1620 740 1660 illud
763 1620 901 1661 ‘Sulla
934 1622 1087 1675 potuit,
1119 1635 1197 1675 ego
1229 1636 1316 1662 non
1346 1624 1438 1675 pot—

103 1678 242 1719 ero‘?’!
303 1677 411 1718 Mihi
452 1681 593 1719 autem
633 1678 858 1719 haeserunt
890 1679 973 1719 illa.
1028 1679 1140 1720 Male
1172 1679 1441 1733 Tarquinius,

104 1737 178 1790 qui
208 1736 441 1791 Porsinam,
474 1737 546 1790 qui
579 1736 800 1777 Octavium
832 1737 1070 1778 Mamilium
1102 1739 1317 1778 concitavit
1346 1752 1440 1778 con-

103 1797 170 1835 tra
207 1796 409 1849 patriam,
446 1795 574 1849 impie
609 1795 875 1850 Coriolanus,
913 1797 984 1848 qui
1021 1796 1226 1836 auxilium
1262 1796 1386 1849 petiit
1417 1811 1441 1836 a

50 1869 85 1894 30
103 1852 285 1908 Volscis,
317 1856 428 1894 recte
460 1854 784 1908 Themistocles,
817 1854 890 1907 qui
921 1855 1031 1895 mori
1061 1854 1222 1907 maluit,
1252 1855 1439 1895 nefarius

104 1911 296 1965 Hippias,
327 1912 543 1953 Pisistrati
568 1913 693 1965 filius,
727 1913 799 1966 qui
830 1913 874 1953 in
905 1912 1174 1953 Marathonia
1205 1927 1349 1966 pugna
1380 1927 1440 1953 ce-

105 1970 206 2010 cidit
238 1985 353 2011 arma
378 1974 525 2012 contra
556 1971 739 2025 patriam
764 1971 912 2011 ferens.
951 1970 1009 2012 At
1037 1970 1165 2024 Sulla,
1199 1974 1241 2011 at
1267 1971 1439 2023 Marius,

105 2030 149 2068 at
183 2027 315 2069 Cinna
346 2032 475 2083 recte,
515 2030 644 2070 immo
676 2030 766 2070 iure
803 2030 1004 2083 fortasse3
1047 2030 1119 2070 sed
1160 2030 1260 2083 quid
1296 2044 1440 2070 eorum

104 2087 281 2127 victoria
313 2087 535 2143 crudelius,
567 2088 668 2142 quid
699 2088 937 2128 funestius?
998 2087 1138 2128 Huius
1176 2088 1278 2128 belli
1309 2101 1440 2142 genus

51 2161 86 2187 35
105 2145 198 2199 fugi
229 2147 271 2185 et
302 2160 349 2186 eo
387 2147 541 2201 magis,
585 2146 697 2200 quod
737 2147 970 2187 crudeliora
1012 2147 1139 2186 etiam
1179 2146 1356 2201 cogitari
1399 2149 1440 2187 et

106 2204 246 2257 parari
276 2203 478 2244 videbam.
540 2204 625 2258 Me,
668 2219 793 2258 quem
832 2219 919 2245 non
957 2205 1065 2244 nulli
1103 2207 1440 2246 conservatorem

105 2262 231 2303 istius
268 2262 404 2315 urbis,
443 2276 567 2316 quem
605 2265 822 2316 parentem
860 2277 949 2303 esse
983 2263 1197 2318 dixerunt,
1238 2263 1441 2304 Getarum

177 2337 237 2362 Cic.
258 2337 336 2368 epist
362 2338 401 2362 II.
1184 2335 1227 2365 18
