1665 2553
223 81 243 121 1
251 80 305 121 86
658 79 706 114 M.
733 80 872 114 TULLI
898 79 1143 114 CICERONIS

170 188 192 217 2
220 175 415 216 breviter.
459 174 574 216 Haec
604 175 690 216 fere
723 177 822 216 sunt
857 175 903 215 in
938 174 1011 215 illa
1044 174 1233 229 epistula.
1304 174 1429 217 Nunc
1454 175 1552 217 audi

221 234 393 288 reliqua.

309 291 389 334 Per
429 292 641 333 fortunas!
692 305 858 332 omnem
897 293 1018 331 tuum
1056 305 1256 346 amorem,
1294 306 1376 346 quo
1408 306 1476 333 me
1507 307 1549 334 es

222 351 458 406 amplexus,
500 364 749 404 omnemque
779 352 897 390 tuam
927 349 1205 405 prudentiam,
1237 365 1363 404 quam
1392 350 1550 392 meher-

223 409 313 450 cule
345 409 390 449 in
422 409 536 450 omni
568 422 719 463 genere
749 408 887 449 iudico
916 407 1185 464 singularem,
1216 409 1357 449 confer
1383 409 1436 450 ad
1460 424 1551 450 eam
1588 426 1603 451 5

220 483 380 521 curam,
419 471 467 507 ut
505 467 553 507 de
592 466 706 507 omni
744 469 860 507 statu
895 480 989 507 meo
1022 467 1192 522 cogites.
1253 466 1409 508 Videre
1440 468 1551 509 enim

221 526 327 567 mihi
358 526 503 567 videor
533 527 697 565 tantam
730 525 1054 580 dimicationem,
1084 525 1167 566 nisi
1197 525 1308 566 idem
1335 526 1447 580 deus,
1479 527 1551 580 qui

219 599 298 625 nos
335 584 508 638 melius,
553 598 678 637 quam
716 586 863 637 optare
900 583 1167 638 auderemus,
1210 582 1407 625 Parthico
1439 585 1550 626 bello

220 643 435 697 liberavit,
479 642 711 695 respexerit
753 656 842 683 rem
885 642 1114 696 publicam,
1159 667 1213 671 ——
1264 642 1335 683 sed
1376 645 1551 698 tantam,

221 704 379 755 quanta
419 715 651 755 numquam
687 700 780 741 fuit.
841 699 950 754 Age,
990 700 1070 741 hoc
1109 700 1268 741 malum
1305 701 1412 742 mihi
1443 716 1604 743 com-10

219 774 347 800 mune
379 762 443 800 est
479 773 574 800 cum
607 759 814 800 omnibus.
876 758 998 800 Nihil
1033 759 1113 800 tibi
1150 759 1300 800 mando
1333 762 1381 800 ut
1422 760 1470 801 de
1502 774 1549 802 eo

219 818 399 873 cogites,
432 818 538 858 illud
568 832 708 859 meum
742 817 962 871 proprium
992 819 1232 873 πρόβλημα,
1265 832 1431 873 quaeso,
1463 833 1550 860 sus-

219 877 320 930 cipe.
388 876 590 930 Videsne,
639 879 687 916 ut
731 878 773 917 te
817 878 987 917 auctore
1038 877 1117 917 sim
1166 879 1393 931 utrumque
1443 891 1551 918 com-

219 935 396 988 plexus?
446 934 510 976 Ac
546 935 697 976 vellem
735 949 758 975 a
789 934 997 988 principio
1030 937 1071 975 te
1103 934 1269 976 audisse
1301 935 1550 977 amicissime

217 995 469 1035 monentem.
1569 1009 1602 1035 15

261 1075 392 1117 (Ἀλλ’
433 1074 537 1129 ἐμὸν
569 1075 726 1115 οὔποτε
757 1075 906 1128 θυμὸν
939 1073 1003 1115 ἐνὶ
1037 1076 1274 1128 στήθεσσιν
1304 1075 1509 1124 ὲ’πειθες.’

219 1167 300 1209 Sed
337 1168 561 1222 aliquando
599 1170 740 1208 tamen
777 1167 1045 1221 persuasisti,
1083 1170 1130 1208 ut
1162 1167 1341 1208 alterum
1373 1168 1550 1222 comple-

217 1230 362 1281 cterer,
397 1226 494 1280 quia
521 1226 569 1266 de
600 1239 666 1266 me
691 1227 779 1265 erat
813 1227 982 1278 optume
1007 1225 1196 1280 meritus,
1227 1226 1420 1281 alterum,
1451 1227 1549 1280 quia

218 1287 385 1325 tantum
425 1284 603 1325 valebat.
665 1282 762 1323 Feci
799 1283 933 1338 igitur
962 1283 1107 1337 itaque
1138 1284 1255 1324 effeci
1286 1284 1401 1325 omni
1432 1284 1548 1325 obse—

219 1343 337 1399 quio,
386 1345 433 1383 ut
481 1341 621 1383 neutri
660 1341 833 1382 illorum
877 1342 1100 1396 quisquam
1145 1344 1253 1382 esset
1295 1356 1361 1383 me
1401 1343 1547 1384 carior.
1567 1360 1601 1384 20

167 1415 190 1444 3
217 1401 332 1442 Haec
357 1401 468 1442 enim
495 1400 798 1454 cogitabamus,
828 1414 905 1440 nec
930 1400 1036 1440 mihi
1061 1400 1283 1441 coniuncto
1309 1415 1404 1441 cum
1427 1399 1548 1442 Pom—

217 1461 312 1514 peio
344 1459 434 1500 fore
468 1473 636 1500 necesse
666 1473 836 1512 peccare
866 1458 911 1498 in
942 1473 986 1499 re
1017 1458 1185 1512 publica
1217 1458 1442 1513 aliquando
1474 1474 1549 1500 nec

217 1533 313 1559 cum
348 1517 521 1559 Caesare
559 1517 759 1558 sentienti
790 1517 1062 1572 pugnandum
1094 1531 1183 1558 esse
1214 1531 1309 1558 cum
1333 1517 1546 1572 Pompeio.

216 1577 353 1617 Tanta
384 1579 473 1617 erat
504 1576 673 1617 illorum
705 1575 955 1616 coniunctio,
1017 1574 1140 1616 Nunc
1172 1575 1395 1630 impendet,
1426 1578 1475 1617 ut
1506 1578 1547 1617 et

216 1638 265 1675 tu
298 1635 497 1690 ostendis,
538 1637 579 1675 et
613 1648 689 1689 ego
721 1634 853 1689 video,
885 1648 1048 1674 summa
1078 1634 1188 1675 inter
1219 1648 1289 1675 eos
1321 1635 1545 1675 contentio.
1566 1650 1599 1676 25

216 1693 285 1735 Me
323 1695 463 1734 autem
501 1696 678 1746 uterque
714 1694 908 1733 numerat
941 1707 1080 1747 suum,
1119 1692 1203 1733 nisi
1234 1693 1343 1733 forte
1375 1692 1547 1733 simulat

216 1752 333 1793 alter.
395 1750 507 1793 Nam
537 1751 763 1804 Pompeius
788 1765 874 1791 non
907 1750 1089 1804 dubitat3
1120 1765 1215 1792 vere
1247 1750 1357 1791 enim
1388 1750 1546 1791 iudicat

217 1825 282 1865 ea,
321 1825 426 1864 quae
458 1810 508 1850 de
538 1824 582 1851 re
613 1809 782 1863 publica
812 1823 924 1849 nunc
956 1809 1130 1864 sentiat,
1166 1808 1271 1849 mihi
1302 1808 1421 1849 valde
1452 1823 1546 1862 pro-

215 1869 318 1910 bari.
367 1868 601 1922 Utriusque
627 1870 768 1908 autem
794 1867 933 1921 accepi
959 1867 1047 1908 eius
1072 1867 1185 1908 modi
1210 1867 1374 1907 litteras
1401 1867 1546 1908 eodem

215 1930 406 1980 tempore
432 1941 514 1981 quo
541 1930 648 1981 tuas,
674 1930 722 1966 ut
746 1928 895 1967 neuter
920 1940 1173 1979 quemquam
1200 1925 1387 1966 omnium
1410 1925 1544 1979 pluris
1565 1943 1597 1967 30

166 1997 189 2026 4
216 1986 350 2027 facere
383 2000 510 2040 quam
539 2000 605 2026 me
636 1984 859 2025 videretur.
932 1983 1092 2024 Verum
1123 1983 1223 2037 quid
1255 1984 1409 2038 agam?
1445 1982 1545 2024 Non

217 2058 371 2097 quaero
403 2043 477 2084 illa
508 2043 659 2084 ultima
692 2041 753 2096 (si
786 2042 896 2082 enim
927 2042 1075 2082 castris
1106 2055 1172 2082 res
1205 2044 1393 2097 geretur,
1423 2042 1544 2083 video

215 2116 309 2142 cum
335 2102 467 2143 altero
493 2101 604 2142 vinci
631 2101 764 2142 satius
790 2114 881 2141 esse
907 2114 1032 2154 quam
1057 2114 1151 2140 cum
1178 2100 1310 2141 altero
1336 2099 1545 2155 vincere),

215 2160 287 2200 sed
329 2160 419 2215 illa,
467 2174 572 2214 quae
615 2162 708 2200 tum
751 2161 946 2213 agentur,
991 2171 1085 2198 cum
1127 2172 1298 2214 venero,
1339 2172 1392 2199 ne
1433 2158 1542 2199 ratio

214 2217 400 2258 absentis
450 2217 675 2271 habeatur,
717 2219 766 2257 ut
803 2216 1033 2257 exercitum
1071 2215 1269 2257 dimittat.
1339 2215 1451 2271 ε1310,
1487 2215 1542 2257 M.
1563 2232 1594 2258 35

214 2275 387 2315 TVLL1.'
444 2275 552 2324 Quid
583 2275 746 2316 dicam?
797 2274 1035 2328 eExspecta,
1074 2274 1224 2316 amabo
1256 2277 1308 2329 te,
1340 2274 1438 2315 dum
1468 2273 1540 2315 At-
