1665 2553
275 97 615 132 EPISTULARUM
640 97 705 131 AD
731 96 947 131 ATTICUM
972 96 1057 130 XIII
1082 99 1261 130 45-473.
1348 95 1433 136 429

94 195 263 249 signata
304 193 382 235 hac
415 193 598 247 epistula
628 196 758 234 noctu
790 191 1038 234 tabellarius
1069 194 1215 233 noster
1245 191 1361 231 venit
1393 194 1435 231 et

96 253 148 294 ab
187 268 235 295 eo
275 252 443 294 litteras
476 252 700 307 diligenter
733 252 912 305 scriptas
945 250 1091 292 attulit
1123 253 1165 291 et
1198 249 1435 303 exemplum

96 312 352 353 testamenti.

683 414 854 457 XLVII.

61 505 76 531 5
350 497 423 532 Sor.
444 497 485 530 in
513 497 718 531 Tusculano
743 495 799 530 Id.
822 495 915 530 Seaet.
937 507 969 529 a.
992 497 1064 530 709
1092 496 1180 538 (45).

499 577 690 613 CICERO
715 576 907 612 ATTICO
933 576 1039 611 SAL.

186 650 547 704 ePosteaquam
596 649 683 690 abs
725 652 791 703 te,
840 648 1186 703 Agamemno’,
1233 663 1320 689 non
1361 648 1435 688 ‘ut

97 708 342 750 venirem'
385 708 503 765 (nam
540 708 583 749 id
621 722 789 762 quoque
825 708 1033 760 fecissem,
1071 707 1155 747 nisi
1193 706 1434 761 Torquatus

97 766 246 824 esset),
290 768 362 808 sed
399 770 448 808 ut
486 767 730 821 scriberem,
768 766 970 821 ‘tetigit
1015 779 1161 806 aures
1205 766 1434 819 nuntius,

45 845 79 870 10
99 826 376 880 extemplo'
409 826 610 867 instituta
636 825 777 880 omisi3
810 839 868 878 ea,
889 839 994 878 quae
1020 824 1065 864 in
1089 823 1285 864 manibus
1310 824 1436 864 habe-

96 885 206 939 bam,
233 885 381 940 abieci,
407 885 519 938 quod
544 885 741 938 iusseras,
767 884 940 924 edolavi.
991 882 1055 923 Tu
1080 882 1205 923 velim
1232 897 1252 923 e
1276 881 1434 923 Pollice

98 958 327 999 cognoscas
375 943 562 984 rationes
605 945 775 983 nostras
820 942 1116 996 sumptuarias.
1187 941 1326 995 Turpe
1371 943 1434 981 est

99 1004 210 1044 enim
239 1002 365 1043 nobis
398 1002 536 1056 illum,
576 1001 892 1055 qualiscumque
925 1003 1007 1053 est,
1044 999 1124 1040 hoc
1155 1000 1291 1053 primo
1324 1014 1434 1040 anno

99 1075 232 1117 egere.
299 1060 404 1102 Post
447 1060 760 1101 moderabimur
804 1059 1060 1114 diligentius.
1128 1057 1245 1099 Idem
1287 1058 1434 1099 Pollex

45 1137 78 1163 15
98 1119 378 1161 remittendus
421 1122 502 1172 est,
546 1122 594 1160 ut
631 1119 703 1159 ille
740 1120 892 1159 cernat.
952 1116 1081 1158 Plane
1111 1116 1311 1158 Puteolos
1348 1131 1436 1157 non

98 1180 181 1220 fuit
213 1179 398 1219 eundum
428 1192 523 1219 cum
556 1177 608 1218 ob
636 1192 696 1231 ea7
728 1191 833 1231 quae
866 1176 918 1217 ad
942 1178 985 1216 te
1012 1175 1174 1230 scripsi,
1204 1178 1296 1216 tum
1323 1175 1434 1229 quod

99 1237 252 1279 Caesar
296 1237 424 1278 adest.
495 1236 717 1277 Dolabella
759 1235 907 1276 scribit
949 1249 992 1276 se
1032 1234 1085 1275 ad
1124 1249 1190 1275 me
1230 1233 1435 1288 postridie

98 1295 210 1338 Idus.
272 1294 306 1336 O
338 1295 591 1350 magistrum
622 1294 866 1335 molestum!

668 1421 871 1464 XLVHa.

47 1513 80 1537 20
371 1503 446 1539 Ser.
466 1503 624 1538 Asturae
649 1503 722 1536 III
743 1503 789 1536 K.
812 1502 905 1537 Sext.
927 1513 959 1536 a.
983 1504 1054 1536 709
1083 1504 1171 1545 (45).

501 1584 691 1619 CICERO
715 1583 906 1618 ATTICO
930 1583 1037 1618 SAL.

188 1657 371 1712 Lepidus
416 1657 467 1698 ad
504 1670 570 1697 me
606 1655 699 1696 heri
735 1656 897 1709 vesperi
934 1655 1099 1696 litteras
1136 1654 1254 1695 misit
1294 1653 1437 1695 Antio.
1465 1664 1483 1695 1
1512 1665 1550 1698 (2)

101 1716 213 1758 Nam
245 1717 306 1757 ibi
337 1718 438 1756 erat.
499 1713 641 1755 Habet
674 1715 785 1755 enim
816 1714 1000 1767 domum,
1038 1728 1164 1766 quam
1194 1727 1273 1754 nos
1299 1713 1438 1753 vendi-

104 1776 252 1816 dimus.
314 1774 456 1828 Rogat
493 1786 648 1827 magno
689 1786 832 1826 opere,
871 1774 919 1812 ut
955 1772 1035 1812 sim
1065 1771 1158 1812 Kal.
1196 1771 1242 1811 in
1273 1774 1439 1825 senatu;

50 1849 168 1876 ι151110
207 1836 248 1874 et
286 1833 368 1874 sibi
406 1835 448 1873 et
482 1830 649 1872 Caesari
687 1831 954 1871 vehementer
986 1832 1156 1884 gratum
1188 1843 1278 1870 esse
1308 1829 1439 1870 factu-

103 1907 207 1933 rum.
274 1890 384 1932 Puto
430 1890 623 1943 equidem
664 1889 773 1929 nihil
814 1903 914 1929 esse.
980 1888 1171 1928 Dixisset
1210 1888 1322 1928 enim
1358 1887 1440 1928 tibi

104 1951 285 1991 fortasse
332 1948 493 2002 aliquid
534 1947 713 2001 Oppius,
755 1947 955 2001 quoniam
995 1946 1155 1987 Balbus
1197 1948 1261 1986 est
1305 1960 1438 2000 aeger.

106 2008 187 2050 Sed
224 2011 367 2048 tamen
406 2007 538 2047 malui
575 2006 716 2046 venire
754 2006 914 2046 frustra
955 2019 1081 2058 quam
1119 2004 1360 2057 desiderari,
1403 2005 1439 2045 si

106 2080 212 2120 opus
244 2068 364 2107 esset.
413 2065 593 2106 Moleste
618 2065 771 2105 ferrem
796 2067 955 2118 postea.
1004 2063 1153 2117 Itaque
1178 2063 1303 2103 hodie
1323 2062 1439 2116 Anti,

53 2143 86 2167 30
106 2139 196 2166 cras
235 2127 332 2164 ante
363 2124 580 2164 meridiem
613 2123 737 2163 domi.
806 2122 869 2163 Tu
899 2122 1044 2177 velim,
1080 2121 1162 2162 nisi
1194 2124 1236 2162 te
1266 2121 1439 2175 impedi-

104 2183 217 2236 visti,
250 2182 362 2236 apud
391 2196 469 2222 nos
501 2197 560 2235 pr.
587 2181 680 2222 Kal.
707 2196 801 2222 cum
832 2180 951 2221 Pilia.

194 2241 252 2282 Te
290 2255 411 2294 spero
452 2254 546 2281 cum
582 2239 767 2280 Publilio
808 2239 1044 2280 confecisse.
1106 2237 1316 2292 Equidem
1340 2238 1433 2279 Kal.
1460 2250 1480 2280 2
1508 2250 1545 2282 (3)

106 2300 152 2341 in
176 2299 460 2340 Tusculanum
490 2312 720 2353 recurram3
751 2312 817 2339 me
844 2298 955 2338 enim
980 2297 1153 2338 absente
1180 2297 1320 2338 omnia
1345 2311 1439 2338 cum
1602 2298 1605 2299 ⁷
