1665 2553
649 113 687 149 P.
709 117 908 148 281—288.
1305 113 1452 147 LXXXI

108 209 195 241 suut
221 206 357 240 litterae
382 217 460 240 eum
486 206 528 240 iu
552 207 698 241 Albano
723 206 822 250 Iacl„
855 206 1041 250 Wesenb,
1066 211 1152 242 suut
1176 211 1208 242 et
1231 207 1289 242 hic
1313 207 1453 251 copiam

110 253 199 287 mihi
235 257 268 287 et
299 253 340 287 iu
376 253 520 287 Albano
554 253 706 298 Madvig
737 254 827 288 Adv.
849 254 899 287 HI
922 266 958 298 p.
981 257 1064 297 184,
1103 254 1204 298 prob.
1232 254 1342 296 Boot,
1385 265 1450 288 scr.

110 299 254 343 Tyrrell
289 310 344 344 ep.
366 303 433 333 373
473 302 572 344 (suut
610 301 778 344 litterae),
824 301 958 336 allatae
1001 302 1159 346 (alterae)
1196 302 1286 335 mihi
1325 300 1452 344 Capua

110 351 207 389 suut,
233 350 264 381 et
287 347 351 381 hoe
376 347 465 380 mihi
484 347 574 390 (scil.
602 348 827 392 nuntiantes)
853 352 885 382 et
909 349 951 382 iu
969 348 1114 382 Albano
1139 348 1240 392 apud
1261 348 1452 382 Curionem

111 405 203 428 eum
234 393 268 427 V
284 393 370 428 Kal.
390 394 468 437 fore
488 394 624 428 Ziehen
644 394 835 438 Ephemer.
864 394 959 428 Tull.
979 407 1014 439 p.
1039 398 1080 429 15
1097 406 1162 438 sq.,
1187 399 1273 429 suut
1291 406 1370 429 eum
1395 395 1453 428 hic

118 441 178 474 VI
192 440 253 483 K,
278 444 310 475 et
335 441 374 474 iu
399 441 544 475 Albano
570 440 609 475 O.
632 440 671 475 E.
694 441 861 475 Schmidt
889 442 977 476 ‘Der
1009 441 1285 476 Briefwechsel'
1314 453 1349 486 p.
1374 445 1449 475 158.

112 507 156 512 ——-
185 491 227 520 16
242 498 294 530 sq.
321 488 505 531 rapiemur
530 509 572 512 —
599 489 809 523 vexabimur
832 488 871 522 in
895 489 1065 533 parenth.
1092 489 1195 531 Boot,
1224 490 1327 523 extra
1352 488 1449 532 vulg.

112 534 171 567 Ad
196 546 230 578 p.
254 537 305 568 16.
330 538 382 567 14.
410 555 454 559 —
474 534 525 569 Ib.
549 546 601 578 sq.
627 535 681 569 vel
704 539 745 570 ut
772 556 814 560 —
838 536 892 570 vel
915 540 957 571 ut
980 535 1165 579 Wesenb.‚
1192 535 1302 577 Boot,
1335 536 1389 570 vel
1412 540 1453 569 ut

113 601 158 606 -—
177 581 231 615 vel
249 580 359 625 vulg„
379 582 469 616 volet
481 603 525 606 —
540 583 592 616 vel
611 581 814 616 Mommsen
835 582 1045 617 ‘Romische
1059 582 1228 617 Studien'
1252 582 1303 616 11³
1321 595 1356 627 p.
1374 586 1450 616 126.

113 632 133 661 2
167 629 204 661 et
230 631 305 661 147.
328 632 347 661 2
381 630 507 662 contra
545 628 728 662 Ciceronis
768 629 1086 673 consuetudinem,
1125 629 1189 672 qui
1226 640 1299 663 non
1335 628 1453 662 utitur

113 674 273 719 simplici
303 674 489 719 particula
520 676 573 710 rel
596 686 662 720 pro
694 680 767 710 aut.
800 697 843 701 -—
877 680 919 710 18
946 677 1031 711 Etsi
1062 677 1153 711 coni.
1186 676 1323 719 Baiter,
1348 676 1450 720 prob.

112 722 216 765 Boot,
243 733 309 756 scr.
337 722 496 765 Tyrrell,
528 727 560 757 et
584 722 632 765 M,
659 722 767 765 Boot,
799 723 859 758 sed
884 723 940 766 Zb,
968 723 1110 767 Baiter,
1137 723 1309 758 Wesenb.
1337 744 1381 748 ——
1409 727 1450 757 19

112 772 145 803 et
168 770 337 813 magister
366 770 523 812 equitum
556 780 623 804 om.
650 769 835 812 Wesenb.,
861 770 963 805 Boot.
990 791 1035 795 —
1062 774 1104 804 31
1139 770 1217 804 sine
1251 781 1356 804 cruce
1382 781 1450 804 om.

113 816 177 859 qui
203 815 257 850 ed.
284 815 405 856 Rom.,
432 816 575 857 Baiter,
607 816 791 860 Wesenb.,
816 817 927 859 Boot,
960 817 1029 851 Sed
1063 822 1103 852 tu
1136 818 1212 851 ubi
1243 818 1365 851 onmia
1390 818 1453 861 qui

112 862 265 896 consilia
292 862 362 896 -ἓ
387 862 541 906 Tyrrell,
567 863 636 897 Sed
654 864 740 897 heus
765 868 816 905 tu,
836 865 957 898 onmia
976 865 1039 908 qui
1064 863 1103 899 O.
1118 864 1158 898 E.
1175 863 1342 898 Schmidt
1359 876 1450 898 mus.

112 908 228 943 Rhen.
252 912 340 943 1897
367 921 401 953 p.
425 912 501 944 158.
552 909 629 953 Ego
656 921 726 943 non
755 910 895 953 dubito,
923 911 1012 953 quin
1033 912 1244 955 corruptum
1270 910 1319 945 sit
1344 921 1449 944 voca-

112 955 242 989 bulum
267 957 398 990 omnia.
443 957 454 1000 ΙΙ
497 956 542 991 Ρ.
559 956 646 991 286.
663 960 683 990 8
709 961 741 992 et
766 958 878 991 Pedio
904 959 1039 1001 scripta
1064 962 1096 992 et
1121 969 1210 1002 quae
1235 958 1368 992 adtulit
1392 958 1452 991 ille

113 1003 274 1036 Baebius
298 1003 380 1036 uu'si
398 1002 442 1037 H.
458 1003 499 1038 A.
514 1003 617 1037 Koch
636 1014 757 1047 progr.
778 1003 942 1039 Portens.
965 1008 1054 1038 1868
1074 1017 1108 1049 p.
1132 1008 1186 1047 27,
1211 1009 1261 1039 set
1279 1005 1450 1049 rescripta

113 1049 236 1083 attulit
255 1049 419 1091 Matius;
444 1061 486 1084 ea
504 1051 588 1084 misi
606 1050 757 1094 Madvig
775 1051 867 1086 Adv.
881 1051 978 1095 [Hp.
996 1055 1073 1094 184,
1098 1051 1200 1095 prob.
1232 1051 1336 1095 Boot,
1363 1063 1452 1095 quae
1492 1071 1499 1074 -

113 1096 291 1140 descripta
322 1096 445 1131 attulit
470 1097 525 1132 M.
553 1097 618 1141 (C.)
646 1097 808 1140 Caesius,
840 1109 882 1132 ea
911 1099 995 1132 misi
1026 1097 1064 1133 O.
1091 1098 1131 1133 E.
1163 1098 1329 1132 Schmidt
1359 1110 1450 1132 mus

112 1142 228 1177 Rhen.
252 1146 340 1177 1897
360 1155 395 1187 p.
418 1146 495 1178 164.
534 1164 578 1168 —
617 1147 636 1177 9
663 1148 745 1179 aute
770 1143 862 1178 ORP
888 1145 1091 1189 (Lehmann
1116 1145 1193 1180 Att.
1219 1157 1254 1189 p.
1282 1149 1337 1187 34,
1360 1149 1450 1188 134).ν

113 1200 182 1224 om.
205 1193 247 1232 Δ,
275 1189 356 1224 edd.
390 1211 434 1215 —
467 1194 511 1224 24
531 1191 668 1225 curasti
693 1202 722 1234 c,
742 1202 824 1234 vc,
851 1191 897 1225 Zb
922 1192 1126 1235 (Lehmann
1150 1204 1184 1236 p.
1208 1195 1261 1234 72,
1283 1195 1338 1233 97,
1361 1195 1451 1236 122),

115 1235 224 1279 Wes,
252 1247 319 1271 om.
341 1240 374 1271 Δ
390 1239 431 1279 Σ,
457 1237 593 1279 Baiter,
621 1238 716 1272 Boot
734 1238 800 1256 *²³⁴*
821 1240 864 1282 (v.
885 1250 976 1274 mus
998 1239 1113 1274 Rhen.
1136 1242 1225 1273 1898
1252 1251 1287 1283 p.
1310 1243 1376 1272 123
1390 1242 1450 1283 u),

113 1283 267 1327 Tyr-rell.
300 1304 344 1308 —
377 1288 419 1317 27
453 1284 579 1318 Novae
611 1284 794 1329 epistulae
825 1285 975 1319 initium
1006 1286 1098 1319 facit
1129 1286 1266 1320 Ziehen
1297 1285 1449 1330 Ephem.

114 1329 208 1364 Tull.
229 1342 263 1374 p.
287 1334 340 1373 15,
373 1331 472 1373 quod
497 1330 621 1365 Cicero
655 1332 844 1376 superiora
875 1343 948 1366 non
979 1333 1087 1367 modo
1115 1333 1305 1377 scripsisse
1332 1343 1369 1366 se
1395 1333 1451 1366 vel

114 1376 341 1421 obsignasse,
367 1378 431 1411 sed
456 1378 531 1411 iam
555 1378 701 1412 dedisse
725 1378 892 1414 affirmet.
914 1400 958 1404 —
979 1379 1029 1413 Π).
1046 1380 1194 1425 [pueri]
1213 1379 1332 1422 Klotz,
1349 1379 1450 1413 ‘viel-

113 1423 229 1457 leicht
255 1423 309 1457 als
337 1424 417 1458 eine
443 1424 481 1458 in
509 1425 579 1458 den
604 1425 698 1459 Text
723 1426 961 1470 gedrungene
986 1426 1219 1470 Randglosse
1245 1438 1289 1460 zu
1315 1426 1448 1470 tilgen’

116 1469 155 1505 O.
177 1470 217 1504 E.
240 1469 407 1504 Schmidt
441 1471 528 1505 ‘Der
559 1472 720 1506 Briefw.'
748 1485 782 1517 p.
806 1476 889 1516 1593
930 1473 1033 1507 codd.
1057 1474 1153 1507 enim
1179 1474 1287 1517 pueri
1312 1473 1451 1507 habent

113 1518 200 1561 post
214 1517 344 1551 Matio.
361 1538 405 1542 —-
426 1521 470 1551 28
489 1519 613 1563 [cum]
632 1518 718 1553 Mal.
735 1522 884 1554 auctore
903 1520 1007 1562 Boot,
1028 1520 1141 1564 Tyr-11,
1165 1520 1275 1553 ‘Nam
1294 1520 1452 1554 Matium

116 1565 153 1597 et
166 1563 382 1597 Trebatium
400 1575 473 1598 non
495 1567 740 1608 convenerat';
756 1566 878 1609 inquit
896 1567 971 1610 ille,
990 1567 1186 1610 ‘quomodo
1205 1566 1322 1611 igitur
1335 1578 1451 1610 quove

115 1610 269 1644 consilio
288 1621 421 1654 pueros
443 1622 525 1644 cum
544 1612 590 1645 iis
610 1612 824 1656 misisseffl’,
852 1624 943 1657 quos
965 1613 1013 1647 ad
1033 1613 1245 1648 Ciceronem
1263 1614 1450 1648 remittere

116 1667 154 1690 se
191 1657 319 1691 dicunt-
355 1670 389 1702 p.
412 1661 489 1692 287.
510 1663 542 1701 4,
577 1659 631 1693 ‘ut
670 1660 710 1693 id
744 1671 851 1704 quam
880 1661 1040 1704 primum
1073 1661 1206 1695 scires'.
1262 1660 1304 1695 V.
1339 1661 1452 1694 etiam

116 1703 156 1738 O.
177 1703 216 1738 E.
240 1703 406 1738 Schmidt
440 1705 526 1738 ‘Der
557 1705 831 1740 Briefwechsel'
865 1719 900 1751 p.
923 1710 988 1741 159
1015 1707 1064 1742 in.
1097 1729 1141 1732 —
1173 1712 1215 1741 31
1250 1708 1451 1741 audiimus

116 1750 172 1785 ed.
199 1750 348 1794 Victon,
374 1751 558 1794 Wesenb.,
585 1753 754 1787 audimus
785 1753 850 1788 M1.
879 1753 920 1788 V.
943 1754 990 1787 ad
1014 1766 1048 1798 p.
1077 1758 1155 1789 240.
1177 1758 1208 1789 4.
1242 1774 1285 1778 ——
1319 1757 1362 1787 33
1388 1755 1450 1788 ha-

117 1798 232 1832 buerit
265 1797 342 1831 OPs
375 1800 412 1832 et
443 1799 554 1843 (huit
585 1810 667 1832 cum
698 1799 839 1833 duobus
873 1801 1059 1845 arcubus⁷)
1085 1801 1123 1834 M
1149 1801 1284 1844 (Lehm.
1308 1810 1362 1844 ep.
1385 1800 1449 1834 sel.

113 1843 165 1877 111
187 1846 255 1888 14),
287 1845 414 1879 Baiter
445 1856 517 1878 non
548 1845 752 1890 improbab.
797 1847 856 1880 Ad
879 1859 914 1891 p.
937 1851 1013 1882 106.
1036 1851 1066 1881 9.
1110 1850 1121 1888 ΙΙ
1171 1847 1216 1882 Ρ.
1244 1846 1334 1880 287.
1362 1851 1449 1890 9sq.

121 1890 226 1924 VIII
235 1891 282 1925 K.
296 1892 415 1936 April.
443 1892 639 1926 Beneventi
663 1904 886 1935 mansurum,
911 1895 985 1928 ad.
1002 1895 1083 1928 VII
1100 1894 1244 1937 Capuae
1265 1893 1449 1936 Cratand,

116 1936 193 1979 alii,
212 1937 324 1980 Wes,
344 1938 448 1981 Boot,
468 1939 582 1982 Tyrr„
603 1939 822 1981 Lehm.,a.d.
840 1941 1000 1974 ῘἹΙΙΚ.
1013 1940 1158 1984 Capuae
1171 1940 1219 1981 M,
1239 1939 1348 1982 Bait„
1368 1952 1400 1974 a.
1415 1941 1449 1974 d.

122 1983 204 2017 VII
219 1984 266 2018 K.
291 1985 435 2029 Capuae
467 1985 506 2020 O.
527 1985 566 2020 E.
589 1985 756 2020 Schmidt
789 1987 877 2021 ‘Der
907 1987 1067 2021 Briefw.⁷
1102 1999 1136 2030 p.
1159 1990 1287 2029 372sq.
1324 2007 1368 2011 ——
1408 1990 1449 2020 19

114 2030 290 2075 fflitteris]
304 2031 400 2074 Em,
414 2032 510 2066 Bait.
521 2053 565 2057 —
579 2032 629 2067 Ib.
640 2044 691 2076 sq.
710 2033 822 2077 ‘opem
836 2034 1014 2077 exspecto'
1033 2044 1051 2067 e
1066 2033 1169 2067 codd.
1187 2032 1451 2068 O.E.Schmidt

116 2088 208 2111 mus.
223 2077 337 2112 Rhen.
355 2082 443 2112 1897
470 2091 505 2123 p.
520 2082 596 2114 158.
618 2101 662 2104 —
690 2083 733 2113 20
752 2080 1030 2126 [Corfiniensem
1050 2080 1174 2124 illam]
1194 2079 1448 2124 Tyrr.ep.374.

117 2143 161 2148 —
177 2127 220 2156 34
238 2135 315 2158 uec
332 2126 416 2159 ideo
429 2126 561 2160 habebo
575 2125 728 2170 Madvig
741 2127 891 2161 Adv.111
903 2139 938 2171 p.
950 2130 1015 2159 184
1025 2137 1076 2169 sq.
1092 2126 1193 2160 mire.
1220 2126 1263 2161 V.
1281 2127 1450 2161 ‘Zusatze

117 2181 181 2203 zur
210 2169 365 2213 plautin.
386 2172 575 2206 Prosodie’
603 2185 638 2216 p.
659 2177 691 2207 4.
736 2175 747 2217 ΙΙ
789 2174 835 2208 Ρ.
857 2173 945 2208 288.
968 2177 985 2205 1
1014 2177 1168 2216 poterat
1192 2173 1344 2217 Madvig
1369 2174 1392 2208 l.
1413 2174 1449 2217 l.,

116 2216 220 2251 Boot.
241 2237 286 2241 —
308 2221 350 2250 10
369 2223 415 2253 ut
433 2220 573 2253 veniam
590 2219 758 2264 Malasp.,
779 2220 916 2262 Baiter,
936 2219 1108 2254 Wesenb.
1129 2240 1173 2244 —
1195 2223 1237 2253 13
1253 2222 1450 2264 praeripio

117 2262 157 2297 O.
178 2263 218 2298 E.
240 2263 407 2298 Schmidt
424 2265 555 2300 Philol.
580 2270 667 2300 1896
688 2279 723 2310 p.
745 2270 823 2308 264,
845 2267 986 2310 prer⁷'pi
1005 2266 1071 2309 M1,
1088 2267 1243 2311 precipit
1262 2267 1328 2309 ΜΞ,
1345 2279 1449 2311 prae-

115 2311 211 2354 cipio
239 2310 319 2345 edd.
371 2310 422 2346 Cf.
451 2312 499 2345 ad
522 2324 557 2356 p.
580 2316 656 2347 293.
680 2317 710 2347 9.
738 2333 781 2337 —
810 2316 853 2346 20
879 2314 964 2348 iude
983 2323 1052 2348 om.
1073 2313 1183 2356 Wes,
1209 2314 1313 2348 Boot.
1336 2335 1379 2339 —-
1406 2318 1449 2348 25

189 2374 248 2399 cie.
269 2375 355 2405 epist.
386 2376 426 2400 Π.
1225 2371 1243 2405 f
