1665 2553
91 739 124 764 10

90 1032 123 1057 15

89 1324 123 1348 20

90 1615 124 1640 25

92 1907 126 1931 30

365 101 703 137 EPISTULARUM
727 102 792 136 AD
818 101 1033 136 ATTICUM
1058 102 1142 137 XVI
1167 107 1199 147 6,
1227 107 1257 138 7.
1391 103 1476 144 503

143 200 191 238 ut
228 197 437 253 adessent,
473 211 633 252 rogare.
696 196 913 238 Summam
951 212 1068 251 spem
1098 198 1354 238 nuntiabant
1385 198 1477 239 fore

143 259 192 297 ut
234 255 448 297 Antonius
489 256 668 310 cederet,
711 271 777 297 res
822 256 1081 310 conveniret,
1124 256 1261 297 nostri
1297 255 1476 297 Romam

143 314 337 355 redirent.
399 314 622 356 Addebant
659 314 786 355 etiam
817 329 883 355 me
915 314 1157 368 desiderari,
1196 314 1474 356 subaccusari.

232 372 345 422 Quae
388 388 483 414 cum
521 373 748 429 audissem,
792 373 881 414 sine
918 373 1004 413 ulla
1041 373 1305 414 dubitatione
1343 373 1474 414 abieci

144 432 369 472 consilium
393 432 680 486 profectionis,
712 446 795 486 quo
822 431 1056 472 mehercule
1082 446 1134 472 ne
1159 434 1281 472 antea
1307 431 1476 485 quidem

144 490 389 531 delectabar.
439 490 577 531 Lectis
608 505 707 531 vero
734 491 819 530 tuis
846 491 1000 531 litteris
1026 490 1256 531 admiratus
1282 490 1475 544 equidem

144 563 237 589 sum
273 551 315 590 te
353 552 441 589 tam
482 549 751 590 vehementer
783 549 1036 589 sententiam
1068 551 1365 602 commutasse,
1404 549 1476 589 sed

142 622 229 648 non
269 607 358 648 sine
390 622 514 648 causa
546 607 792 648 arbitrabar.
854 607 968 661 Etsi,
1006 608 1198 661 quamvis
1229 622 1316 648 non
1345 607 1476 648 fueris

145 680 292 706 suasor
324 668 365 706 et
390 666 598 720 impulsor
623 666 898 719 profectionis
924 680 1052 720 meae,
1085 665 1340 719 adprobator
1365 668 1476 707 certe

143 724 283 779 fuisti,
320 724 418 764 dum
455 725 578 765 modo
611 725 703 765 Kal.
730 724 814 765 Ian.
841 724 1000 765 Romae
1032 739 1177 765 essem.
1238 723 1305 765 Ita
1335 724 1477 779 fiebat,

143 785 202 837 ut,
227 782 326 823 dum
352 783 491 823 minus
518 783 693 837 periculi
718 783 942 836 videretur,
969 783 1170 837 abessem,
1195 783 1239 823 in
1264 782 1477 823 flammam

142 841 278 894 ipsam
296 841 492 882 venirem.
539 841 621 883 Sed
644 841 757 898 11666,
776 842 942 882 etiamsi
966 856 1052 882 non
1076 841 1316 895 prudenter⁷
1334 844 1476 882 tamen

143 899 381 954 ἀνεμέσητα
419 902 536 955 sunt,
573 901 757 954 primum
795 901 907 954 quod
939 900 988 941 de
1018 915 1112 941 mea
1144 900 1351 941 sententia
1383 903 1477 941 acta

144 961 254 1012 sunt,
286 959 451 1013 deinde,
493 959 658 999 etiamsi
689 961 731 1000 te
764 962 945 1012 auctore,
978 959 1079 1012 quid
1111 958 1245 1013 debet,
1277 958 1350 1012 qui
1382 973 1476 999 con-

143 1017 284 1057 silium
328 1017 418 1072 dat,
461 1020 675 1070 praestare
719 1020 884 1070 praeter
926 1017 1081 1058 fidem?
1131 1016 1242 1058 Illud
1279 1017 1476 1058 admirari

143 1075 246 1115 satis
278 1089 365 1115 non
396 1076 529 1129 potui,
561 1075 673 1129 quod
705 1076 912 1129 scripsisti
942 1075 1008 1116 his
1040 1075 1198 1116 verbis:
1239 1075 1367 1116 ‘Bene
1398 1076 1475 1130 igi-

142 1136 212 1173 tur
244 1136 303 1188 tu,
336 1133 407 1187 qui
439 1134 723 1188 εὐθανασίαν,
753 1134 876 1175 1)61161
915 1134 1104 1187 relinque
1135 1134 1344 1187 patriam.³
1405 1134 1475 1175 An

144 1205 220 1246 ego
252 1192 542 1245 relinquebam
573 1195 645 1233 aut
676 1193 757 1233 tibi
783 1196 875 1233 tum
899 1193 1135 1246 relinquere
1160 1193 1361 1234 videbar?
1411 1192 1475 1233 Tu

142 1250 186 1290 id
228 1265 312 1291 non
350 1251 475 1291 modo
513 1265 599 1291 non
636 1251 879 1306 inhibebas,
922 1265 1068 1292 verum
1107 1251 1233 1291 etiam
1273 1251 1475 1304 adproba-

143 1309 228 1349 bas.
292 1307 509 1363 Graviora,
541 1323 647 1363 quae
678 1312 850 1350 restant.
907 1309 1063 1350 ‘Velim
1095 1311 1272 1363 σχόλιον
1303 1309 1475 1363 aliquod

144 1367 286 1407 elimes
325 1367 376 1408 ad
413 1382 479 1408 me
517 1368 755 1421 oportuisse
792 1371 834 1408 te
871 1368 981 1408 istuc
1011 1368 1172 1409 facere?
1234 1367 1372 1423 Itane,
1415 1368 1474 1409 mi

143 1424 312 1466 Attice?
344 1426 585 1467 defensione
610 1429 705 1480 eget
729 1441 869 1467 meum
893 1427 1065 1481 factum,
1089 1427 1338 1479 praesertim
1364 1426 1476 1480 apud

143 1486 201 1536 te,
246 1484 318 1537 qui
360 1484 404 1524 id
445 1484 697 1525 mirabiliter
741 1485 1013 1538 adprobasti‘?
1062 1485 1157 1539 Ego
1201 1499 1300 1526 vero
1344 1485 1476 1525 istum

144 1541 442 1596 ἀπολογισμὸν
474 1543 755 1596 συντάξομαι,
798 1543 869 1583 sed
900 1543 952 1583 ad
982 1557 1128 1583 eorum
1160 1543 1354 1596 aliquem,
1386 1543 1476 1596 qui-

144 1600 223 1640 bus
249 1600 395 1641 invitis
422 1603 464 1641 et
490 1601 829 1641 dissuadentibus
855 1601 1069 1654 profectus
1095 1616 1198 1641 sum.
1251 1601 1348 1641 Etsi
1375 1601 1476 1654 quid

143 1658 228 1699 iam
261 1673 366 1712 opus
398 1661 462 1699 est
493 1659 681 1715 σχολίῳῗ
723 1659 758 1699 si
789 1673 1139 1714 perseverassem,
1176 1673 1281 1712 opus
1313 1659 1475 1700 fuisset.

145 1716 219 1757 ‘At
250 1716 330 1757 hoc
355 1717 494 1770 ipsum
519 1731 607 1758 non
632 1717 900 1758 constanter.'
938 1716 1074 1758 Nemo
1102 1717 1250 1758 doctus
1275 1732 1477 1771 umquam

146 1773 300 1829 (multa
331 1778 471 1816 autem
503 1775 552 1816 de
583 1775 664 1816 hoc
695 1790 845 1830 genere
872 1776 1029 1829 scripta
1055 1774 1170 1831 sunt)
1197 1776 1477 1817 mutationem

144 1833 310 1874 consilii
333 1834 660 1875 inconstantiam
686 1834 792 1874 dixit
818 1847 918 1874 esse.
968 1833 1175 1887 Deinceps
1201 1834 1333 1888 igitur
1357 1834 1475 1875 haec:

146 1890 290 1947 ‘Nam7
327 1892 362 1932 si
394 1907 417 1932 a
447 1892 638 1933 Phaedro
670 1895 816 1932 nostro
849 1892 1000 1946 †esse,
1040 1892 1232 1945 expedita
1262 1893 1475 1934 excusatio

147 1952 273 2003 esset3
316 1964 429 1991 nunc
470 1951 570 2004 quid
601 1950 949 2004 respondemus‘.>⁹
992 1950 1109 2005 Ergo
1141 1950 1185 1990 id
1216 1953 1305 1991 erat
1336 1965 1477 1992 meum

147 2007 324 2061 factum,
374 2009 486 2062 quod
525 2007 678 2049 Catoni
720 2009 899 2062 probare
941 2023 1028 2049 non
1073 2009 1269 2062 possem?
1324 2009 1478 2064 fiagitii

147 2065 305 2106 scilicet
336 2066 508 2119 plenum
539 2070 580 2107 et
612 2067 836 2108 dedecoris.
885 2065 1060 2107 Utinam
1092 2082 1116 2107 a
1146 2068 1284 2121 primo
1311 2067 1372 2108 ita
1396 2068 1476 2109 tibi

148 2126 258 2164 esset
293 2123 449 2165 visum!
492 2127 540 2165 tu
577 2125 700 2180 mihi,
741 2125 850 2165 sicut
890 2139 978 2165 esse
1011 2125 1138 2180 soles,
1174 2125 1327 2166 fuisses
1359 2125 1476 2168 Cato.

94 2197 128 2223 35
148 2180 397 2222 Extremum
445 2182 550 2223 illud
598 2183 665 2223 vel
712 2183 1076 2224 molestissimum:
1145 2182 1271 2224 ‘Nam
1319 2183 1478 2226 Brutus

147 2241 290 2279 noster
328 2239 451 2293 silet’,
488 2240 569 2281 hoc
607 2243 686 2281 est:
723 2255 809 2281 non
846 2241 970 2281 audet
1006 2241 1221 2282 hominem
1252 2241 1294 2282 id
1326 2243 1478 2284 aetatis

147 2311 326 2338 monere.
387 2297 516 2338 Aliud
552 2298 661 2339 nihil
699 2298 852 2352 habeo,
890 2299 1001 2352 quod
1039 2313 1089 2340 ex
1126 2299 1178 2340 iis
1210 2314 1234 2340 a
1264 2302 1307 2340 te
1338 2302 1478 2342 verbis

1504 2196 1525 2226 5
