1665 2553
293 112 638 148 EPISTULARUM
663 114 727 148 AD
753 114 970 150 ATTICUM
996 114 1046 149 IV
1074 119 1222 150 11—14.
1350 116 1431 156 117

84 211 255 251 senatus
288 209 494 251 consulto.
556 208 661 250 Inde
693 209 866 251 domum
899 212 1085 266 cenatus,
1115 213 1164 252 ut
1197 211 1278 252 sim
1309 226 1432 252 mane

84 271 256 322 praesto
294 268 458 310 Miloni.
526 267 593 309 Ibi
632 272 674 310 te
713 269 847 323 igitur
891 269 1044 310 videbo
1084 272 1126 311 et
1162 270 1432 324 permanebo.

82 326 247 368 Domus
277 329 320 368 te
350 330 499 369 nostra
531 330 624 368 tota
657 327 827 368 salutat.

704 467 819 509 XIII.

49 554 65 580 5
85 548 160 583 Ser.
192 549 233 582 in
267 548 475 584 Tusculano
508 561 551 584 m.
584 549 678 584 Nov.
706 553 790 593 post
821 549 950 583 XVII
976 549 1025 584 K.
1058 550 1147 585 Dec.
1174 562 1208 585 α.
1243 553 1315 585 699
1343 553 1433 594 (55).

512 629 680 665 CICERO
707 630 881 665 ATTICO
910 631 1007 666 SAL.

173 700 264 743 Nos
306 702 351 743 in
391 701 677 743 Tusculanum
720 702 887 743 venisse
928 718 960 744 a.
1001 703 1036 744 d.
1069 716 1169 745 XVII
1206 704 1299 745 Kal.
1333 704 1430 745 Deo.

86 760 206 802 video
227 763 269 801 te
291 761 406 802 seire.
444 760 511 802 Ibi
531 760 764 815 Dionysius
789 761 914 802 nobis
941 765 1112 815 praesto
1139 763 1231 804 fuit.
1270 763 1431 804 Romae

87 834 121 860 a.
155 819 191 860 d.
223 831 324 860 XIIII
355 819 448 860 Kal.
480 819 676 860 volumus
714 834 814 861 esse.
879 819 987 868 Quid
1032 821 1123 862 dieo
1163 822 1431 863 ‘volumus’i2

34 896 67 920 10
86 878 217 918 immo
262 893 360 919 vero
406 878 607 932 cogimur.
676 878 849 919 Milonis
893 879 1079 933 nuptiae.
1149 878 1432 922 Comitiorum

87 951 174 977 non
204 936 322 977 nulla
354 937 500 990 opinio
534 939 609 978 est.
660 937 768 991 Ego,
801 940 849 977 ut
882 938 938 978 sit
969 940 1074 993 rata,
1106 938 1263 980 afuisse
1296 954 1362 980 me
1387 940 1433 980 in

88 995 455 1048 altercationibus,
488 1010 592 1049 quas
624 995 670 1035 in
702 998 852 1036 senatu
882 996 1015 1037 factas
1049 997 1193 1052 audio,
1223 998 1312 1038 fero
1344 1012 1432 1038 non
1487 1003 1494 1007 ’

87 1054 275 1094 moleste.
345 1053 457 1094 Nam
495 1057 568 1094 aut
612 1054 905 1108 defendissem,
950 1055 1063 1109 quod
1102 1070 1190 1096 non
1233 1056 1433 1112 placeret,

89 1114 162 1152 aut
187 1112 426 1168 defuissem,
451 1113 518 1153 eui
542 1126 630 1153 non
655 1116 882 1166 oporteret.
934 1112 1016 1154 Sed
1040 1114 1280 1155 mehercule
1304 1115 1432 1156 velim

35 1187 69 1213 15
88 1185 154 1211 res
192 1170 297 1212 istas
336 1174 378 1212 et
414 1174 680 1225 praesentem
717 1174 878 1212 statum
914 1172 975 1212 rei
1011 1172 1224 1229 publicae,
1268 1176 1309 1214 et
1348 1188 1431 1227 quo

89 1229 229 1270 animo
267 1229 461 1270 eonsules
499 1230 637 1270 ferant
674 1229 787 1271 hune
829 1232 1043 1285 σκυλμόν,
1085 1231 1244 1272 scribas
1283 1233 1334 1273 ad
1366 1246 1432 1272 me

88 1290 291 1342 quantum
333 1291 444 1342 pote.
505 1288 640 1330 Valde
679 1303 773 1329 sum
805 1289 1052 1341 ὀξύπεινος,
1092 1293 1152 1345 et,
1184 1290 1221 1331 si
1252 1291 1433 1345 quaeris,

89 1346 230 1387 omnia
261 1346 367 1387 mihi
399 1349 499 1387 sunt
531 1350 737 1401 suspecta.
801 1346 1003 1388 Crassum
1036 1349 1206 1402 quidem
1236 1353 1433 1390 nostrum

89 1405 252 1446 minore
302 1405 510 1459 dignitate
560 1406 679 1446 aiunt
727 1406 966 1459 profectum
1015 1407 1263 1460 paludatum
1307 1423 1435 1462 quam

36 1481 71 1505 20
91 1463 194 1504 olim
225 1464 442 1517 aequalem
474 1464 562 1504 eius
591 1463 636 1505 L.
663 1464 855 1519 Paulum,
886 1465 989 1506 item
1021 1465 1177 1507 iterum
1208 1467 1433 1507 consulem.

92 1521 125 1562 O
163 1521 379 1562 hominem
415 1524 614 1576 nequam!
677 1522 741 1563 De
778 1523 901 1564 libris
940 1524 1139 1565 oratoriis
1178 1525 1339 1566 factum
1370 1528 1435 1566 est

90 1595 114 1621 a
144 1595 211 1620 me
242 1580 478 1635 diligenter.
527 1581 613 1621 Diu
644 1582 911 1635 multumque
944 1583 990 1622 in
1021 1583 1218 1623 manibus
1250 1584 1435 1624 fuerunt.

88 1638 315 1679 Deseribas
346 1639 456 1680 lieet.
517 1638 630 1680 Illud
661 1640 790 1680 etiam
822 1644 940 1692 atque
971 1642 1095 1681 etiam
1126 1643 1169 1681 te
1200 1655 1325 1696 rogo,
1358 1643 1437 1695 τὴν

88 1703 317 1753 παροῦσαν
335 1698 599 1739 κατάστασιν
616 1700 841 1752 τυπωδῶς,
867 1713 919 1738 ne
939 1698 1051 1739 istuo
1072 1699 1229 1753 hospes
1256 1700 1434 1741 veniam.

41 1864 75 1891 25
710 1849 825 1891 XIV.

234 1928 308 1965 Ser.
335 1930 375 1964 in
403 1930 564 1964 Cumano
590 1941 633 1963 m.
658 1930 754 1964 Mai.
777 1934 860 1973 post
891 1930 950 1964 VI
969 1930 1027 1966 Id.
1055 1942 1086 1965 α.
1117 1933 1188 1966 700
1216 1933 1306 1975 (54).

518 2009 686 2045 CICERO
713 2011 884 2046 ATTICO
914 2011 1012 2047 SAL.

181 2080 406 2123 Vestorius
437 2085 582 2124 noster
614 2097 679 2123 me
711 2098 786 2136 per
815 2084 981 2124 litteras
1012 2084 1112 2124 fecit
1145 2084 1369 2125 certiorem
1394 2088 1436 2126 te

93 2139 230 2180 Roma
257 2155 289 2180 a.
318 2141 352 2181 d.
378 2153 426 2181 VI
451 2141 549 2182 Idus
575 2141 710 2182 Maias
742 2142 771 2195 †
791 2145 940 2195 putare
970 2142 1208 2195 profectum
1241 2157 1327 2183 esse
1354 2146 1437 2184 tar-

41 2215 76 2240 30
96 2199 207 2253 dius,
245 2213 372 2252 quam
415 2199 597 2254 dixeras,
643 2200 755 2254 quod
797 2201 937 2240 minus
976 2201 1192 2242 valuisses.
1264 2200 1309 2242 Si
1353 2202 1438 2243 iam

94 2256 245 2297 melius
271 2257 397 2311 vales,
428 2258 695 2299 vehementer
726 2259 899 2313 gaudeo.
945 2257 1086 2300 Velim
1112 2259 1287 2300 domum
1319 2260 1370 2301 ad
1396 2263 1437 2301 te

96 2315 266 2369 scribas,
298 2318 346 2356 ut
377 2315 482 2356 mihi
514 2317 578 2357 tui
609 2317 710 2358 libri
735 2320 908 2371 pateant
928 2332 1015 2358 non
1043 2332 1175 2374 secus,
1208 2333 1254 2359 ae
1286 2319 1321 2359 si
1347 2319 1438 2373 ipse

1460 1359 1479 1390 ιθ
