1665 2553
379 112 718 148 EPISTULARUM
743 112 808 146 AD
834 111 1036 146 BRUTUM
1062 112 1078 146 1
1105 116 1205 146 1—3.
1382 111 1467 153 523

216 209 275 251 Te
311 208 649 251 benevolentiam
686 207 893 248 exercitus
933 206 1209 261 equitumque
1247 210 1467 261 expertum
1491 219 1513 248 4

127 268 396 310 vehementer
426 267 599 323 gaudeo.
660 266 723 307 De
755 265 989 320 Dolabella,
1019 268 1068 306 ut
1101 265 1263 318 scribis,
1295 265 1331 306 si
1365 265 1465 319 quid

125 327 256 368 habes
293 327 410 381 novi,
447 326 575 368 facies
608 340 673 366 me
705 325 944 379 certiorem3
989 324 1032 365 in
1066 338 1149 378 quo
1182 323 1366 365 delector
1397 338 1464 365 me

127 388 225 427 ante
255 385 503 440 providisse,
542 387 591 425 ut
622 387 746 425 tuum
778 383 980 424 iudicium
1011 382 1194 424 liberum
1225 384 1337 423 esset
1368 396 1464 423 cum

91 460 107 486 5
126 444 350 486 Dolabella
395 444 496 485 belli
540 443 721 498 gerendi.
790 442 839 483 Id
875 442 994 483 valde
1031 441 1257 496 pertinuit,
1299 443 1348 482 ut
1386 454 1464 495 ego

127 506 219 544 tuin
256 502 571 557 intellegebam,
609 501 661 542 ad
699 516 788 542 rem
826 501 1060 556 publicam,
1097 503 1144 542 ut
1172 513 1284 541 nunc
1315 499 1467 554 iudico,

127 563 179 603 ad
216 562 467 617 dignitatem
504 564 633 602 tuam.

756 652 841 695 Ha.

400 733 474 770 Ser.
496 733 632 769 Romae
658 733 739 768 XV
761 734 811 768 K.
833 733 929 768 Mai.
951 744 984 767 a.
1006 734 1074 767 711
1103 733 1193 776 (43).

75 825 106 849 ιο
177 790 183 795 ’
533 815 724 851 CICERO
750 815 930 851 BRUTO
955 814 1064 850 SAL.

215 889 239 915 ²²²
258 887 324 915 ²³²*
357 887 477 937 Quod
515 888 664 929 scribis
703 902 770 928 me
809 887 994 928 maximo
1027 885 1114 927 otio
1147 884 1284 940 egisse
1324 886 1372 925 ut
1403 884 1464 925 in·
1490 895 1509 925 1
1536 894 1575 927 (5)

128 951 310 989 sectarer
342 947 572 1001 Antonios,
609 947 735 1000 idque
766 946 926 999 laudas,
957 944 1079 986 credo
1112 944 1175 985 ita
1205 943 1339 985 videri
1370 943 1463 984 tibi.

128 1006 210 1047 Sed
241 1007 358 1047 illam
389 1005 705 1046 distinctionem
736 1007 854 1045 tuam
885 1003 1003 1044 nullo
1030 1005 1152 1056 pacto
1179 1002 1331 1056 prob03
1365 1002 1463 1043 scri-
1520 1034 1527 1037 ,

126 1065 193 1106 bis
225 1065 337 1106 enim
369 1064 505 1105 acrius
536 1063 798 1117 prohibenda
829 1062 940 1103 bella
972 1061 1111 1103 civilia
1143 1075 1234 1102 esse
1266 1075 1392 1114 quam
1419 1061 1463 1101 in

74 1139 106 1166 15
128 1126 348 1177 superatos
386 1122 645 1163 iracundiam
681 1121 963 1163 exercendam.
1027 1119 1310 1161 Vehementer
1348 1134 1372 1159 a
1408 1121 1464 1173 te,

127 1182 276 1236 Brute,
315 1181 519 1222 dissentio
550 1195 626 1221 nec
660 1180 904 1222 clementiae
937 1182 1035 1220 tuae
1070 1178 1263 1231 concedo,
1296 1177 1367 1218 sed
1402 1192 1464 1218 sa—

126 1241 276 1282 lutaris
333 1240 532 1281 severitas
581 1239 712 1280 vincit
760 1239 927 1279 inanem
977 1237 1156 1291 speciem
1206 1236 1463 1277 clementiae.

139 1299 297 1348 Quodsi
345 1298 569 1339 clementes
620 1312 708 1339 esse
751 1297 965 1350 volumus,
1012 1310 1244 1348 numquam
1288 1295 1463 1335 deerunt

126 1358 239 1399 bella
276 1357 426 1399 civilia.
489 1356 570 1398 Sed
608 1356 657 1397 de
694 1356 774 1397 hoc
811 1358 859 1396 tu
890 1354 1066 1407 videris3
1110 1354 1159 1394 de
1190 1367 1257 1394 me
1288 1367 1466 1407 possum

74 1435 109 1459 20
128 1416 239 1457 idem
272 1416 384 1470 quod
415 1415 637 1456 Plautinus
670 1417 790 1468 pater
820 1415 866 1454 in
897 1413 1162 1454 Trinummo:

128 1491 276 1533 ‘Mihi
314 1491 511 1545 quidem
552 1493 689 1532 aetas
728 1493 838 1531 acta
873 1490 1033 1530 ferme
1073 1490 1167 1543 est,
1209 1490 1294 1528 tua
1331 1487 1465 1528 istuc

970 1547 1130 1588 refert
1167 1545 1405 1587 maxime.⁹

128 1637 446 1693 Opprimemini,
477 1637 583 1678 mihi
609 1636 738 1689 crede,
764 1635 908 1689 Brute,
933 1635 1017 1676 nisi
1043 1632 1294 1688 providetis3
1326 1647 1462 1686 neque
1487 1643 1507 1674 2
1536 1644 1575 1676 (6)

129 1698 241 1739 enim
272 1696 479 1751 populum
519 1710 681 1749 semper
722 1694 900 1735 eundem
930 1692 1145 1734 habebitis
1176 1706 1314 1745 neque
1347 1705 1464 1731 sena-

75 1774 109 1800 25
127 1759 219 1797 tum
255 1769 390 1810 neque
428 1754 563 1795 senati
601 1754 756 1794 ducem.
818 1752 932 1793 Haec
965 1766 1015 1793 ex
1048 1750 1217 1792 oraculo
1249 1749 1464 1803 Apollinis

127 1814 273 1868 Pythii
304 1814 416 1855 edita
447 1813 528 1854 tibi
557 1814 671 1867 puta.
733 1810 855 1852 Nihil
885 1812 1028 1864 potest
1060 1823 1150 1851 esse
1181 1808 1332 1849 verius.
1400 1819 1463 1849 XV

128 1873 179 1914 K.
205 1873 350 1914 Maias.

757 1962 831 2004 III.

281 2045 356 2081 Ser.
376 2045 512 2080 Romae
536 2045 604 2079 XI
624 2045 671 2078 K.
692 2044 800 2086 Mai„
823 2047 864 2078 ut
888 2042 1039 2084 videtur,
1060 2053 1092 2076 a.
1116 2044 1184 2076 '711
1214 2042 1303 2086 (43).

76 2137 110 2161 30
557 2125 724 2161 CICERO
750 2123 909 2159 BRUTO
938 2123 1034 2158 SAL.

217 2197 400 2240 Nostrae
430 2212 496 2238 res
528 2197 700 2239 meliore
730 2197 823 2238 loco
855 2195 1122 2248 videbantur3
1162 2194 1319 2247 scripta
1351 2192 1463 2234 enim
1491 2204 1509 2234 1

131 2257 182 2299 ad
221 2259 264 2298 te
295 2260 408 2298 certo
442 2256 546 2312 scio,
584 2270 689 2310 quae
721 2257 840 2308 gesta
873 2256 981 2294 sunt.
1045 2252 1197 2301 Quales
1228 2252 1309 2292 tibi
1340 2266 1463 2305 saepe

130 2316 281 2370 scripsi
312 2314 517 2369 consules,
547 2314 653 2355 tales
684 2313 950 2354 exstiterunt.
1001 2309 1191 2352 Caesaris
1218 2325 1316 2351 vero
1342 2310 1466 2364 pueri
