1665 2553
316 92 656 127 EPISTULARUM
681 92 745 127 AD
772 93 987 128 ATTICUM
1012 93 1080 128 XII
1105 97 1256 129 44—48.
1367 95 1452 136 389

113 187 340 230 carendum
373 191 437 229 est
469 187 586 245 (nam
620 189 741 230 dolor
766 189 877 230 idem
902 189 1105 245 manebit,
1136 192 1304 231 tantum
1330 191 1455 232 modo

114 246 355 303 occultius),
395 250 469 288 aut
500 247 656 303 nescio,
688 248 791 302 quid
822 249 1004 304 intersit,
1035 251 1181 290 utrum
1212 249 1313 290 illuc
1345 264 1457 291 nunc

112 306 278 347 veniam
317 320 369 346 an
408 306 459 346 ad
501 306 642 348 decem
675 321 818 348 annos.
881 306 1030 361 Neque
1062 308 1175 348 enim
1207 308 1291 349 ista
1322 309 1458 349 maior

113 365 366 419 admonitio,
403 379 530 418 quam
569 365 723 419 quibus
762 365 934 407 adsidue
972 366 1171 407 conficior
1209 370 1251 408 et
1289 367 1376 407 dies
1416 370 1457 408 et

77 426 267 466 5noctes.
326 422 450 472 ‘Quid
482 424 627 478 ergo?’
677 424 855 479 inquies,
882 424 1005 465 ‘nihil
1036 425 1250 466 litterae?
1298 425 1349 466 In
1379 426 1458 466 hac

113 482 282 536 quidem
313 497 359 523 re
390 497 536 523 vereor
561 497 613 523 ne
640 484 767 523 etiam
793 486 957 538 contra3
988 498 1087 524 nam
1115 498 1248 538 essem
1275 484 1456 526 fortasse

111 541 266 582 durior.
329 541 511 582 Exculto
550 541 662 582 enim
700 542 840 583 animo
877 542 987 583 nihil
1027 545 1211 599 agreste,
1255 543 1364 584 nihil
1395 544 1457 584 in-

109 599 343 641 humanum
375 603 449 641 est.

200 658 263 699 Tu
290 659 434 714 igitur,
460 661 508 700 ut
533 659 754 713 scripsisti,
780 673 856 701 nec
881 659 923 700 id
950 660 1216 701 incommodo
1243 662 1330 702 tuo.
1372 660 1665 704 Vel2(XLV1113

59 735 91 759 ιο
111 717 235 759 binae
267 718 379 758 enim
411 720 614 771 poterunt
645 718 824 759 litterae.
888 716 1113 760 Occurram
1146 719 1286 773 etiam,
1320 720 1356 761 si
1387 734 1456 761 ne-

111 790 225 817 cesse
257 777 347 817 erit.
410 776 528 831 Ergo
561 776 604 817 id
636 777 818 833 quidem,
849 779 897 817 ut
927 778 1100 831 poteris.

698 894 868 936 XLVII.

354 974 430 1010 Ser.
452 974 604 1009 Lanuvi
629 975 751 1009 XVII
777 975 825 1009 K.
847 976 932 1010 Iwn.
953 987 986 1011 α.
1016 978 1087 1011 709
1115 978 1204 1020 (45).

515 1057 705 1092 CICERO
729 1057 921 1092 ATTICO
947 1057 1055 1092 SAL.

57 1146 89 1171 15
198 1127 262 1169 De
293 1128 489 1185 Mustela,
521 1131 568 1169 ut
596 1129 758 1184 scribis,
791 1129 871 1170 etsi
897 1143 1100 1184 magnum
1128 1144 1233 1184 opus
1261 1132 1335 1171 est.
1385 1130 1450 1172 Eo
1480 1140 1497 1170 1

109 1187 246 1242 magis
290 1187 463 1228 delabor
507 1187 558 1228 ad
596 1187 801 1229 Clodiam.
873 1187 1139 1242 Quamquam
1181 1189 1227 1229 in
1270 1192 1452 1242 utroque

109 1245 391 1287 Faberianum
433 1260 588 1287 nomen
632 1247 937 1300 explorandum
982 1250 1057 1288 est.
1119 1246 1182 1289 De
1222 1262 1304 1301 quo
1343 1248 1453 1289 nihil

108 1305 300 1345 nocuerit
333 1305 369 1345 si
396 1305 556 1359 aliquid
582 1319 677 1346 cum
706 1305 841 1346 Balbo
875 1306 956 1346 eris
989 1306 1170 1361 locutus,
1202 1308 1244 1347 et
1271 1307 1453 1362 quidem,

108 1365 157 1404 ut
186 1377 253 1404 res
287 1365 362 1418 est,
395 1378 531 1404 emere
561 1378 639 1404 nos
669 1364 777 1404 velle
802 1379 878 1405 nec
904 1379 1028 1418 posse
1055 1365 1145 1405 sine
1170 1364 1253 1406 isto
1280 1365 1452 1406 nomine

56 1440 90 1464 20
108 1435 184 1462 nec
216 1422 367 1462 audere
398 1437 442 1463 re
474 1422 644 1463 incerta.
709 1421 791 1464 Sed
823 1423 990 1476 quando
1023 1422 1172 1464 Clodia
1196 1422 1359 1464 Romae
1389 1425 1451 1465 fu·
1478 1434 1497 1463 2

109 1483 206 1520 tura
238 1483 314 1534 est,
346 1483 388 1521 et
420 1481 569 1534 quanti
600 1495 688 1521 rem
721 1482 950 1522 aestimas?
999 1481 1066 1523 Eo
1093 1496 1268 1535 prorsus
1296 1485 1452 1538 specto,

108 1553 196 1579 non
234 1539 337 1593 quin
373 1539 479 1579 illud
515 1539 679 1594 malim,
717 1540 788 1580 sed
820 1542 861 1580 et
892 1553 1045 1594 magna
1075 1555 1142 1581 res
1175 1543 1238 1581 est
1271 1544 1311 1582 et
1345 1541 1452 1581 diffi-

108 1598 187 1639 cile
220 1600 433 1638 certamen
464 1612 559 1638 cum
591 1598 754 1653 cupido,
787 1612 881 1638 cum
912 1598 1134 1654 locuplete,
1167 1613 1262 1639 cum
1287 1599 1451 1641 herede.

108 1656 207 1697 Etsi
239 1656 288 1697 de
321 1656 552 1710 cupiditate
582 1656 741 1697 nemini
774 1657 1016 1711 concedam3
1048 1657 1199 1698 ceteris
1231 1658 1358 1698 rebus
1390 1658 1452 1699 in-

56 1732 89 1757 25
108 1715 283 1756 seriores
316 1729 472 1756 sumus.
536 1713 617 1756 Sed
648 1714 751 1756 haec
783 1729 935 1756 coram.

681 1830 874 1872 XLVIII.

310 1911 384 1947 Ser.
404 1911 554 1946 Lanuvi
580 1911 685 1945 XVI
705 1912 753 1946 K.
774 1912 859 1945 Iun.
880 1923 984 1946 mane
1009 1923 1042 1946 a.
1066 1914 1137 1946 709
1164 1913 1254 1956 (45).

513 1993 703 2028 CICERO
728 1993 919 2029 ATTICO
945 1993 1053 2028 SAL.

197 2064 315 2105 Hirti
338 2065 508 2120 librum,
539 2067 587 2106 ut
612 2065 727 2120 facis,
760 2065 941 2120 divulga.
992 2064 1056 2106 De
1081 2064 1312 2105 Philotimo
1339 2065 1451 2106 idem
1470 2077 1598 2105 (XLVII
1617 2078 1634 2103 3

54 2141 89 2166 30
111 2126 152 2164 et
184 2137 261 2177 ego
295 2123 542 2164 arbitrabar.
592 2123 778 2164 Domum
809 2126 927 2164 tuam
953 2123 1089 2178 pluris
1115 2124 1235 2164 video
1262 2124 1450 2165 futuram

109 2182 247 2223 vicino
277 2180 463 2223 Caesare.
514 2181 800 2223 Tabellarium
824 2197 967 2223 meum
991 2182 1117 2223 hodie
1145 2184 1448 2236 exspectamus.

108 2239 200 2281 Nos
232 2240 281 2280 de
312 2239 420 2281 Pilia
452 2242 493 2281 et
523 2239 669 2281 Attica
701 2241 900 2282 certiores
932 2241 1069 2281 faciet.

120 2327 122 2330 -
197 2298 326 2340 Domi
351 2300 393 2339 te
418 2298 599 2339 libenter
625 2313 714 2340 esse
739 2299 862 2340 facile
888 2299 1020 2340 credo.
1066 2297 1146 2340 Sed
1172 2298 1299 2340 velim
1326 2299 1444 2357 scire,
1464 2308 1620 2342 (XLVIII)
