1665 2553
198 61 286 102 404
621 61 668 96 M.
696 61 837 95 TULLI
863 61 1110 97 CICERONIS

199 155 422 210 Hortensi3
479 156 642 209 deinde,
691 157 789 210 quia
837 158 954 211 παρὰ
1000 158 1048 199 τὸ
1090 157 1261 211 πρέπον
1300 159 1533 214 videbatur,

201 215 313 268 quod
345 217 433 255 erat
457 214 701 255 hominibus
727 218 829 255 nota
854 230 941 256 non
966 215 1040 256 illa
1067 216 1233 270 quidem
1259 217 1532 272 ἀπαιδευσία,

202 274 274 313 sed
312 273 358 313 in
396 273 448 314 iis
490 273 614 314 rebus
656 273 853 328 ἀτριψία,
896 274 1021 314 simul
1062 289 1109 316 ac
1148 276 1241 315 veni
1286 276 1337 316 ad
1376 277 1532 331 villam,

201 332 369 372 eosdem
406 331 502 372 illos
539 345 750 372 sermones
783 332 836 372 ad
868 331 1068 374 Catonem
1102 333 1368 387 Brutumque
1398 337 1532 375 trans-

199 390 290 430 tuli.
345 390 454 431 Ecce
485 393 582 430 tuae
613 390 779 430 litterae
811 390 860 431 de
893 391 1093 433 Varrone.
1144 391 1315 433 Nemini
1347 393 1437 434 visa
1469 396 1532 434 est
1570 410 1586 435 5

201 448 340 501 aptior
380 448 609 489 Antiochia
646 449 766 489 ratio.
831 447 911 489 Sed
949 452 1091 491 tamen
1130 451 1257 491 velim
1290 451 1447 492 scribas
1481 452 1533 492 ad

200 521 282 561 me,
325 507 509 560 primum
550 507 766 560 placeatne
806 508 886 548 tibi
919 508 1079 562 aliquid
1111 509 1161 549 ad
1193 509 1332 563 illum,
1374 510 1532 565 deinde,

201 565 236 606 si
268 565 462 620 placebit,
492 565 626 606 hocne
657 566 939 619 potissimum.

288 623 424 672 Quid?
480 622 657 664 Servilia
698 624 835 664 iamne
875 625 1016 665 venit?
1066 625 1225 666 Brutus
1264 626 1412 680 ecquid
1444 626 1533 681 agit

200 685 241 722 et
282 682 477 736 quando?
528 682 591 723 De
623 682 799 723 Caesare
839 684 939 737 quid
977 683 1178 724 auditur?
1228 684 1322 738 Ego
1366 685 1417 725 ad
1447 685 1532 726 No-
1553 703 1587 728 10

198 754 294 794 nas,
331 755 454 794 quem
491 741 746 782 admodum
777 742 874 782 dixi.
937 742 1000 782 Tu
1032 757 1126 782 cum
1156 742 1327 798 Pisone,
1367 743 1403 784 si
1435 744 1534 797 quid

199 799 370 853 poteris.

155 460 174 490 10

701 915 837 971 XVII,
870 915 1028 958 XVIII.

410 995 483 1030 Ser.
506 997 544 1030 in
569 997 746 1040 Arpinati
769 997 843 1030 III
864 997 910 1030 K.
935 997 1056 1041 Quint.
1078 1009 1110 1031 α.
1134 1000 1205 1032 709
1232 1000 1320 1041 (45).

601 1078 790 1112 CICERO
816 1079 1006 1113 ATTICO
1032 1080 1139 1114 SAL.
1554 1088 1587 1113 15

155 1162 171 1191 1
288 1161 318 1189 V
348 1149 441 1189 Kal.
474 1150 768 1202 exspectabam
798 1150 934 1191 Roma
966 1151 1126 1204 aliquid
1155 1152 1265 1192 novi.
1327 1150 1532 1205 Imperas-

202 1222 289 1248 sem
320 1208 453 1262 1011111·
479 1208 640 1261 aliquid
664 1209 760 1248 tuis.
811 1208 936 1249 Nunc
962 1210 1103 1250 eadem
1129 1209 1213 1263 illa,
1246 1210 1348 1263 quid
1372 1210 1532 1251 Brutus

201 1267 377 1320 cogitet,
418 1269 508 1319 aut,
547 1267 582 1306 si
623 1266 784 1320 aliquid
822 1267 925 1321 egit,
965 1268 1113 1321 ecquid
1145 1283 1167 1308 a
1200 1267 1386 1309 Caesa-ie
1453 1267 1534 1309 Sed

201 1325 303 1378 quid
333 1301 428 1378 is⁷,ta
462 1339 567 1378 quae
598 1325 738 1365 minus
770 1325 899 1366 curo?
947 1325 1093 1366 Attica
1124 1329 1270 1367 nostra
1296 1327 1397 1392 quid
1423 1341 1475 1381 ao
1479 1330 1534 1382 11],

202 1383 307 1423 scire
339 1383 472 1436 cupio.
522 1382 619 1423 Etsi
650 1386 747 1424 tuae
777 1384 944 1424 litterae
977 1383 1067 1439 (sed
1098 1385 1182 1425 iam
1213 1385 1340 1426 nimis
1371 1388 1532 1426 veteres
1553 1404 1587 1428 20

202 1440 319 1496 sunt)
369 1443 479 1481 recte
528 1455 694 1495 sperare
744 1442 909 1497 iubent,
958 1445 1100 1483 tamen
1150 1446 1345 1497 exspecto
1390 1458 1534 1485 recens

202 1500 371 1553 aliquid.

13 1570 33 1600 2
59 1569 190 1601 (XVIII)
290 1558 436 1611 Vides,
480 1558 775 1612 propinquitas
815 1559 917 1612 quid
953 1559 1118 1600 habeat.
1181 1559 1272 1601 Nos
1310 1575 1408 1601 vero
1440 1575 1535 1602 con-

201 1617 390 1657 ficiamus
430 1616 591 1657 hortos,
655 1616 866 1671 Conloqui
906 1618 1168 1673 videbamur,
1210 1619 1254 1659 in
1295 1619 1533 1660 Tusculano

202 1689 296 1716 cum
335 1690 485 1729 essem3
526 1677 646 1716 tanta
690 1679 778 1716 erat
816 1676 1019 1717 crebritas
1060 1676 1310 1718 litterarum.
1374 1677 1454 1719 Sed
1492 1678 1535 1718 id
1555 1694 1589 1720 25

203 1734 373 1787 quidem
410 1734 494 1774 iam
534 1734 624 1774 erit.
686 1734 780 1788 Ego
820 1735 979 1775 interea
1018 1735 1236 1776 admonitu
1274 1738 1348 1776 tuo
1380 1736 1536 1789 perfeci

203 1807 301 1833 sane
351 1792 570 1846 argutulos
612 1792 744 1833 libros
786 1793 837 1833 ad
878 1793 1131 1846 Varronem,
1176 1794 1247 1835 sed
1286 1797 1428 1834 tamen
1470 1809 1535 1835 ex-

203 1854 364 1904 specto,
406 1850 507 1904 quid
546 1851 598 1891 ad
635 1866 699 1905 ea,
739 1865 844 1904 quae
883 1852 1031 1905 scripsi
1069 1852 1121 1892 ad
1152 1855 1212 1907 te,
1248 1853 1430 1906 primum
1463 1852 1535 1906 qui

201 1909 461 1950 intellexeris
493 1923 588 1949 eum
621 1909 855 1950 desiderare
887 1925 911 1950 a
943 1924 1021 1964 me,
1053 1924 1147 1950 cum
1178 1911 1268 1964 ipse
1299 1910 1426 1951 homo
1458 1925 1534 1952 πο-

202 1969 540 2022 λυγραφώτατος
576 1982 808 2022 numquam
838 1983 904 2009 me
935 1968 1190 2023 lacessisset3
1232 1969 1379 2009 deinde
1412 1983 1536 2022 quem
1555 1986 1589 2011 30

203 2028 458 2079 ζηλοτυπεῖν
488 2026 573 2066 nisi
599 2028 704 2079 forte
733 2026 932 2077 Bmtmn,
970 2041 1085 2079 quem
1116 2029 1153 2068 si
1183 2041 1265 2068 non
1297 2030 1536 2081 ζηλοτυπεῖ,

200 2084 336 2124 multo
368 2083 646 2125 Hortensium
685 2085 825 2125 minus
868 2060 940 2125 aut
973 2099 1062 2139 eos,
1101 2086 1172 2139 qui
1206 2085 1256 2126 de
1289 2101 1335 2126 re
1366 2086 1537 2150 publica

201 2142 443 2195 loquuntur.
505 2142 635 2183 Plane
666 2143 746 2184 hoc
776 2143 882 2183 mihi
914 2144 1094 2197 explices
1127 2144 1272 2199 velim,
1314 2145 1357 2184 in
1388 2144 1535 2197 primis

201 2214 425 2241 maneasne
451 2201 496 2241 in
522 2202 741 2256 sententia,
772 2204 820 2242 ut
845 2201 1013 2242 mittam
1038 2201 1090 2242 ad
1116 2216 1223 2258 eum,
1243 2217 1349 2256 quae
1376 2202 1537 2257 scripsi,

201 2271 257 2298 an
285 2259 394 2298 nihil
424 2273 592 2300 necesse
623 2263 756 2314 putes.
821 2259 903 2301 Sed
933 2260 1034 2301 haec
1066 2275 1217 2302 coram.
1556 2276 1589 2301 35
