1665 2553
187 331 209 361 2

234 108 289 148 12
658 106 707 141 M.
735 106 875 141 TULLI
900 105 1146 140 CICERONIS

231 203 409 256 buntur,
453 217 548 243 cum
585 202 769 257 veneris,
805 203 878 242 aut
916 201 954 241 ei
989 201 1167 242 molesta
1208 203 1348 256 erunt,
1387 201 1431 241 in
1467 202 1565 241 utro

234 261 357 315 culpa
389 261 479 302 erit.

324 319 444 368 Quod
480 320 526 360 in
563 318 744 372 epistula
782 321 857 359 tua
894 318 1098 371 scriptum
1129 320 1217 359 erat
1247 331 1313 358 me
1343 317 1428 358 iam
1459 317 1566 358 arbi-

234 378 341 419 trari
373 378 639 432 designatum
675 391 783 431 esse,
821 376 926 417 scito
957 376 1066 416 nihil
1097 379 1185 417 tam
1215 376 1446 417 exercitum
1477 390 1566 416 esse

233 451 346 477 nunc
382 436 542 478 Romae
580 450 706 489 quam
744 435 986 476 candidatos
1031 435 1225 476 omnibus
1269 434 1566 489 iniquitatibus
1603 451 1621 477 5

233 509 328 550 nec,
364 495 530 549 quando
567 495 712 535 futura
750 493 835 534 sint
875 492 1060 547 comitia,
1099 493 1205 534 sciri.
1271 492 1430 534 Verum
1465 492 1568 534 haec

237 553 379 595 audies
424 553 473 594 de
516 551 803 605 Philadelpho.
878 551 941 592 Tu
985 551 1111 592 velim
1172 566 1276 605 quae
1318 551 1567 593 Academiae

235 614 408 653 nostrae
450 611 611 665 parasti
673 625 799 664 quam
841 610 1024 664 primum
1066 587 1222 651 mittas
1292 610 1399 651 Mire
1443 624 1568 664 quam

235 670 351 711 illius
377 670 459 710 loci
484 684 571 710 non
594 646 718 710 niodo
745 683 860 723 usus,
893 668 964 709 sed
996 669 1123 709 etiam
1149 669 1351 723 cogitatio
1379 668 1566 710 delectat.

235 728 388 769 Libros
412 742 511 769 vero
539 731 634 769 tuos
661 742 758 768 cave
785 727 980 781 cuiquam
1005 727 1165 781 tradas;
1191 727 1314 768 nobis
1335 741 1418 783 eos,
1445 741 1568 781 quem
1588 744 1623 769 ιο

237 787 290 828 ad
332 787 504 827 modum
549 786 714 840 scribis,
764 800 974 826 conserva.
1049 784 1269 827 Summum
1315 799 1381 826 me
1424 800 1568 826 eorum

239 845 426 886 studium
451 847 567 886 tenet
593 845 701 885 sicut
728 844 870 885 odium
897 844 982 884 iam
1013 847 1246 885 ceterarum
1275 859 1432 899 rerum3
1464 858 1568 898 quas

237 906 285 945 tu
327 903 572 944 incredibile
616 904 680 943 est
725 917 850 956 quam
892 902 1011 943 brevi
1059 905 1247 956 tempore
1298 905 1454 958 quanto
1505 902 1569 943 de-

237 962 414 1003 teriores
448 962 683 1002 offensurus
717 961 788 1016 sis,
820 975 946 1015 quam
976 961 1197 1015 reliquisti.

857 1076 950 1117 XII.
1587 1093 1622 1119 15

554 1157 628 1192 Ser.
655 1157 789 1191 Romae
816 1157 864 1191 K.
890 1157 972 1191 Ian.
1000 1168 1031 1191 a.
1061 1159 1131 1191 693
1159 1159 1248 1200 (61).

661 1237 827 1272 CICERO
854 1237 1025 1272 ATTICO
1053 1238 1149 1272 SAL.

326 1310 496 1351 Teucris
540 1309 614 1350 illa
655 1310 818 1351 lentum
869 1324 967 1351 sane
1009 1310 1246 1365 negotium,
1294 1323 1429 1365 neque
1472 1308 1569 1351 Cor-

236 1369 374 1411 nelius
416 1369 468 1410 ad
505 1368 745 1409 Terentiam
781 1371 929 1422 postea
968 1369 1104 1409 rediit.
1167 1367 1343 1422 Opinor,
1381 1368 1433 1410 ad
1464 1367 1568 1410 Con-

239 1428 409 1482 sidium,
453 1426 630 1482 Axium,
675 1426 873 1468 Selicium
917 1427 1242 1482 confugiendum
1282 1430 1363 1481 est3
1404 1442 1504 1468 nam
1547 1441 1569 1468 a
1588 1444 1637 1469 20.

239 1485 419 1528 Caecilio
446 1486 674 1539 propinqui
705 1486 866 1527 minore
893 1486 1133 1527 centesimis
1157 1500 1378 1527 nummum
1401 1500 1569 1527 movere

235 1559 325 1586 non
355 1547 545 1598 possunt.
602 1542 683 1585 Sed
712 1546 769 1585 ut‘
793 1544 845 1584 ad
875 1544 1010 1598 prima
1040 1544 1113 1585 illa
1144 1544 1322 1600 redeam,
1352 1544 1460 1585 nihil
1491 1558 1568 1598 ego

237 1603 312 1644 illa
359 1603 664 1658 impudentius,
713 1603 912 1657 astutius,
960 1603 1115 1643 lentius
1158 1603 1254 1644 vidi.
1334 1602 1568 1643 ‘Libertum

235 1662 383 1717 mitto,
419 1661 516 1702 Tito
552 1661 774 1702 mandavi?
839 1662 1030 1714 Σκήψεις
1068 1664 1193 1715 atque
1231 1661 1459 1715 ἀναβολαίς
1497 1661 1569 1701 sed

235 1720 377 1761 nescio
423 1735 477 1761 an
518 1720 788 1774 ταύτόματον
830 1719 962 1774 ἡμῶν.
1029 1719 1140 1760 Nam
1182 1719 1287 1760 mihi
1323 1718 1567 1772 Pompeiani
1588 1734 1621 1761 25

236 1779 453 1832 prodromi
482 1778 683 1819 nuntiant
716 1780 858 1832 aperte
887 1777 1137 1832 Pompeium
1160 1780 1351 1819 acturum
1379 1777 1566 1818 Antonio

238 1837 402 1878 succedi
440 1840 652 1891 oportere,
689 1836 916 1890 eodemque
952 1839 1142 1890 tempore
1179 1839 1275 1891 aget
1311 1838 1480 1890 praetor
1518 1835 1569 1876 ad

237 1895 452 1949 populum.
515 1895 598 1936 Res
636 1895 725 1936 eius
763 1895 877 1936 modi
914 1898 995 1950 est,
1031 1898 1080 1935 ut
1117 1908 1194 1949 ego
1229 1908 1305 1935 nec
1334 1908 1409 1948 per
1439 1894 1569 1935 bono-

237 1968 331 1994 rum
355 1968 431 1994 nec
456 1968 530 2007 per
555 1953 802 2007 popularem
828 1953 1183 1994 existimationem
1207 1952 1382 1993 honeste
1407 1953 1568 2006 possim

235 2011 451 2052 hominem
490 2012 724 2067 defendere,
760 2026 837 2052 nec
872 2011 977 2052 mihi
1012 2011 1161 2065 libeat,
1201 2011 1312 2064 quod
1342 2011 1409 2051 vel
1439 2010 1567 2052 maxi·
1586 2027 1621 2052 30

236 2083 353 2110 mum
385 2073 458 2111 est.
508 2070 681 2111 Etenim
707 2069 857 2111 accidit
879 2069 972 2124 hoc,
1005 2069 1117 2123 quod
1143 2072 1283 2110 totum
1308 2069 1425 2110 cuius
1453 2068 1568 2110 modi

238 2127 312 2181 sit,
349 2128 501 2169 mando
540 2128 639 2183 tibi,
678 2131 726 2169 ut
762 2128 1000 2181 perspicias.
1062 2127 1281 2168 Libertum
1319 2141 1395 2182 ego
1431 2127 1567 2168 habeo

237 2199 336 2226 sane
373 2200 554 2240 nequam
584 2186 816 2241 hominem,
851 2185 1047 2226 Hilarum
1079 2186 1188 2240 dico,
1225 2186 1567 2227 ratiocinatorem

236 2245 279 2284 et
328 2243 522 2284 clientem
570 2247 701 2285 tuum.
775 2243 838 2285 De
883 2258 929 2284 eo
972 2243 1077 2284 mihi
1119 2243 1316 2285 Valerius
1358 2244 1565 2297 interpres

234 2301 424 2356 nuntiat,
455 2302 732 2356 Thyillusque
765 2317 808 2343 se
840 2302 1004 2343 audisse
1037 2302 1182 2343 scribit
1214 2302 1332 2358 haec,
1366 2316 1456 2343 esse
1492 2301 1564 2342 ho·
1584 2316 1618 2344 35
