1665 2553
0 653 157 685 (xnvm)

61 888 80 918 2
108 887 146 920 (1)

62 1532 82 1562 3
109 1532 149 1562 (2)

171 76 257 118 390
627 74 676 109 M.
703 74 844 109 TULLI
869 72 1117 109 CICERONIS

171 171 272 226 quid
316 171 396 212 tibi
438 173 589 225 restet,
633 173 707 212 aut
751 170 890 211 iamne
934 168 1174 210 confeceris.
1241 168 1336 224 Ego
1381 171 1424 211 te
1467 169 1512 211 in

170 230 409 272 Tusculano
449 232 645 284 exspecto
685 243 818 282 eoque
848 228 1003 282 magis,
1042 227 1154 281 quod
1185 227 1333 269 Tironi
1364 227 1512 269 statim

170 291 212 331 te
243 292 470 331 venturum
504 288 714 342 scripsisti
742 290 784 328 et
810 286 1011 328 addidisti
1035 289 1078 327 te
1102 288 1253 340 putare
1279 301 1385 341 opus
1410 300 1511 328 esse.

765 403 915 445 XLIX.

371 486 445 521 Ser.
466 486 508 521 in
534 485 742 521 Tusculano
769 484 873 518 XIV
894 483 943 518 K.
963 483 1048 519 Iun.
1071 495 1104 518 α.
1127 485 1200 518 709
1226 485 1315 528 (45).
1551 491 1566 517 5

575 566 767 602 CICERO
791 565 982 600 ATTICO
1008 565 1118 600 SAL.

262 639 506 682 Sentiebam
544 638 737 693 0111111110,
775 641 981 692 quantum
1018 638 1124 679 mihi
1161 652 1360 692 praesens
1392 637 1514 692 prod-

172 713 305 754 esses,
350 699 421 739 sed
458 698 595 739 multo
633 697 770 752 magis
809 700 907 751 post
946 697 1177 738 discessum
1209 700 1331 738 tuum
1364 697 1514 738 sentio.

172 757 306 806 Quam
346 758 398 798 ob
437 772 545 812 rem,
581 759 630 797 ut
668 759 765 797 ante
803 756 854 796 ad
891 758 934 796 te
966 756 1136 811 scripsi,
1173 758 1246 797 aut
1278 769 1356 810 ego
1390 755 1441 797 ad
1472 758 1514 797 te

175 817 336 871 †totus
370 818 443 857 aut
475 819 523 856 tu
556 815 607 856 ad
639 830 717 869 me,
750 815 862 869 quod
893 814 1047 856 licebit.
1534 832 1569 856 10

261 874 365 916 Heri
403 889 488 915 non
526 874 661 915 multo
700 876 815 928 post,
853 888 980 927 quam
1021 876 1068 914 tu
1107 888 1131 914 a
1167 887 1234 914 me
1272 872 1515 928 discessisti,

172 936 291 988 puto,
329 933 501 987 quidam
538 933 709 987 urbani,
748 936 796 973 ut
827 931 1097 987 videbantur,
1135 932 1186 972 ad
1217 946 1284 973 me
1316 931 1515 972 mandata

173 995 215 1033 et
257 992 424 1033 litteras
470 991 707 1032 attulerunt
751 1006 785 1032 3.
818 989 861 1032 C.
895 990 1031 1032 Mario
1073 990 1115 1031 C.
1151 990 1177 1031 f.
1211 988 1255 1031 C.
1286 1005 1325 1031 n.
1365 990 1513 1031 multis

172 1051 313 1092 verbis
353 1050 491 1105 ‘agere
532 1064 696 1091 mecum
734 1064 808 1103 per
841 1051 1149 1104 cognationem,
1181 1064 1286 1103 quae
1318 1049 1424 1090 mihi
1456 1063 1515 1090 se-

173 1124 268 1150 cum
309 1112 437 1163 esset,
476 1123 550 1163 per
588 1124 684 1150 eum
722 1108 925 1163 Marium,
963 1123 1088 1162 quem
1122 1108 1404 1163 scripsissem,
1441 1122 1515 1162 per
1534 1124 1569 1150 15

174 1168 459 1221 eloquentiam
490 1166 534 1208 L.
563 1166 716 1221 Crassi,
748 1168 815 1207 avi
840 1167 918 1217 sui,
951 1170 999 1207 ut
1033 1181 1076 1208 se
1101 1166 1393 1221 defenderem',
1423 1181 1516 1207 cau-

175 1240 349 1280 samque
384 1240 505 1267 suam
536 1226 640 1266 mihi
673 1226 930 1279 perscripsit.
991 1225 1207 1279 Rescripsi
1239 1228 1420 1278 patrono
1451 1225 1516 1266 illi

172 1284 283 1326 nihil
327 1299 433 1338 opus
478 1299 590 1338 esse,
640 1284 841 1337 quoniam
885 1283 1095 1339 Caesaris,
1138 1283 1368 1337 propinqui
1412 1283 1527 1337 eius,

175 1343 311 1384 omnis
344 1345 535 1397 potestas
569 1346 693 1397 esset,
724 1343 804 1383 viri
837 1343 988 1396 optimi
1021 1345 1062 1383 et
1093 1342 1279 1383 hominis
1305 1342 1515 1383 liberalis—

175 1402 289 1456 simi3
327 1416 395 1442 me
431 1404 575 1442 tamen
606 1402 643 1442 ei
674 1401 903 1442 fauturum.
966 1399 1000 1441 Ο
1033 1402 1243 1454 tempora!
1285 1401 1388 1455 fore,
1419 1415 1514 1442 cum
1535 1419 1571 1443 20

174 1460 340 1502 dubitet
367 1459 540 1502 Curtius
568 1460 836 1501 consulatum
862 1461 1021 1514 petere!
1067 1459 1148 1501 Sed
1172 1459 1275 1500 haec
1298 1459 1513 1501 hactenus.

261 1518 324 1560 De
355 1519 511 1560 Tirone
547 1519 653 1560 mihi
691 1533 814 1560 curae
854 1521 929 1559 est.
992 1517 1075 1560 Sed
1111 1519 1196 1559 iam
1228 1518 1375 1573 sciam,
1414 1518 1516 1572 quid

175 1580 284 1632 agat.
346 1577 451 1619 Heri
493 1578 604 1619 enim
641 1577 758 1632 misi,
797 1578 869 1632 qui
910 1577 1087 1631 videret3
1130 1577 1197 1618 cui
1229 1577 1358 1618 etiam
1390 1577 1441 1617 ad
1472 1579 1515 1618 te

172 1637 339 1678 litteras
366 1636 470 1677 dedi.
512 1636 756 1690 Epistulam
784 1636 835 1677 ad
861 1634 1104 1677 Ciceronem
1130 1636 1211 1677 tibi
1236 1636 1345 1676 misi.
1385 1634 1514 1676 Horti

175 1710 302 1749 quam
333 1695 378 1736 in
411 1695 521 1736 diem
553 1695 782 1749 proscripti
815 1695 913 1750 sint,
944 1695 1070 1736 velim
1103 1695 1154 1735 311
1185 1708 1252 1735 1110
1284 1694 1454 1735 scribas.
1535 1710 1569 1736 25

821 1812 867 1853 L.

384 1892 459 1928 Ser.
480 1894 521 1927 in
551 1894 755 1928 Tusculano
780 1893 862 1927 XV
885 1892 932 1928 K.
953 1893 1038 1928 Iun.
1059 1904 1092 1927 a.
1114 1894 1186 1927 709
1212 1893 1302 1936 (45).

579 1975 768 2010 CICERO
792 1974 985 2010 ATTICO
1010 1974 1119 2010 SAL.

260 2045 321 2088 Ut
352 2061 419 2088 me
450 2047 611 2088 levarat
639 2050 739 2087 tuus
766 2046 983 2100 adventus,
1017 2047 1076 2087 sic
1102 2046 1310 2087 discessus
1338 2044 1514 2086 adflixit.

175 2103 323 2158 Quare,
355 2120 450 2146 cum
481 2106 654 2160 poteris,
684 2105 728 2146 id
759 2108 824 2146 est
857 2119 952 2146 cum
979 2103 1098 2146 Sexti
1131 2104 1317 2145 auctioni
1344 2118 1514 2157 operam
1535 2119 1570 2145 30

175 2162 354 2217 dederis,
392 2164 549 2204 revises
586 2178 676 2205 nos.
740 2163 821 2204 Vel
857 2178 967 2204 unus
1005 2163 1093 2204 dies
1134 2162 1240 2203 mihi
1272 2162 1353 2203 erit
1383 2162 1516 2217 utilis,

176 2221 277 2273 quid
314 2222 449 2262 dicam
488 2222 695 2276 egratus'?
745 2221 841 2276 Ipse
878 2222 1060 2263 Romam
1096 2222 1303 2276 venirem,
1344 2223 1394 2262 ut
1431 2235 1516 2261 una

175 2292 379 2334 essemus,
418 2280 454 2320 si
493 2281 597 2321 satis
636 2281 877 2322 consultum
915 2280 1096 2334 quadam
1133 2280 1184 2321 de
1220 2294 1265 2321 re
1303 2279 1514 2320 haberem.
