1665 2553
181 114 241 154 42
615 115 664 150 M.
691 115 831 150 TULLI
857 114 1104 150 CICERONIS

183 210 409 265 dissensio,
453 211 659 252 maximas
702 211 748 252 in
790 225 834 251 re
878 211 1047 264 publica
1093 211 1323 253 discordias
1368 213 1528 254 versari

183 272 296 310 esset
325 283 508 311 necesse.
572 269 693 318 Quod
720 285 743 310 a
774 284 840 310 me
871 270 932 310 ita
968 273 1242 323 praecautum
1275 273 1403 325 atque
1433 286 1529 325 pro-

181 328 322 369 visum
361 331 443 382 est,
487 343 572 369 non
616 331 664 369 ut
709 342 786 383 ego
833 328 881 369 de
926 328 1087 381 optima
1123 329 1196 370 illa
1233 344 1326 370 mea
1363 330 1527 371 ratione

184 386 438 441 decederem,
471 387 544 427 sed
576 390 623 428 ut
655 387 727 428 ille
760 390 867 427 esset
892 387 1043 428 melior
1069 390 1110 428 et
1135 388 1297 442 aliquid
1323 388 1372 429 de
1397 403 1527 442 popu-

182 445 263 486 lari
293 445 467 487 levitate
500 446 738 499 deponeret.
802 445 934 494 Quem
967 445 1017 486 de
1046 446 1151 487 meis
1183 447 1322 501 rebus,
1353 447 1394 487 in
1425 461 1528 500 quas
1565 464 1581 489 5

182 518 279 545 eum
311 504 437 545 multi
468 505 716 559 incitarent,
751 505 886 545 multo
919 504 1024 546 scito
1057 505 1285 559 gloriosius
1320 520 1445 559 quam
1479 505 1529 546 de

183 563 271 604 suis
303 563 560 617 praedicare3
602 563 683 604 sibi
725 563 836 603 enim
874 562 980 604 bene
1018 566 1178 618 gestae,
1217 563 1324 604 mihi
1364 577 1528 605 conser-

182 624 306 662 vatae
337 622 397 662 rei
424 622 618 676 publicae
652 622 722 662 dat
754 622 1057 663 testimonium.
1119 621 1213 663 Hoc
1237 622 1374 663 facere
1404 623 1526 664 illum

182 680 289 720 mihi
322 695 448 734 quam
480 681 634 734 prosit,
671 680 830 735 nesci03
867 680 929 721 rei
966 680 1162 735 publicae
1200 684 1311 721 certe
1341 681 1525 735 prodest.

183 738 322 787 Quid?
355 739 391 780 si
425 740 551 779 etiam
581 738 815 793 Caesarem,
847 739 965 780 cuius
997 754 1109 780 nunc
1134 739 1251 780 venti
1275 739 1397 781 valde
1427 742 1527 781 sunt
1545 757 1580 781 ιο

185 797 374 851 secundi,
406 798 534 839 reddo
567 798 803 850 meliorem,
843 812 942 838 num
977 800 1145 839 tantum
1181 798 1332 839 obsum
1361 798 1423 839 rei
1452 814 1527 852 pu-

184 856 347 897 blicae?
387 855 498 905 Quin
525 856 663 911 etiam,
695 856 731 897 si
761 855 867 897 mihi
898 870 1021 898 nemo
1053 857 1271 911 invideret,
1302 857 1339 898 si
1371 871 1527 911 omnes,

183 918 231 955 ut
264 918 354 956 erat
386 929 580 971 aequum,
610 915 813 969 faverent,
844 917 988 957 tamen
1012 930 1097 956 non
1129 916 1268 956 minus
1301 918 1408 957 esset
1432 930 1528 970 pro-

182 973 321 1014 banda
351 973 577 1029 medicina,
615 988 722 1028 quae
759 976 927 1015 sanaret
963 974 1138 1015 vitiosas
1175 977 1316 1028 partes
1354 974 1416 1016 rei
1452 989 1526 1028 pu-

182 1032 330 1086 blicae,
363 1047 490 1086 quam
512 1046 618 1086 quae
639 1035 860 1073 exsecaret.
897 1032 1023 1073 Nunc
1046 1047 1158 1086 vero,
1190 1047 1285 1074 cum
1312 1033 1525 1087 equitatus
1545 1048 1578 1074 15

183 1091 267 1145 ille,
300 1105 425 1144 quem
452 1105 529 1146 ego
555 1091 599 1131 in
625 1091 734 1131 clivo
763 1089 1004 1144 Capitolino
1037 1094 1080 1132 te
1112 1091 1313 1146 signifero
1341 1105 1388 1132 ac
1413 1091 1526 1145 prin-

184 1149 276 1203 cipe
302 1150 566 1203 collocaram,
598 1152 791 1190 senatum
819 1149 1059 1203 deseruerit,
1084 1150 1222 1190 nostri
1248 1152 1388 1190 autem
1412 1150 1525 1203 prin-

184 1208 297 1261 cipes
331 1208 466 1262 digito
500 1222 544 1249 se
575 1208 735 1249 caelum
766 1210 918 1261 putent
949 1208 1176 1263 attingere,
1213 1208 1249 1248 si
1279 1208 1401 1249 mulli
1432 1208 1526 1249 bar-

184 1266 274 1307 bati
312 1266 358 1306 in
393 1266 566 1320 piscinis
608 1267 711 1320 sint,
757 1267 829 1320 qui
874 1266 926 1307 ad
967 1281 1139 1307 manum
1184 1266 1398 1320 accedant,
1442 1267 1524 1308 alia

184 1328 325 1366 autem
359 1325 603 1380 neglegant,
643 1339 783 1366 nonne
814 1325 894 1365 tibi
927 1325 1030 1365 satis
1063 1325 1262 1379 prodesse
1293 1325 1455 1379 videor,
1487 1325 1524 1366 si
1544 1342 1577 1366 20

183 1383 368 1438 perficio,
400 1387 446 1424 ut
474 1384 614 1425 nolint
640 1383 797 1438 obesse,
830 1383 902 1437 qui
928 1384 1132 1437 possunt?
1181 1383 1293 1424 Nam
1321 1383 1524 1425 Catonem

183 1445 379 1483 nostrum
410 1457 497 1483 non
527 1445 575 1483 tu
607 1457 721 1483 amas
754 1419 849 1496 plus
882 1456 1009 1496 quam
1042 1456 1138 1498 ego·
1176 1442 1250 1483 sed
1278 1445 1420 1483 tamen
1452 1442 1525 1483 1116

185 1501 345 1554 optimo
378 1501 518 1542 animo
553 1503 674 1542 utens
709 1504 750 1542 et
781 1515 945 1542 summa
970 1501 1052 1541 fide
1078 1504 1202 1542 nocet
1226 1501 1440 1542 interdum
1464 1500 1525 1542 rei

183 1559 393 1614 publicae3
439 1560 541 1600 dicit
585 1560 695 1600 enim
740 1562 957 1614 tamquam
998 1560 1043 1600 in
1082 1559 1275 1600 Platonis
1314 1562 1523 1615 πολιτείᾳ,

183 1632 267 1659 non
294 1621 514 1672 tamquam
539 1619 583 1659 in
602 1618 777 1660 Romuli
795 1619 909 1659 faece
935 1618 1199 1659 sententiam.
1250 1617 1360 1667 Quid
1384 1618 1523 1658 verius
1543 1633 1577 1660 25

185 1692 313 1730 quam
338 1677 382 1718 in
407 1677 610 1718 iudicium
629 1677 784 1730 venire,
816 1677 889 1731 qui
915 1676 969 1717 ob
998 1691 1087 1717 rem
1111 1676 1378 1717 iudicandam
1403 1690 1524 1730 pecu-

183 1736 298 1776 niam
329 1736 563 1790 acceperit?
628 1735 799 1776 Censuit
836 1735 917 1776 hoc
949 1733 1073 1790 Cato,
1115 1735 1299 1776 adsensit
1337 1737 1524 1788 senatus;

183 1795 347 1848 equites
389 1795 528 1835 curiae
569 1794 746 1847 bellum,
785 1808 873 1835 non
912 1793 1036 1848 mihi3
1077 1808 1175 1834 nam
1216 1807 1293 1848 ego
1336 1792 1524 1834 dissensi.

185 1852 295 1901 Quid
314 1853 602 1906 impudentius
623 1852 860 1907 publicanis
880 1852 1250 1893 renuntiantibus?
1282 1851 1364 1892 fuit
1382 1853 1524 1892 tamen

183 1911 393 1952 retinendi
435 1912 595 1953 ordinis
637 1926 761 1952 causa
801 1911 996 1951 faciunda
1036 1911 1207 1951 iactura.
1269 1908 1446 1950 Restitit
1484 1912 1525 1950 et
1543 1927 1578 1952 30

183 1970 361 2022 pervicit
395 1968 512 2011 Cato.
563 1969 712 2024 Itaque
744 1983 855 2010 nunc
886 1969 1056 2010 consule
1086 1969 1132 2009 in
1156 1982 1318 2009 carcere
1348 1968 1524 2022 incluso,

184 2041 308 2081 saepe
339 2028 442 2069 item
474 2028 683 2070 seditione
719 2030 928 2068 commota
967 2027 1170 2080 aspiravit
1206 2041 1328 2067 nemo
1368 2041 1525 2092 eorum,

183 2100 367 2138 quorum
406 2101 483 2141 ego
522 2101 728 2128 concursu
769 2086 955 2139 itemque
994 2086 1026 2126 ii
1062 2085 1273 2139 consules,
1315 2085 1388 2139 qui
1427 2087 1526 2139 post

183 2157 251 2184 me
282 2144 471 2198 fuerunt,
509 2159 598 2186 rem
629 2144 843 2199 publicam
876 2143 1096 2184 defendere
1133 2143 1337 2185 solebant.
1401 2142 1526 2192 tQuid

182 2202 314 2256 ergo?
346 2202 469 2243 istos’
471 2237 481 2256 ,
513 2204 698 2257 inquies,
732 2202 935 2243 mercede
966 2202 1196 2243 conductos
1228 2201 1523 2243 habebimus?'
1544 2217 1578 2244 35

182 2258 295 2307 Quid
307 2260 520 2315 faciemus,
542 2262 578 2302 si
598 2262 719 2302 aliter
732 2275 817 2302 non
832 2260 1085 2314 possumus?
1106 2275 1160 2301 an
1173 2261 1384 2301 libertinis
1399 2262 1525 2313 atque

182 2318 311 2358 etiam
345 2319 476 2359 servis
509 2320 770 2361 serviamus?
821 2317 913 2374 Sed,
944 2321 992 2359 ut
1019 2321 1066 2360 tu
1092 2319 1166 2374 ais,
1197 2320 1293 2368 ἅλις
1320 2319 1524 2373 σπουδῆς.
