1665 2553
321 65 661 100 EPISTULARUM
688 65 753 99 AD
779 65 994 100 ATTICUM
1020 66 1053 100 V
1080 69 1133 110 17,
1163 69 1216 100 18.
1364 66 1446 107 147

108 165 150 202 te
190 161 236 202 in
266 161 447 215 Epirum
485 161 646 202 iturum
684 161 850 202 circiter
882 161 974 202 Kal.
1008 159 1155 203 Sextil.
1219 160 1321 215 Sed,
1364 162 1450 203 sive

108 220 269 261 Romae
302 235 344 261 es
378 220 465 261 sive
496 220 540 260 in
560 219 706 274 Epiro,
737 219 884 261 Parthi
907 219 1161 274 Euphraten
1189 221 1449 261 transierunt

108 279 210 320 duce
248 278 425 332 Pacoro,
470 277 642 333 Orodis,
680 278 791 333 regis
830 278 1105 332 Parthorum,
1144 279 1251 333 filio,
1289 279 1450 320 cunctis

108 337 195 378 fere
221 337 364 391 copiis.
415 337 597 378 Bibulus
623 338 812 378 nondum
840 337 1092 378 audiebatur
1117 352 1207 378 esse
1238 338 1284 378 in
1310 336 1449 391 Syria,

73 413 89 438 5
110 394 282 437 Cassius
313 396 357 436 in
391 396 546 449 oppido
572 395 846 437 Antiochiast
877 410 971 437 cum
1002 396 1116 437 omni
1143 397 1341 450 exercitu,
1371 410 1449 437 nos

109 455 155 495 in
189 453 453 520 Cappadocia
486 454 539 495 ad
570 454 755 496 Taurum
789 469 883 495 cum
917 455 1116 509 exercitu,
1149 455 1200 495 ad
1233 453 1448 509 Cybistra

107 513 245 554 hostis
277 513 322 553 in
354 511 645 568 Cyrrhestica,
686 528 791 567 quae
824 512 969 567 Syriae
1010 528 1107 579 pais
1151 514 1345 567 proxima
1386 517 1449 554 est

109 572 350 625 provinciae
388 586 515 612 meae
584 571 664 612 His
705 572 754 613 de
790 572 916 613 rebus
960 572 1110 626 scripsi
1148 572 1200 612 ad
1244 575 1451 627 senatum,

111 644 215 684 quas
258 630 446 685 litter,as
494 630 530 671 si
566 629 728 671 Romae
765 645 826 685 03,
869 631 1030 671 videbis
1062 632 1240 684 putesne
1280 631 1449 672 ie-dden

56 707 90 731 10
111 689 203 744 das,
244 691 284 730 et
321 689 473 743 multa,
515 689 645 730 immo
685 666 842 743 omnia,
885 703 1066 743 quorum
1097 690 1355 744 κεφάλαιον,
1396 704 1449 730 110

111 747 214 801 quid
244 747 355 788 inter
381 762 499 788 caesa
526 750 566 788 et
597 750 803 802 porrecta,
834 750 882 788 ut
909 748 1040 803 aiunt,
1072 748 1210 789 oneris
1242 748 1349 788 mihi
1381 748 1450 789 ad-

111 806 235 847 datur
262 809 334 846 aut
360 806 576 860 temporis.
620 806 758 847 Nobis
786 806 897 847 enim
922 806 999 847 hac
1025 807 1272 847 infirmitate
1298 807 1450 847 exerci-

111 867 193 918 tus,
221 865 366 918 inopia
395 865 618 919 sociorum,
653 865 903 918 praesertim
932 865 1133 920 fidelium,
1165 865 1449 906 certissimum

112 923 350 964 subsidium
382 926 445 964 est
476 923 622 964 hiems.
683 923 749 964 Ea
781 924 817 964 si
849 924 1029 979 venerit,
1065 938 1142 964 nec
1181 923 1246 964 illi
1277 927 1374 965 ante
1405 924 1450 964 in

57 999 91 1024 15
115 997 250 1023 meam
275 981 537 1035 provinciam
565 982 825 1037 transierint,
856 997 987 1023 unum
1013 996 1170 1037 vereor,
1199 997 1252 1023 ne
1278 984 1448 1023 senatus
1484 1007 1492 1011 -

112 1042 287 1094 propter
336 1040 594 1081 urbanarum
643 1054 784 1080 rerum
833 1043 994 1081 metum
1042 1039 1291 1095 Pompeium
1339 1041 1449 1082 nolit

113 1099 335 1139 dimittere.
398 1098 557 1147 Quodsi
598 1098 728 1139 alium
767 1099 818 1139 ad
856 1113 928 1140 ver
964 1099 1118 1154 mittit,
1162 1114 1250 1140 non
1288 1099 1448 1153 laboro,

110 1157 235 1198 nobis
261 1157 385 1198 modo
413 1158 616 1211 temporis
642 1172 694 1198 ne
721 1157 823 1211 quid
847 1160 1113 1212 prorogetur.
1162 1157 1277 1198 Haec
1302 1158 1447 1212 igitur,

112 1215 149 1256 si
181 1230 223 1256 es
255 1214 434 1265 Romae3
468 1216 536 1256 sin
567 1216 678 1269 abes,
710 1218 782 1256 aut
814 1216 941 1257 etiam
974 1217 1010 1257 si
1042 1216 1138 1257 ades
1149 1251 1159 1271 ,
1190 1216 1292 1257 haec
1322 1230 1448 1270 nego-

59 1292 92 1316 20
111 1274 172 1314 tia
204 1274 264 1315 sic
296 1288 338 1314 se
363 1274 532 1315 habent.
579 1272 748 1315 Stamus
782 1275 932 1315 animis
960 1277 1013 1329 et,
1045 1274 1143 1328 quia
1168 1275 1368 1328 consiliis,
1400 1278 1448 1315 ut

112 1332 320 1386 videmur,
357 1332 481 1373 bonis
513 1332 692 1387 utimur,
729 1348 944 1386 speramus
978 1333 1105 1374 etiam
1136 1348 1274 1374 manu.
1336 1333 1447 1374 Tuto

114 1391 379 1431 consedimus
406 1391 577 1444 copioso
604 1406 627 1432 a
652 1392 878 1444 frumento,
912 1390 1101 1432 Ciliciam
1128 1406 1259 1445 prope
1285 1392 1448 1445 conspi-

114 1449 261 1503 ciente,
293 1449 489 1503 expedito
511 1450 563 1490 ad
587 1450 837 1490 mutandum
862 1450 954 1491 loco
980 1465 1110 1504 parvo
1137 1451 1335 1505 exercitu,
1367 1450 1451 1504 sed,

114 1510 163 1548 ut
213 1522 352 1561 spero,
403 1507 453 1547 ad
501 1508 839 1549 benevolentiam
882 1522 982 1563 erga
1026 1523 1104 1549 nos
1149 1509 1449 1550 consentiente.

62 1583 95 1608 25
117 1564 250 1614 Quem
279 1580 358 1606 nos
390 1564 583 1607 Deiotari
615 1567 796 1607 adventu
834 1581 930 1607 cum
962 1567 1049 1607 suis
1082 1567 1279 1608 omnibus
1317 1567 1448 1621 copiis

113 1624 369 1678 duplicaturi
401 1639 577 1665 eramus.
640 1623 774 1666 Sociis
806 1625 940 1666 multo
979 1625 1239 1666 fidelioribus
1276 1626 1449 1680 utimur,

113 1697 240 1736 quam
278 1683 503 1736 quisquam
542 1698 644 1724 usus
677 1686 759 1739 est3
807 1683 959 1736 quibus
992 1684 1250 1724 incredibilis
1283 1684 1449 1724 videtur

111 1744 259 1782 nostra
291 1743 333 1781 et
369 1741 647 1782 mansuetudo
687 1744 727 1782 et
765 1741 1032 1782 abstinentia.
1094 1741 1286 1782 Dilectus
1323 1741 1450 1782 habe-

113 1801 184 1840 tur
215 1799 370 1840 civium
402 1798 710 1854 Romanorum,
750 1799 1013 1840 frumentum
1051 1814 1100 1840 ex
1138 1800 1250 1854 agris
1283 1800 1328 1840 in
1358 1800 1450 1841 loca

62 1875 96 1899 30
115 1860 208 1898 tuta
239 1860 542 1912 comportatur.
605 1856 650 1898 Si
681 1857 810 1898 fuerit
842 1859 1024 1913 occasio,
1054 1873 1199 1911 manu,
1233 1859 1268 1898 si
1299 1858 1451 1913 minus,

113 1915 218 1956 locis
257 1931 335 1957 nos
377 1917 655 1957 defendemus.
717 1916 851 1965 Quare
889 1916 1001 1957 bono
1041 1917 1180 1956 animo
1220 1930 1274 1957 es.
1316 1916 1449 1957 Video

116 1974 226 2014 enim
256 1977 297 2015 te
329 1977 389 2030 et,
427 1975 548 2028 quasi
581 1989 721 2015 coram
760 1975 890 2029 adsis,
927 1975 987 2015 ita
1019 1988 1141 2015 cerno
1174 1975 1451 2028 συμπάθειαν

116 2032 271 2072 31110113
302 2033 376 2074 tui.
440 2033 521 2074 Sed
551 2036 593 2074 te
625 2047 750 2088 rogo,
788 2033 823 2073 si
860 2033 949 2073 ullo
987 2035 1110 2087 pacto
1149 2033 1240 2073 fieri
1280 2033 1451 2088 poterit,

117 2091 153 2131 si
190 2090 354 2145 integra
392 2092 437 2131 in
476 2094 624 2133 senatu
666 2094 815 2132 nostra
852 2106 977 2132 031133
1021 2091 1071 2131 3(1
1108 2090 1200 2131 Κ31.
1233 2091 1450 2133 Ianuarias

65 2166 98 2191 35
120 2149 337 2204 manserit,
362 2152 409 2189 ut
429 2149 588 2191 Romae
614 2150 671 2191 sis
697 2164 838 2190 mense
863 2148 1071 2190 Ianuario.
1121 2148 1316 2190 Profecto
1341 2150 1451 2190 nihil

117 2206 320 2261 accipiam
351 2207 541 2263 iniuriae,
572 2209 607 2249 si
633 2211 680 2249 tu
707 2208 854 2249 aderis.
905 2207 1076 2248 Amicos
1103 2207 1296 2248 consules
1327 2208 1450 2249 habe-

115 2280 229 2320 mus,
277 2267 472 2306 nostrum
520 2267 739 2307 tribunum
787 2267 842 2319 pl.
886 2265 1102 2307 Furnium.
1169 2265 1328 2307 Verum
1376 2270 1450 2307 tua

1169 2335 1236 2368 10*

1474 1168 1493 1198 ιε’)
