1665 2553
168 441 188 470 1

170 850 190 879 Ν.)

213 40 300 81 466
644 39 693 73 Μ.
714 38 854 73 TULLI
880 38 1128 73 CICERONIS

856 191 908 233 II.

428 272 500 307 Ser.
522 273 561 306 in
594 273 766 307 Vesciano
793 273 873 306 XV
895 273 975 306 Kal.
997 273 1081 306 Iam.
1103 284 1136 307 a.
1159 275 1229 307 710
1255 274 1343 316 (44).

618 353 809 389 CICERO
833 354 1025 389 ATTICO
1049 354 1158 389 SAL.

305 439 366 468 XV
403 426 495 467 Kal.
535 440 556 466 e
601 424 857 467 Sinuessano
901 426 1169 480 proficiscens
1213 440 1308 466 cum
1347 426 1551 467 dedissem

217 486 268 527 ad
309 489 352 526 te
395 486 560 525 litteras
601 484 956 538 devertissemque
993 485 1217 538 †acutius,
1262 485 1306 525 in
1343 484 1550 526 Vesciano

217 545 355 597 accepi
381 559 404 584 a
430 543 652 584 tabellario
679 546 774 584 tuas
800 544 984 598 litteras3
1015 544 1059 584 in
1086 543 1239 597 quibus
1265 543 1391 583 nimis
1416 544 1552 584 multa

217 603 266 644 de
298 602 521 643 Buthroto.
578 600 678 642 Non
709 602 821 642 enim
853 602 935 642 tibi
966 616 1013 642 ea
1043 616 1110 642 res
1143 602 1294 642 maiori
1325 616 1446 642 curae
1479 605 1552 643 aut

217 664 281 702 est
319 664 391 702 aut
430 661 509 701 erit
549 675 675 714 quam
712 661 828 701 mihi.
891 660 959 702 Sic
998 661 1108 701 enim
1141 660 1256 701 decet
1288 662 1330 701 te
1361 675 1453 701 mea
1485 675 1551 702 cu-

216 734 321 773 rare,
352 723 426 759 tua
457 734 535 759 me.
586 719 719 767 Quam
753 720 806 760 ob
838 734 926 759 rem
957 719 1000 759 id
1031 719 1199 772 quidem
1226 719 1284 760 sic
1311 722 1550 773 susceptum

218 781 281 819 est
312 778 430 831 mihi,
459 781 507 818 ut
538 777 647 818 nihil
679 778 758 818 sim
789 778 1013 818 habiturus
1046 778 1272 831 antiquius.

306 836 349 877 L.
376 836 611 876 Antonium
645 837 936 877 contionatum
962 851 1053 877 esse
1078 837 1256 890 cognovi
1282 836 1368 877 tuis
1394 836 1550 877 litteris

218 898 260 936 et
286 895 379 936 aliis
407 895 588 949 sordide,
622 895 706 950 sed,
737 895 778 935 id
805 895 926 948 quale
952 895 1092 948 fuerit,
1116 895 1276 949 nescio,
1306 894 1415 935 nihil
1441 895 1552 935 enim

219 954 438 1007 scripsisti.
512 953 575 994 De
619 953 863 994 Menedemo
908 953 1048 1007 probe.
1124 953 1306 1002 Quintus
1350 956 1461 994 certe
1505 968 1552 993 ea

219 1013 403 1067 dictitat,
441 1026 547 1066 quae
580 1012 740 1052 scribis.
803 1011 1039 1053 Consilium
1070 1026 1209 1052 meum
1242 1027 1265 1052 a
1296 1015 1337 1052 te
1368 1011 1552 1065 probari,

220 1071 332 1124 quod
365 1085 412 1111 ea
442 1085 529 1111 non
561 1071 752 1124 scribam,
785 1085 891 1124 quae
922 1074 971 1111 tu
1003 1086 1026 1111 a
1057 1085 1123 1111 me
1155 1070 1400 1125 postularis,
1430 1070 1551 1111 facile

218 1130 369 1182 patior,
400 1130 620 1182 multoque
652 1129 787 1183 magis
812 1129 855 1169 id
881 1129 1094 1182 probabis,
1128 1129 1162 1170 si
1189 1129 1423 1169 orationem
1450 1143 1552 1183 eam,

219 1188 268 1228 de
301 1202 383 1241 qua
412 1187 537 1228 hodie
570 1188 622 1228 ad
653 1190 695 1228 te
728 1188 888 1241 scripsi,
925 1187 1088 1241 legeris.
1152 1187 1265 1236 Quae
1297 1187 1346 1227 de
1378 1187 1552 1241 legioni-

219 1246 299 1286 bus
340 1246 505 1299 scribis,
550 1260 596 1286 ea
636 1260 734 1286 vera
772 1249 880 1286 sunt.
944 1244 1025 1285 Sed
1063 1260 1147 1286 non
1188 1245 1291 1286 satis
1329 1245 1409 1286 hoc
1445 1245 1551 1286 mihi

219 1304 373 1345 videris
405 1304 485 1344 tibi
517 1304 794 1358 persuasisse,
832 1304 904 1357 qui
935 1303 983 1344 de
1015 1304 1255 1344 Buthrotiis
1286 1304 1445 1344 nostris
1477 1318 1552 1357 per

220 1365 413 1403 senatum
451 1377 592 1416 speres
631 1362 777 1403 confici
821 1377 961 1416 posse,
999 1363 1151 1416 †quod
1189 1365 1305 1415 puto.
1367 1362 1552 1403 Tantum

220 1421 329 1462 enim
363 1421 497 1476 video,
526 1435 613 1461 non
644 1421 833 1461 videmur
865 1435 955 1461 esse
980 1421 1145 1476 victuri,
1178 1421 1259 1475 sed,
1291 1423 1338 1461 ut
1364 1422 1448 1461 iam
1473 1435 1550 1461 nos

219 1479 299 1520 hoc
330 1479 464 1534 fallat,
495 1479 543 1519 de
574 1479 787 1520 Buthroto
820 1482 861 1519 te
893 1493 978 1520 non
1009 1479 1138 1520 fallet.
1188 1478 1251 1519 De
1278 1478 1426 1520 Octavi
1457 1493 1552 1520 con-

219 1538 334 1578 tione
365 1538 476 1578 idem
509 1538 645 1578 sentio
673 1538 784 1591 quod
811 1540 870 1590 tu,
901 1538 1181 1591 ludorumque
1207 1538 1296 1578 eius
1323 1540 1551 1591 apparatus

219 1599 260 1637 et
291 1596 449 1636 Matius
477 1610 523 1637 ac
547 1596 774 1637 Postumus
801 1596 905 1636 mihi
937 1600 1231 1649 procuratores
1256 1611 1341 1636 non
1367 1596 1551 1650 placent3

219 1653 398 1695 Saserna
429 1654 590 1709 collega
621 1655 784 1708 dignus.
837 1654 916 1695 Sed
948 1655 1021 1695 isti
1048 1670 1204 1709 omnes,
1236 1669 1361 1708 quem
1387 1654 1438 1694 ad
1464 1669 1550 1695 mo-

218 1713 316 1753 dum
349 1713 493 1765 sentis,
524 1728 609 1754 non
640 1714 780 1754 minus
814 1714 948 1754 otium
981 1713 1133 1754 timent
1166 1728 1291 1767 quam
1319 1727 1397 1753 nos
1425 1728 1550 1754 arma.

217 1771 399 1812 Balbum
431 1771 562 1812 levari
594 1772 752 1812 invidia
782 1786 856 1825 per
886 1786 964 1812 nos
996 1772 1134 1826 velim,
1167 1772 1237 1812 sed
1268 1786 1320 1812 ne
1344 1772 1435 1824 ipse
1462 1771 1553 1825 qui-

218 1829 312 1870 dem
344 1830 384 1870 id
417 1830 507 1870 fieri
539 1845 663 1883 posse
695 1830 877 1870 confidit.
940 1828 1088 1883 Itaque
1121 1830 1201 1870 alia
1233 1830 1404 1883 cogitat.

306 1887 425 1936 Quod
451 1889 588 1941 prima
615 1888 848 1941 disputatio
869 1888 1105 1928 Tusculana
1130 1891 1172 1929 te
1198 1889 1431 1941 confirmat,
1452 1902 1551 1928 sane

218 1946 397 2000 gaudeo3
440 1961 575 2000 neque
614 1947 724 1988 enim
762 1947 896 1987 ullum
934 1950 996 1987 est
1026 1947 1267 2001 perfugium
1299 1949 1370 1987 aut
1400 1946 1550 1986 melius

218 2007 291 2044 aut
329 2004 529 2058 paratius.
592 2004 781 2045 Flamma
819 2004 931 2058 quod
963 2005 1068 2045 bene
1098 2005 1307 2058 loquitur,
1344 2019 1430 2045 non
1461 2019 1552 2045 mo-

217 2063 322 2103 leste
353 2063 453 2104 fero.
504 2063 887 2117 Tyndaritanorum
920 2077 1055 2116 causa,
1089 2064 1137 2104 de
1169 2078 1252 2117 qua
1283 2077 1407 2103 causa
1438 2063 1554 2103 labo-

217 2124 301 2175 rat,
345 2135 450 2174 quae
496 2122 569 2174 sit,
612 2122 775 2175 ignoro.
843 2121 934 2161 Hos
972 2124 1115 2162 tamen
1151 2121 1184 2162 ²³.
1255 2120 1554 2162 Πεντέλοιπον

216 2193 385 2219 movere
416 2180 500 2220 ista
532 2179 738 2233 videntur,
770 2179 814 2219 in
839 2179 986 2233 primis
1013 2180 1203 2234 erogatio
1229 2180 1439 2233 pecuniae.
1490 2179 1552 2219 De

215 2236 424 2278 Alexione
457 2238 591 2293 doleo,
622 2238 704 2294 sed,
738 2238 937 2292 quoniam
969 2238 1172 2278 inciderat
1198 2238 1242 2278 in
1268 2241 1354 2279 tam
1381 2251 1551 2292 gravem

1572 797 1606 821 10

1572 1088 1606 1113 15

1573 1381 1607 1405 20

1572 1671 1606 1696 25

1571 1964 1607 1988 30

1571 2253 1606 2279 35
