1665 2553
296 97 639 133 EPISTULARUM
664 97 729 132 AD
756 97 972 133 ATTICUM
996 98 1047 132 IX
1074 98 1212 132 7—713.
1343 97 1428 138 ‘267

82 193 284 235 faciemus
324 208 403 235 nos
445 208 493 235 ea
535 193 730 248 suadere,
778 208 884 247 quae
927 194 1051 235 nobis
1093 194 1291 235 videntur
1331 196 1430 233 tuae

20 279 21 283 =
83 252 302 308 dignitati,
331 266 420 294 non
454 251 645 293 Caesaris
679 252 837 293 actioni
871 267 960 294 esse
993 252 1240 306 utilissima,
1277 254 1319 293 et
1349 251 1431 292 hoc

16 359 17 363 Ἰ
85 310 305 353 Caesarem
352 325 430 365 pro
480 326 555 352 sua
602 311 870 366 indulgentia
914 312 960 353 in
1004 326 1103 353 suos
1148 311 1432 365 probaturum

15 380 17 431 ί
84 373 295 424 putamus.

13 460 16 506 Ι
49 503 66 530 5
736 486 782 528 B.

263 567 338 602 Ser.
366 567 503 601 Romae
535 566 569 601 V
591 571 655 602 aut
678 567 743 601 IV
763 568 820 601 Id.
850 568 964 602 BIart.
993 579 1025 602 α.
1054 570 1126 602 '705
1153 569 1243 610 (49).

415 648 597 684 BALBUS
623 648 847 684 CICERONI
877 650 974 685 IMP.
1001 649 1099 684 SAL

174 719 214 762 S.
240 720 290 761 V.
318 720 363 762 B.
425 719 709 775 Posteaquam
740 721 909 762 litteras
942 735 1187 763 communes
1221 735 1318 761 cum
1349 718 1431 774 Op-

85 779 155 834 pio
198 779 249 820 ad
289 782 331 820 te
372 779 484 834 dedi,
525 779 575 820 ab
620 778 798 821 Caesare
839 780 1070 833 epistulam
1111 779 1269 834 accepi,
1311 778 1430 820 cuius

31 856 65 880 10
85 838 327 892 exemplum
367 838 448 879 tibi
487 838 596 879 misi
664 838 731 879 Ex
773 838 930 892 quibus
978 838 1217 892 perspicere
1257 837 1431 891 poteris,

87 912 214 950 quam
252 897 395 950 cupiat
427 897 694 938 concordiam
724 911 844 938 suam
875 900 917 939 et
947 896 1126 951 Pompei
1157 896 1430 938 reconciliare

86 958 127 997 et
161 970 288 1009 quam
323 958 510 996 remotus
544 955 599 996 sit
631 955 683 996 ab
717 956 832 996 omni
870 955 1138 1010 crudelitate3
1181 955 1295 1009 quod
1334 969 1430 995 eum

88 1015 255 1069 sentire,
287 1016 335 1054 ut
368 1014 512 1067 debeo,
543 1014 663 1055 valde
696 1014 872 1069 gaudeo.
929 1014 993 1055 De
1025 1016 1067 1055 te
1093 1017 1135 1055 et
1167 1016 1242 1054 tua
1274 1013 1355 1055 fide
1388 1016 1429 1054 et

86 1072 245 1126 pietate
284 1072 395 1113 idem
434 1072 690 1128 mehercule,
730 1073 789 1113 mi
830 1072 994 1126 Cicero,
1037 1072 1173 1121 sentio
1217 1072 1330 1126 quod
1369 1073 1430 1126 tu,

0 1148 1 1163 ¹
34 1150 66 1174 15
86 1146 172 1172 non
202 1145 326 1185 posse
358 1133 477 1171 tuam
507 1131 666 1171 famam
698 1134 740 1172 et
773 1131 962 1172 officium
994 1131 1222 1186 sustinere,
1254 1133 1302 1171 ut
1335 1144 1430 1172 con-

86 1193 153 1230 tra
185 1204 280 1230 eum
313 1204 429 1230 arma
455 1190 576 1242 feras,
610 1204 633 1230 a
659 1204 742 1243 quo
775 1193 945 1231 tantum
969 1190 1225 1231 beneficium
1249 1192 1292 1230 te
1319 1203 1430 1230 acce-

85 1248 199 1302 pisse
230 1248 454 1301 praedices.
519 1247 739 1289 Caesarem
776 1248 857 1290 hoc
898 1249 1010 1289 idem
1048 1248 1330 1302 probaturum
1362 1262 1429 1288 ex·
1459 1279 1475 1288 1

86 1306 303 1360 ploratum
344 1321 420 1360 pro
463 1307 669 1361 singulari
712 1307 800 1348 eius
837 1307 1103 1348 humanitate
1138 1306 1275 1347 habeo
1309 1306 1430 1360 eique

89 1365 422 1405 cumulatissime
454 1366 558 1406 satis
590 1365 801 1406 facturum
839 1368 881 1407 te
921 1368 1034 1407 certo
1074 1365 1181 1421 scio,
1213 1379 1309 1406 cum
1338 1364 1431 1405 nul-

34 1442 70 1467 20
89 1424 175 1464 lam
214 1426 379 1477 partem
417 1423 520 1464 belli
560 1426 706 1464 contra
737 1438 833 1464 eum
875 1424 1081 1478 suscipias
1121 1437 1259 1477 neque
1291 1423 1430 1464 socius

91 1482 180 1522 eius
212 1481 460 1522 adversariis
492 1482 633 1523 fueris.
694 1481 838 1536 Atque
875 1482 956 1524 hoc
992 1497 1079 1524 non
1118 1482 1258 1524 solum
1294 1482 1341 1523 in
1375 1484 1431 1536 te,

88 1540 167 1582 tali
199 1542 241 1580 et
272 1542 393 1580 tanto
424 1540 535 1594 viro,
567 1540 670 1581 satis
702 1540 897 1596 habebit,
937 1541 1008 1582 sed
1040 1541 1169 1582 etiam
1200 1540 1306 1581 mihi
1338 1540 1429 1594 ipse

90 1612 166 1640 sua
197 1598 406 1640 concessit
436 1599 673 1652 voluntate,
709 1613 762 1640 ne
794 1599 840 1640 in
870 1600 923 1640 iis
956 1600 1107 1641 castris
1138 1613 1292 1654 essem,
1324 1612 1432 1653 quae

90 1659 238 1698 contra
263 1655 494 1698 Lentulum
519 1660 592 1697 aut
616 1655 868 1711 Pompeium
894 1658 1039 1698 futura
1066 1660 1217 1711 essent,
1250 1671 1432 1710 quorum

37 1733 71 1758 25
89 1715 292 1757 beneficia
322 1715 506 1756 maxima
535 1714 749 1770 haberem,
781 1716 947 1770 sibique
980 1715 1083 1757 satis
1115 1729 1206 1757 esse
1238 1715 1364 1770 dixit,
1395 1715 1432 1755 si

91 1776 265 1827 togatus
306 1773 469 1815 urbana
502 1773 641 1815 officia
674 1774 757 1814 sibi
794 1774 1121 1829 praestitissem,
1159 1788 1266 1827 quae
1304 1773 1434 1814 etiam

92 1832 191 1887 illis,
222 1832 258 1873 si
288 1832 452 1886 vellem,
482 1835 698 1886 praestare
730 1846 910 1886 possem.
959 1831 1110 1886 Itaque
1134 1846 1247 1872 nunc
1272 1830 1433 1873 Romae

94 1890 234 1931 omnia
258 1891 432 1946 negotia
458 1890 628 1931 Lentuli
654 1905 848 1945 procuro,
875 1891 1064 1932 sustineo
1090 1904 1316 1944 meumque
1344 1890 1434 1930 offi-

94 1948 218 2003 cium,
247 1949 384 2002 fidem,
414 1949 617 2003 pietatem
648 1949 700 1990 iis
732 1951 914 2002 praesto.
967 1947 1050 1991 Sed
1073 1948 1313 1990 mehercule
1344 1963 1434 1989 rur-

40 2025 75 2049 30
96 2021 167 2047 sus
198 2007 284 2048 iam
314 2007 523 2049 abiectam
555 2007 877 2060 compositionis
916 2022 1035 2061 spem
1064 2021 1153 2048 non
1183 2006 1435 2060 desperatis-

95 2065 241 2105 simam
276 2079 365 2106 esse
395 2068 513 2121 puto,
546 2066 746 2120 quoniam
775 2065 927 2106 Caesar
959 2069 1022 2107 est
1047 2080 1095 2106 ea
1121 2068 1274 2120 mente,
1306 2079 1435 2119 quam

96 2125 243 2177 optare
274 2123 487 2165 debemus.

183 2181 274 2222 Hac
313 2196 358 2224 re
397 2182 503 2223 mihi
543 2183 698 2237 placet,
739 2182 774 2223 si
812 2182 894 2223 tibi
934 2182 1121 2236 videtur,
1162 2184 1204 2223 te
1246 2181 1297 2222 ad
1339 2195 1436 2223 eum

95 2240 276 2281 scribere
320 2242 361 2281 et
405 2240 457 2281 ab
502 2255 549 2281 eo
599 2240 857 2294 praesidium
900 2243 1062 2295 petere,
1113 2243 1160 2281 ut
1203 2240 1368 2293 petiisti
1412 2256 1435 2281 a

40 2314 75 2340 35
94 2297 294 2352 Pompeio
327 2313 395 2339 me
434 2298 603 2353 quidem
641 2299 902 2352 adprobante
941 2299 1206 2352 temporibus
1239 2297 1436 2340 Milonia—
