1689 2572
692 90 729 124 P.
751 93 900 125 46—54.
1374 88 1458 122 X1X

169 185 213 218 P.
230 184 293 218 51.
310 187 353 218 20
378 184 546 218 habemus
570 194 645 226 uos,
669 185 702 218 si
726 183 767 217 in
790 183 846 217 his
871 193 948 227 spes
968 186 1034 217 est:
1065 183 1194 226 opinor
1213 181 1294 215 edd.
1310 183 1459 225 praeter

121 231 301 265 Bootium.
347 232 357 275 Η
407 231 451 265 Ρ.
467 229 531 265 52.
547 234 566 263 8
593 231 696 265 illum
722 241 800 265 vero
828 229 906 263 sine
934 240 1039 263 cruce
1066 229 1146 262 edd.
1178 228 1351 262 ‘Notetur
1370 240 1459 261 usus

120 277 355 322 particulae’,
392 277 516 321 inquit
540 277 651 320 Boot,
693 277 745 310 ‘in
771 276 1008 321 gradatione,
1046 278 1088 309 ut
1115 275 1163 309 sit
1189 277 1352 310 maoez'me.
1404 273 1456 308 Cf.

123 325 273 359 Kfihner
302 324 349 358 ad
369 324 473 358 Tuse.
495 324 510 357 I
538 325 607 358 98²
631 345 676 349 -
697 327 739 358 12
766 324 952 366 etfaciam
973 323 1056 356 add.
1075 324 1160 356 ante
1179 327 1221 357 ut
1239 322 1282 356 H.
1298 322 1339 356 A.
1356 321 1460 356 Koch

120 383 242 416 progr.
264 371 428 406 Portens.
453 373 542 405 1868
568 384 602 415 p.
626 375 679 405 20.
717 391 760 395 —
798 374 840 404 19
873 371 919 404 iu
945 370 1087 404 invidia
1114 369 1195 403 edd.
1216 368 1368 413 probab.
1397 369 1460 414 (ad

120 431 154 463 p.
178 423 231 453 17.
254 420 327 462 27),
360 429 433 452 non
465 428 644 451 necessar.
694 417 791 451 Nam
823 417 921 460 quod
956 417 1009 450 ait
1033 416 1127 450 Boot
1160 416 1355 449 ‘invidiam
1385 427 1459 449 non

123 476 202 500 esse
234 465 457 508 qualitatem
482 465 670 508 quandam
694 474 873 509 personae
899 463 1170 507 inhaerentem,
1207 463 1271 497 sed
1296 473 1374 496 rem
1399 474 1459 496 ex-

121 513 293 553 ternam’,
320 512 480 556 primum
506 522 631 545 verum
657 522 735 545 esse
755 522 861 555 nego,
889 511 1033 553 deinde,
1062 510 1092 543 si
1112 512 1220 552 esset,
1246 521 1319 543 non
1338 509 1459 554 magis

125 559 341 603 ‘qualitates
362 559 559 602 quaedam’
589 560 674 592 sunt
688 559 901 602 periculmn,
928 558 1144 600 beneficium,
1168 558 1287 600 fatum
1307 558 1386 600 eto,
1414 557 1459 590 de

122 606 256 650 quibus
293 606 340 639 ad
375 606 460 639 fam.
482 618 516 650 p.
541 609 616 639 104.
639 609 668 639 4.
721 604 771 638 Cf.
796 605 842 638 ad
867 617 901 648 p.
925 608 1001 638 143.
1026 608 1085 647 10,
1125 603 1163 645 Q.
1186 603 1228 637 fr.
1249 615 1283 647 p.
1306 607 1383 637 551.
1405 607 1458 637 16.

121 674 167 678 —-
203 656 246 686 23
279 653 374 687 orbis
405 654 462 686 hie
488 653 760 696 reipublicae
785 651 915 685 Bootio
944 652 1092 684 auctore
1118 652 1161 695 (v,
1185 650 1298 684 etiam
1324 650 1458 684 Mnem.

124 703 213 734 1892
240 712 273 744 p.
299 700 377 743 115)
405 699 549 743 Tyrrell
581 710 635 743 ep.
658 702 702 732 36
735 698 877 732 nullam
910 698 1023 731 aliam
1059 697 1104 731 ob
1132 708 1298 740 causam,
1339 697 1458 740 oredo,

122 747 194 780 nisi
221 747 319 790 quod
344 758 378 790 p.
401 750 454 779 67.
478 749 497 779 6
524 747 561 779 et
586 745 709 779 Plano.
732 748 785 779 38.
802 748 844 778 93
867 745 919 779 sie
940 745 1119 789 scriptum
1139 746 1204 778 est.
1250 744 1459 788 Praeterea,

123 794 213 837 quid
252 793 301 827 sit
334 795 375 827 m
405 804 495 836 rep,
534 803 607 826 non
640 792 730 826 satis
763 794 891 825 notum
923 802 1002 825 esse
1033 791 1188 825 videtur.
1234 790 1275 824 V.
1299 791 1346 824 ad
1371 791 1457 824 fam.

123 853 156 884 p.
181 844 257 874 284.
283 844 336 882 16,
364 839 478 883 (Verr.
499 852 533 883 p.
556 843 633 873 352.
650 841 696 883 8,)
716 839 777 873 hie
796 851 830 883 p.
847 842 900 872 29.
917 842 971 872 25.
993 859 1037 863 -—-
1057 841 1102 871 24
1127 838 1327 881 oportuit,
1352 839 1461 881 eulpa

123 887 282 931 Ernesti,
307 886 444 929 Baiter,
470 886 575 928 Boot,
595 887 762 929 oportuit,
782 887 804 929 †
818 886 857 919 id
875 886 982 929 eulpa
1001 884 1186 926 Wesenb,
1205 885 1333 928 potuit,
1353 886 1461 928 eulpa

124 934 276 978 Tyrrell.
315 954 361 958 ——
399 938 441 966 25
474 934 534 967 secl
565 944 739 967 eversus
763 932 819 965 Fr.
842 931 1009 965 Schmidt
1033 943 1154 976 progr.
1180 931 1346 965 Norimb.
1370 935 1458 965 1879

122 993 156 1025 p.
180 984 240 1023 18,
279 980 339 1014 sed
370 990 556 1014 conversus
586 979 733 1013 Vahlen
763 990 854 1012 mus.
876 979 990 1012 Bhen.
1012 978 1096 1011 XHI
1126 990 1159 1022 p.
1183 982 1309 1021 298sq.
1337 999 1383 1003 —
1415 981 1458 1012 28

123 1028 228 1072 quasi
252 1026 371 1069 Klotz,
403 1026 507 1068 Boot,
534 1025 687 1070 Tyri-ell,
715 1026 777 1070 qui
803 1025 919 1068 codd,
948 1037 1030 1059 cum
1056 1035 1160 1059 cruce
1186 1024 1371 1067 Wesenb,
1399 1025 1461 1069 qui

120 1074 249 1118 populi
274 1074 376 1108 Rom.
402 1073 566 1117 Ernesti,
598 1072 734 1106 Baiter.
773 1093 818 1097 —
856 1076 900 1105 34
925 1073 1070 1106 redacta
1094 1072 1149 1113 M,
1180 1071 1323 1114 Baiter,
1355 1072 1459 1115 Boot,
1490 1074 1498 1077 ’

124 1120 286 1165 Tyrrell,
324 1121 462 1155 tralata
489 1118 530 1162 C,
570 1119 758 1161 Wesenb.‚
794 1120 962 1153 trculucta
994 1118 1084 1152 coni.
1112 1118 1291 1163 Pluygers
1324 1119 1457 1152 Mnem.

126 1171 214 1202 1881
241 1180 276 1212 p.
300 1171 384 1211 123,
418 1168 455 1200 et
486 1166 632 1200 videtur
663 1166 820 1210 probare
846 1166 948 1199 Boot.
982 1186 1027 1190 —
1060 1168 1104 1199 35
1137 1166 1225 1209 quid
1249 1166 1323 1199 iam
1348 1165 1460 1209 vulg,

124 1215 260 1257 Baiter,
286 1214 391 1257 Boot,
418 1213 572 1258 Tyr-rell,
598 1214 686 1257 quid
711 1213 818 1247 etiam
842 1212 890 1253 M,
918 1213 1092 1256 quidnam
1118 1211 1154 1255 C,
1181 1211 1354 1246 Wesenb.
1407 1211 1458 1246 Cf.

125 1262 216 1296 Sest.
232 1273 266 1305 p.
284 1265 336 1295 12.
356 1265 384 1294 1.
417 1262 428 1305 ΙΙ
460 1261 504 1295 P.
520 1260 584 1295 53.
600 1264 619 1293 5
639 1260 857 1305 [Publium]
878 1258 1002 1302 Cobet,
1022 1259 1159 1301 Baiter,
1179 1259 1283 1301 Boot,
1305 1259 1458 1303 Tyrrell.

124 1330 168 1334 —
196 1314 214 1343 6
235 1309 255 1328 '¹‘
275 1309 418 1352 coquat,
438 1308 629 1342 dumtaoeat
642 1306 813 1340 Wesenb.
836 1306 904 1340 del.
920 1311 1061 1341 tautum
1083 1305 1278 1340 ‘excidisse
1294 1317 1461 1351 puyuare

124 1355 181 1389 vel
206 1359 339 1390 certare
364 1353 422 1388 vel
447 1355 618 1388 dimicare
642 1353 700 1387 vel
725 1353 944 1388 contendere’
972 1354 1093 1395 ratus,
1126 1354 1227 1398 coyz't,
1253 1357 1327 1387 tum
1358 1353 1458 1387 dum—

125 1406 229 1437 taoeat
243 1401 367 1443 Orelli,
382 1400 519 1443 Baiter,
533 1401 636 1445 eoyit,
650 1401 841 1435 dumtaxat
853 1400 956 1433 Boot.
977 1399 1019 1433 V.
1029 1399 1220 1433 Lehmann
1236 1399 1270 1433 ‘J
1274 1399 1457 1433 ahresber.

127 1449 189 1483 des
223 1448 313 1492 phil.
335 1447 504 1481 Vereins’
539 1451 629 1482 1888
654 1459 689 1491 p.
711 1451 788 1480 257.
827 1467 873 1472 —
912 1450 955 1480 14
989 1447 1038 1481 ad
1074 1447 1113 1481 icl
1146 1446 1228 1480 add.
1254 1448 1340 1490 post
1371 1447 1461 1481 audi

126 1506 145 1529 e
181 1495 328 1529 ‘Faerni
360 1494 501 1537 codice,
538 1494 640 1528 euius
672 1494 755 1528 leet.
789 1493 955 1527 vindicat
988 1493 1087 1527 Wes.
1111 1493 1191 1527 coll.
1212 1492 1288 1527 Att.
1310 1493 1359 1526 ΠΙ
1386 1496 1416 1526 8.
1439 1497 1459 1527 3

127 1545 170 1585 (V.
187 1542 270 1576 infr.
287 1542 334 1575 ad
352 1553 386 1585 p.
404 1545 458 1575 80.
481 1543 526 1585 3),
557 1540 591 1574 V
610 1545 641 1575 4.
657 1545 690 1584 4,
716 1540 766 1574 IX
787 1544 839 1574 10.
857 1544 889 1583 8,
915 1539 999 1574 XIV
1019 1544 1072 1574 20.
1088 1544 1104 1573 1
1133 1540 1223 1583 (Em.
1244 1540 1318 1574 Alt.
1333 1552 1367 1584 p.
1385 1540 1457 1583 90)’

126 1589 284 1633 Tyrrell,
318 1588 425 1632 quasi
457 1598 540 1622 vero
573 1587 770 1631 quisquam
800 1587 944 1621 nesciat
973 1587 1139 1631 potuisse
1166 1585 1377 1620 Ciceronem
1408 1586 1461 1620 sic

129 1635 307 1677 seribere,
342 1634 467 1679 potuit
493 1634 607 1668 etiam
631 1636 673 1668 ut
698 1646 731 1678 p.
755 1637 807 1668 80.
831 1638 850 1667 3
877 1634 988 1668 Nunc
1014 1635 1067 1668 ad
1092 1634 1148 1675 id,
1186 1634 1280 1677 quod
1306 1634 1458 1677 quaeris.

127 1704 170 1708 —
200 1686 241 1716 18
267 1682 343 1717 καὶ
370 1679 536 1725 Κικέρων
563 1680 645 1723 alii,
677 1680 862 1723 Wesenb,
889 1681 992 1724 Boot,
1020 1680 1173 1724 Tyrrell,
1200 1681 1465 1714 ΚΑΙΚΕΡΩΝ

127 1729 181 1772 Μ,
220 1727 386 1772 Κικέρων
419 1730 524 1771 vett,
559 1728 694 1761 Baiter.
734 1748 778 1753 —
818 1731 859 1761 19
897 1727 973 1762 τὸν
998 1730 1191 1771 Αθηναῖοι]
1226 1727 1322 1761 ‘eum
1352 1727 1462 1760 Iunta

127 1776 357 1818 Lambinus',
389 1774 579 1818 Wesenb,
612 1774 755 1818 Tyrrell
785 1774 937 1818 probab.
982 1776 993 1818 Η
1035 1774 1080 1809 Ρ.
1102 1772 1165 1808 54.
1188 1777 1229 1807 15
1262 1774 1355 1807 diem
1381 1773 1459 1807 cod.

127 1822 250 1856 Ambr.
278 1822 306 1856 E
346 1822 549 1866 <Lehmann
581 1821 656 1855 Att.
683 1833 717 1865 p.
741 1823 810 1865 26),
836 1821 978 1862 Baiter,
1010 1821 1120 1863 Boot,
1152 1819 1295 1864 Tyrrell
1327 1830 1382 1863 ep.
1405 1823 1460 1863 39,

128 1881 181 1912 ac,
214 1870 271 1904 die
296 1880 363 1913 quo
389 1868 437 1911 M,
466 1868 638 1902 Wesenb.
659 1867 838 1901 Littera
862 1879 896 1901 m
922 1867 1088 1901 omissa
1113 1869 1170 1900 est
1194 1867 1232 1900 in
1253 1866 1356 1900 codd.
1379 1877 1463 1900 cum

128 1916 256 1950 multis
281 1915 372 1949 locis
397 1917 478 1949 tum
501 1927 535 1959 p.
558 1919 589 1948 2.
612 1918 656 1948 34
681 1925 892 1959 coynoseere,
921 1918 973 1948 71.
991 1918 1032 1947 21
1057 1914 1319 1956 familiaritate,
1348 1916 1423 1947 104.
1440 1916 1460 1947 5

125 1963 361 2006 possessione,
398 1966 474 1996 111.
498 1965 540 1995 26
567 1962 720 2003 illustre,
755 1965 831 1995 120.
855 1965 896 1995 16
923 1962 1069 2003 maeeia,
1097 1964 1173 1993 132.
1197 1963 1240 1993 25
1266 1971 1283 1993 e
1306 1960 1460 2005 yraeeia,

133 2013 207 2044 146.
231 2013 275 2043 24
300 2009 453 2051 iniuria,
487 2012 563 2042 151.
586 2011 629 2042 23
656 2009 770 2052 quasi,
798 2012 873 2041 154.
897 2012 939 2041 22
966 2008 1069 2049 Asia,
1096 2011 1173 2040 224.
1195 2010 1238 2039 36
1259 2008 1297 2040 et
1315 2010 1393 2040 241.
1416 2010 1460 2040 24

130 2060 181 2098 tu,
214 2060 290 2090 228.
313 2060 332 2090 6
354 2060 470 2099 parte,
503 2059 580 2089 231.
604 2058 646 2088 15
672 2056 897 2097 verecumlia,
924 2058 1000 2087 245.
1025 2058 1066 2087 16
1089 2064 1290 2098 proyressu,
1316 2057 1394 2087 261.
1417 2056 1461 2086 35

135 2102 272 2145 Capua,
299 2106 376 2136 265.
392 2106 414 2135 4
438 2102 506 2145 illi,
534 2105 668 2135 290.14
694 2102 804 2144 turbe,
832 2104 944 2134 2939
971 2101 1040 2143 filii
1065 2100 1195 2144 (illim),
1222 2104 1299 2134 297.
1316 2103 1335 2133 6
1361 2111 1463 2144 opere

131 2149 312 2191 miseram,
352 2152 428 2183 298.
453 2152 495 2181 14
520 2149 689 2190 interitu,
723 2152 799 2181 299.
822 2151 842 2181 5
869 2158 996 2182 causas
1020 2148 1061 2180 in
1085 2147 1210 2189 Italia,
1241 2146 1289 2180 ib.
1313 2150 1354 2180 12
1376 2157 1462 2190 pro-

130 2196 230 2238 fecto,
258 2199 300 2227 13
326 2196 398 2238 die,
435 2199 476 2228 21
505 2206 552 2237 eo,
580 2199 658 2230 303.
680 2198 722 2228 13
744 2197 781 2228 et
800 2198 877 2228 313.
901 2197 918 2227 7
944 2198 1080 2236 senatu,
1107 2196 1185 2227 304.
1207 2198 1225 2227 2
1251 2198 1345 2236 rata,
1370 2193 1418 2226 ib.
1442 2198 1461 2227 9

131 2242 212 2284 iste,
248 2244 325 2275 308.
353 2246 372 2275 2
401 2243 580 2285 pompeio,
617 2245 694 2275 310.
723 2245 766 2274 20
799 2241 886 2285 quia
916 2252 1056 2283 uerum,
1090 2243 1168 2274 318.
1198 2243 1240 2273 10
1274 2239 1462 2282 Marcello,

132 2291 209 2322 343.
227 2291 269 2322 29
296 2299 371 2332 que,
397 2292 474 2322 349.
492 2292 533 2322 19
554 2299 720 2331 sermone,
742 2291 819 2321 363.
836 2291 877 2320 31
895 2288 1124 2331 profectione,
1144 2290 1223 2321 418.
1240 2291 1283 2320 33
1303 2287 1463 2330 epistola,

1187 2340 1248 2378 b*
