1665 2553
269 95 607 130 EPISTULARUM
632 95 696 130 AD
722 94 935 130 ATTICUM
964 96 1011 130 VI
1037 100 1068 141 6,
1096 101 1126 132 7.
1300 98 1380 139 181

48 191 303 243 Antonium;
348 205 425 247 ego
465 194 578 233 sorte
610 191 755 232 datum
787 191 1050 246 offenderem,
1082 195 1130 233 ut
1163 193 1290 233 etiam
1321 194 1383 234 in-

49 251 233 305 quireret
270 251 315 292 in
353 264 464 305 eum,
507 259 630 304 quem
668 249 962 304 reliquissem?
1012 250 1104 292 Hoc
1134 252 1303 306 melius,
1342 254 1384 293 et

47 309 174 350 huius
224 309 286 351 rei
328 309 451 363 plura
495 308 701 364 exempla,
751 310 957 350 senectuti
1001 309 1171 363 quidem
1212 313 1384 352 nostrae

47 368 238 422 profecto
277 368 428 422 aptius.
496 368 555 408 At
595 371 638 408 te
675 367 785 421 apud
825 381 938 424 eum,
981 368 1023 408 di
1060 368 1181 424 boni,
1225 371 1384 423 quanta

13 427 93 468 5in
129 427 268 482 gratia
304 427 445 481 posui!
497 426 618 480 eique
648 425 733 481 legi
773 426 937 467 litteras
970 441 1057 467 non
1081 429 1196 483 tuaS,
1233 428 1305 468 sed
1336 428 1383 468 li-

48 485 180 526 brarii
210 485 284 526 tui.

136 543 381 585 Amicorum
410 543 580 584 litterae
611 557 677 584 me
709 543 761 584 ad
791 543 1056 598 triumphum
1086 546 1257 599 vocant,
1294 558 1384 586 rem

49 618 73 644 a
102 602 240 657 nobis,
271 605 319 643 ut
352 616 428 657 ego
462 602 662 657 arbitror,
703 604 878 656 propter
907 602 1015 643 hanc
1046 605 1383 656 παλιγγενεσίαν

47 664 239 703 nostram
268 675 356 702 non
387 660 700 716 neglegendam.
759 659 895 709 Quare
926 663 974 701 tu
1007 675 1185 715 quoque,
1217 662 1274 702 mi
1307 660 1382 703 At-

0 737 28 761 [0
47 720 141 775 tice,
172 719 310 773 incipe
340 719 383 760 id
415 733 577 774 cupere,
609 733 692 773 quo
725 733 802 760 nos
827 719 967 760 minus
995 720 1128 774 inepti
1154 720 1381 762 videamur.

668 834 762 876 VII.

288 914 362 950 Ser.
386 915 494 949 Tarsi
519 918 600 949 ante
624 915 698 948 ΙΙΙ
718 914 766 949 Κ.
787 914 881 950 Sext.
903 927 935 950 α.
958 918 1028 951 704
1055 918 1146 960 (50).

447 995 614 1030 CICERO
642 996 835 1031 ATTICO
861 997 980 1032 SAL..

135 1068 317 1118 Quintus
354 1068 467 1108 filius
505 1068 572 1121 pie
611 1082 709 1109 sane
746 1083 812 1109 me
854 1069 1023 1123 quidem
1055 1073 1165 1112 certe
1197 1070 1380 1112 multum
1407 1082 1426 1113 1

0 1144 27 1170 [5
46 1128 264 1182 hortante,
314 1126 386 1168 sed
430 1128 667 1167 currentem
717 1127 904 1168 animum
953 1128 1087 1181 patris
1133 1129 1199 1169 sui
1244 1131 1381 1171 sorori

46 1189 144 1227 tuae
175 1185 470 1226 reconciliavit.
519 1185 632 1225 Eum
662 1185 782 1227 valde
814 1188 912 1227 tuae
938 1186 1104 1228 litterae
1130 1187 1380 1230 excitarunt.

47 1243 156 1293 Quid
187 1243 383 1298 quaeris?
427 1243 589 1284 confido
621 1258 723 1299 rem,
753 1246 801 1285 ut
832 1245 1041 1301 volumus,
1073 1260 1173 1286 esse.

134 1302 207 1343 Bis
252 1302 304 1343 ad
345 1304 388 1343 te
429 1304 551 1343 antea
590 1302 740 1356 scripsi
784 1302 833 1344 de
871 1317 916 1344 re
952 1318 1045 1344 mea
1084 1304 1299 1359 familiari,
1345 1306 1381 1346 si

46 1361 170 1402 modo
202 1360 284 1401 tibi
314 1360 501 1401 redditae
532 1361 699 1402 litterae
732 1363 844 1416 sunt,
882 1360 1037 1403 Graece
1071 1362 1118 1404 ἐν
1149 1364 1378 1418 αἰνιγμοῖς.

0 1436 27 1460 ω
47 1418 215 1460 Scilicet
250 1418 360 1459 nihil
397 1421 462 1460 est
498 1420 766 1474 movendum3
812 1420 883 1461 sed
913 1423 1057 1461 tamen
1088 1421 1258 1475 ἀφελῶς
1288 1437 1380 1476 per-

46 1477 254 1519 contando
299 1477 345 1518 de
385 1477 630 1518 nominibus
667 1477 839 1519 Milonis
884 1481 942 1534 et,
986 1482 1033 1519 ut
1077 1481 1290 1537 expediat,
1332 1483 1380 1522 ut

46 1536 153 1577 mihi
183 1535 399 1589 receperit,
429 1535 637 1577 hortando
670 1536 829 1590 aliquid
860 1537 974 1590 †aut
1005 1539 1207 1590 proficies.

134 1594 228 1649 Ego
267 1593 495 1635 Laodiceae
540 1596 806 1648 quaestorem
843 1594 1093 1637 Mescinium
1138 1600 1379 1651 exspectare
1405 1609 1425 1639 2

46 1653 171 1707 iussi,
208 1655 256 1693 ut
288 1652 497 1693 confectas
529 1653 714 1694 rationes
744 1652 837 1707 lege
868 1652 977 1694 Iulia
1008 1654 1118 1708 apud
1148 1655 1250 1696 duas
1283 1656 1380 1696 civi-

0 1725 27 1752 25
46 1713 156 1753 tates
211 1725 379 1765 possem
434 1710 680 1764 relinquere.
753 1710 951 1752 Rhodum
1006 1712 1101 1753 volo
1151 1728 1380 1767 puerorum

48 1784 190 1824 causa,
226 1769 323 1810 inde
355 1783 482 1823 quam
513 1769 697 1822 primum
728 1768 929 1824 Athenas,
962 1771 1042 1810 etsi
1074 1771 1228 1812 etesiae
1258 1772 1378 1812 valde

47 1827 216 1882 reflant3
248 1827 319 1868 sed
350 1827 473 1882 plane
505 1827 600 1868 volo
632 1827 699 1867 his
730 1827 1067 1883 magistratibus,
1099 1843 1279 1882 quorum
1309 1844 1378 1871 vo-

46 1885 254 1927 luntatem
296 1886 342 1926 in
385 1885 691 1939 supplicatione
730 1900 824 1926 sum
862 1889 1067 1940 expertus.
1136 1887 1199 1927 Tu
1236 1890 1379 1929 tamen

47 1944 171 1985 mitte
210 1944 335 2000 mihi,
372 1958 545 1998 quaeso,
584 1944 752 1984 obviam
791 1943 976 1999 litteras,
1010 1946 1216 1999 numquid
1255 1949 1378 2000 putes

3 2017 29 2042 30
49 2001 111 2043 rei
147 2001 340 2055 publicae
376 2003 548 2044 nomine
579 2002 829 2043 tardandum
867 2017 957 2043 esse
993 2003 1127 2044 nobis.
1190 2003 1288 2045 Tiro
1327 2005 1379 2046 ad

49 2063 91 2101 te
135 2060 317 2101 dedisset
359 2061 543 2115 litteras,
587 2061 670 2101 nisi
714 2075 808 2102 eum
851 2061 1037 2115 graviter
1081 2075 1252 2116 aegrum
1296 2062 1378 2103 Issi

47 2118 325 2172 reliquissem.
395 2118 475 2160 Sed
517 2119 716 2160 nuntiant
753 2118 903 2159 melius
942 2134 1042 2160 esse.
1104 2120 1197 2174 Ego
1236 2123 1378 2162 tamen

48 2190 198 2231 angor3
240 2176 349 2217 nihil
386 2177 496 2218 enim
534 2177 607 2219 illo
641 2176 904 2219 adulescente
936 2178 1111 2233 castius,
1147 2179 1256 2220 nihil
1287 2179 1378 2220 dili-

47 2235 226 2290 gentius
