1665 2553
195 2246 215 2276 9

241 94 261 133 1
271 93 323 133 76
662 92 709 127 M.
737 92 797 127 TU
804 92 879 126 LLI
905 91 1154 126 CICERONIS

236 187 408 244 vellem,
445 188 614 242 rogavit
652 190 693 229 et
731 187 814 229 fuit
846 189 989 241 aperte
1020 187 1127 228 mihi
1157 188 1299 229 nescio
1333 203 1462 242 quare
1493 203 1580 230 non

237 247 409 288 amicus.
471 246 597 287 Hunc
634 260 712 301 ego
751 246 788 287 si
819 246 864 286 in
895 246 1119 299 praefectis
1151 246 1413 302 habuissem,
1454 262 1580 301 quem

236 308 286 346 tu
316 320 383 346 me
414 304 629 346 hominem
660 304 865 358 putares?
928 303 1021 359 Qui,
1051 307 1100 345 ut
1132 305 1231 359 scis,
1263 306 1580 359 potentissimo-

237 378 332 404 rum
363 363 585 404 hominum
613 363 923 404 contumaciam
947 377 1180 417 numquam
1210 364 1393 419 tulerim,
1424 364 1579 406 ferrem

237 422 365 463 huius
393 422 637 464 adseculae?
671 422 750 463 etsi
774 421 856 463 hoc
881 421 977 475 plus
1005 424 1069 462 est
1096 436 1222 476 quam
1240 423 1361 477 ferre,
1391 423 1579 464 tribuere
1617 440 1634 466 5

237 481 367 522 etiam
410 481 571 535 aliquid
611 480 804 521 beneficii
845 483 886 521 et
922 480 1107 521 honoris
1168 479 1211 522 Is
1243 481 1377 536 igitur
1409 480 1580 536 Gavius,

239 554 335 580 cum
360 539 574 594 Apameae
605 554 671 580 me
702 553 837 593 nuper
868 539 1046 579 vidisset
1076 538 1258 581 Romam
1295 540 1581 596 proficiscens,

238 612 305 639 me
336 598 398 639 ita
430 598 677 652 appellavit,
708 601 754 639 ut
785 596 1025 639 Culleolum
1055 597 1126 638 vix
1158 598 1370 639 auderem:
1404 598 1580 652 ‘Unde',

239 657 392 712 inquit,
426 657 506 697 (1116
538 657 657 697 iubes
689 659 831 710 petere
864 656 1022 697 cibaria
1052 656 1300 710 praefecti‘?'
1362 633 1580 712 Respondi

238 716 388 769 lenius,
421 730 546 781 quam
573 714 782 769 putabant
809 715 1059 769 oportuisse,
1088 715 1160 769 qui
1186 716 1372 770 aderant,
1402 731 1469 757 me
1492 730 1580 757 non
1598 733 1633 758 ιο

239 750 476 815 institdisse
507 775 560 814 iis
593 774 691 815 dare
723 774 898 828 cibaria,
940 788 1120 828 quorum
1161 788 1288 828 opera
1327 789 1414 815 non
1445 789 1580 816 essem

240 847 352 874 usus.
391 832 513 873 Abiit
545 832 691 873 iratus.
758 832 898 874 Huius
929 832 1156 873 nebulonis
1191 833 1383 874 oratione
1416 833 1452 874 si
1476 832 1580 874 Bru-

238 894 310 932 tus
341 892 504 932 moveri
536 894 696 946 potest,
727 891 873 932 licebit
906 905 1001 931 eum
1034 891 1148 932 solus
1181 906 1312 946 ames,
1343 905 1410 933 me
1442 906 1579 933 aemu-

238 950 328 991 lum
358 964 445 991 non
475 950 663 991 habebis.
727 948 808 991 Sed
839 950 958 990 illum
993 964 1088 990 eum
1116 951 1308 991 futurum
1340 965 1430 991 esse
1461 953 1578 1005 puto,

241 1009 313 1062 qui
346 1023 436 1049 esse
469 1009 602 1049 debet.
665 1008 763 1049 Tibi
794 1012 937 1049 tamen
962 1023 1131 1049 causam
1161 1012 1309 1050 notam
1341 1023 1432 1050 esse
1462 1009 1578 1050 volui
1598 1025 1631 1051 15

240 1070 282 1108 et
315 1068 365 1108 ad
406 1068 545 1120 ipsum
584 1067 687 1109 haec
725 1068 953 1121 perscripsi
994 1067 1331 1122 diligentissime.
1394 1066 1577 1108 Omnino

240 1125 347 1179 (soli
373 1126 485 1167 enim
513 1124 683 1181 sumus)
716 1126 854 1166 nullas
880 1140 1080 1179 umquam
1107 1126 1159 1166 ad
1183 1141 1249 1167 me
1272 1127 1438 1167 litteras
1459 1126 1578 1167 misit

239 1184 417 1238 Brutus,
449 1198 501 1224 ne
533 1185 723 1237 proxime
755 1184 923 1238 quidem
955 1185 1004 1224 de
1029 1183 1188 1237 Appio,
1230 1185 1275 1225 in
1307 1185 1460 1237 quibus
1490 1199 1578 1225 non

239 1243 397 1283 inesset
439 1243 667 1297 adrogans,
697 1244 1011 1296 ἀκοινονόητου
1051 1243 1221 1295 aliquid.
1295 1242 1393 1283 Tibi
1436 1245 1578 1283 autem

238 1301 358 1342 valde
391 1301 499 1342 solet
530 1301 577 1341 in
608 1315 679 1342 ore
711 1315 817 1342 esse:
1597 1318 1631 1342 20

1074 1369 1318 1411 ‘Granius
1352 1373 1519 1412 autem

238 1428 350 1470 Non
391 1432 712 1470 contemnere
748 1443 798 1470 se
837 1431 884 1469 et
925 1442 1069 1483 reges
1103 1429 1270 1470 odisse
1303 1429 1577 1484 superbos?

239 1534 290 1576 In
322 1549 404 1588 quo
437 1537 579 1575 tamen
609 1535 681 1576 ille
707 1534 812 1575 mihi
837 1534 971 1575 risum
996 1534 1133 1588 magis
1160 1549 1288 1588 quam
1313 1534 1577 1575 stomachum

239 1608 408 1634 movere
441 1594 560 1634 solet.
624 1592 706 1634 Sed
737 1594 860 1647 plane
891 1607 1041 1646 parum
1074 1593 1253 1647 cogitat,
1287 1593 1389 1646 quid
1420 1593 1577 1634 scribat

243 1655 315 1693 aut
348 1652 399 1692 ad
431 1666 565 1705 quem.
1596 1667 1630 1693 25

331 1710 374 1759 Q.
403 1709 548 1751 Cicero
576 1725 680 1764 puer
704 1710 822 1764 legit,
853 1712 902 1750 ut
928 1710 1091 1764 opinor,
1122 1712 1164 1750 et
1195 1712 1318 1763 certe,
1350 1709 1577 1763 epistulam

242 1769 491 1823 inscriptam
531 1769 644 1823 patri
685 1783 773 1809 suo.
836 1767 954 1809 Solet
1000 1769 1112 1809 enim
1158 1768 1318 1821 aperire
1360 1768 1486 1821 idque
1528 1768 1577 1808 de

243 1843 335 1869 meo
368 1828 563 1881 consilio,
605 1827 641 1868 si
683 1827 784 1880 quid
821 1827 932 1867 forte
973 1827 1046 1881 sit,
1088 1826 1203 1880 quod
1234 1840 1338 1880 opus
1378 1826 1434 1866 sit
1467 1826 1576 1868 sciri.

242 1886 291 1927 In
323 1901 369 1927 ea
402 1888 543 1927 autem
575 1886 757 1939 epistula
788 1888 878 1926 erat
915 1885 1026 1926 idem
1063 1884 1170 1925 illud
1202 1884 1250 1924 de
1288 1898 1433 1925 sorore
1465 1885 1578 1938 quod

244 1945 297 1985 ad
336 1959 412 1986 me.
487 1944 664 1985 Mirifice
708 1944 1008 1985 conturbatum
1051 1943 1137 1983 vidi
1178 1957 1367 1996 puerum.
1439 1941 1576 1984 Lacri-
1596 1959 1629 1985 30

242 2018 362 2044 mans
400 2017 564 2044 mecum
601 2005 665 2043 est
703 2005 887 2056 questus.
951 2001 1059 2050 Quid
1099 2000 1294 2054 quaeris?
1339 2001 1490 2042 miram
1531 2001 1576 2042 in

244 2076 291 2102 60
342 2061 565 2115 pietatem,
622 2061 875 2102 suavitatem
928 2059 1321 2112 humanitatemque
1370 2059 1576 2114 perspexi.

244 2120 334 2167 Quo
366 2120 570 2160 maiorem
603 2134 721 2173 spem
750 2119 885 2160 habeo
917 2118 1026 2158 nihil
1057 2118 1147 2158 fore
1180 2118 1314 2172 aliter,
1347 2132 1393 2158 ac
1424 2118 1576 2159 deceat.

243 2177 290 2218 ld
321 2181 363 2218 te
395 2178 527 2232 igitur
563 2179 668 2219 scire
699 2178 826 2218 volui.

331 2235 397 2276 Ne
434 2237 540 2276 illud
573 2236 742 2290 quidem
772 2234 1119 2289 praetermittam.
1169 2234 1425 2276 Hortensius
1462 2234 1576 2275 filius
1595 2249 1628 2276 35

244 2294 325 2334 fuit
374 2294 602 2335 Laodiceae
658 2294 964 2349 gladiatoribus
1020 2292 1231 2347 flagitiose
1287 2295 1329 2334 613
1384 2293 1576 2346 turpiter.
