1665 2553
377 69 722 105 EPISTULARUM
749 69 813 103 AD
840 69 1056 104 ATTICUM
1082 68 1132 102 IX
1157 71 1259 103 3—5.
1405 68 1489 109 259

143 165 499 238 τυραννουμένης
530 165 556 219 ἢ
589 166 662 207 δια
694 166 856 214 παντὸς
889 163 1006 206 ἰτέον
1031 164 1245 206 κινδύνου
1272 170 1346 217 τῆς
1373 163 1491 206 ἐλευ-

144 228 298 281 θερίας
334 224 444 280 πε’.ρι
498 226 554 266 Εἰ
590 226 782 278 πόλεμον
821 222 1030 265 ἐπακτέον
1067 228 1120 279 τῆ
1160 224 1280 278 χώρᾳ
1310 221 1381 264 καὶ
1413 238 1491 264 πο-

145 283 400 340 λιορκητέον
431 283 569 337 αὐτην
600 282 971 337 τυραννουμένην.
1029 283 1085 323 Εἰ
1116 281 1188 323 καὶ
1220 298 1277 336 μη
1311 282 1489 336 δοκιμά-

146 346 273 395 ζοντα
320 343 400 397 τὴν
451 342 525 383 διὰ
573 341 767 396 πολέμου
816 341 1057 383 κατάλυσιν
1107 346 1182 394 τῆς
1227 341 1491 395 τυραννίδος

110 420 125 444 5
146 400 536 457 συναπογραπτεόν
574 400 689 455 ὅμως
719 406 811 449 τοῖς
843 399 1048 454 ἀρίστοις.
1112 400 1167 440 Εἰ
1199 406 1289 448 τοῖς
1322 398 1491 454 εὐεργέ-

145 477 239 510 ταις
281 459 353 502 καὶ
397 462 542 514 φίλοις
587 458 985 513 συγκινδυνευτεόν
1024 458 1071 499 ἐν
1109 465 1200 507 τοῖς
1238 462 1492 511 πολιτικοῖς,

145 519 228 561 κᾶν
259 520 315 574 μὴ
349 519 539 560 δοκῶσιν
571 522 619 560 εὐ
651 520 973 572 βεβουλεῦσθαι
1005 516 1105 571 περὶ
1137 524 1225 558 τῶν
1257 517 1383 559 ὅλων.
1436 518 1491 558 Εἰ

147 579 168 621 ὁ
202 579 366 633 μεγαλα
398 593 478 631 την
508 577 697 632 πατρίδα
730 576 1026 631 εὐεργετήσας,
1059 574 1112 617 δι’
1148 576 1253 617 αὐτὸ
1287 573 1336 617 δε
1362 582 1490 617 τοῦτο

147 637 361 691 ἀνήκεστα
391 636 551 677 παθὼν
581 634 652 677 καὶ
685 634 934 690 φθονηθεὶς
959 633 1328 676 κινδυνεύσειεν
1314 635 1369 675 αν
1396 633 1492 675 ἐθε-

94 713 127 737 1ο
149 696 305 749 λοντὴς
351 692 459 749 ὑπερ
504 700 580 748 τῆς
622 695 833 749 πατρίδος
876 693 901 747 ἢ
948 692 1127 747 ἐφετέον
1171 693 1288 750 αὐτῷ
1333 692 1491 734 εαυτοῦ

147 770 251 796 ποτε
278 752 349 795 καὶ
375 761 463 795 τῶν
491 753 770 795 οἰκειοτάτων
795 757 1020 793 ποιεῖσθαι
1046 753 1262 807 πρόνοιαν
1289 751 1490 808 ἀφεμένῳ

148 815 222 862 τὰς
254 813 362 868 πρὸς
393 813 496 861 τοὺς
530 812 759 866 ἰσχύοντας
792 812 1095 860 διαπολιτειάς.

234 870 287 912 111
321 870 388 911 his
427 884 505 925 ego
542 885 610 912 me
642 869 1027 911 consultationibus
1061 883 1256 910 exercens
1290 871 1331 909 et
1364 868 1491 909 disse-

148 944 245 971 rens
276 929 322 970 in
353 931 577 983 utramque
608 931 772 994 partem
802 931 894 969 tum
928 926 1101 982 Graece
1143 930 1237 968 tum
1267 926 1418 968 Latine
1451 930 1492 967 et

1517 879 1537 907 00

95 1006 128 1032 15
149 989 309 1030 abduco
335 1002 561 1042 palwumpel
587 987 774 1028 animum
801 1002 823 1028 a
849 986 1058 1027 molestiis
1085 989 1125 1027 et
1152 994 1240 1027 τῶν
1264 986 1492 1051 προῦργου
1511 999 1519 1002 ’

149 1064 189 1089 τι
221 1047 420 1089 delibem.
471 1045 552 1087 Sed
582 1060 740 1099 vereor,
770 1060 823 1086 ne
849 1045 930 1086 tibi
956 1047 1135 1099 ἄκαιρος
1167 1045 1256 1086 sim.
1309 1043 1353 1085 Si
1379 1044 1492 1085 enim

148 1108 260 1147 lecte
286 1104 601 1147 ambulaver'it
590 1120 637 1159 is,
665 1105 738 1159 qui
762 1104 870 1145 hanc
896 1104 1123 1158 epistulam
1149 1103 1263 1159 tulit,
1288 1103 1333 1144 111
1352 1103 1492 1157 ipsum

148 1168 271 1206 tuum
304 1164 413 1205 diem
445 1163 613 1205 incidet.

796 1278 847 1321 V.

96 1370 130 1393 ‘20
411 1360 485 1395 Sor.
507 1360 668 1395 Formiis
699 1360 757 1394 VI
778 1360 835 1394 Id.
858 1359 972 1394 Mart.
994 1371 1026 1393 α.
1050 1362 1121 1393 705
1149 1361 1238 1402 (49).

553 1441 744 1476 CICERO
769 1441 963 1476 ATTICO
989 1441 1096 1476 SAL.

239 1513 385 1555 Natali
423 1514 487 1554 die
529 1517 603 1554 tuo
646 1513 855 1567 scripsisti
888 1513 1113 1567 epistulam
1145 1513 1196 1554 ad
1226 1527 1292 1553 me
1323 1512 1491 1566 plenam

152 1573 317 1615 consilii
348 1586 617 1628 summaeque
650 1587 744 1613 011111
776 1571 1094 1613 benevolentiae
1125 1574 1217 1612 tum
1243 1571 1371 1612 etiam
1396 1586 1491 1624 pru-

152 1632 327 1673 dentiae.
389 1631 497 1671 Eam
534 1630 638 1671 mihi
670 1630 928 1671 Philotimus
965 1630 1187 1684 postridie,
1228 1644 1353 1684 quam
1395 1645 1418 1670 a
1449 1631 1491 1670 te

99 1707 132 1733 25
152 1692 384 1744 acceperat,
422 1689 612 1730 reddidit.
676 1687 783 1729 Sunt
815 1688 899 1729 ista
931 1688 1112 1742 quidem,
1150 1703 1256 1741 quae
1287 1688 1491 1743 disputas,

153 1749 413 1802 difficillima,
444 1748 526 1788 iter
552 1748 602 1788 ad
630 1761 841 1802 superum,
865 1747 1082 1800 navigatio
1110 1747 1257 1799 infero,
1283 1746 1490 1786 discessus

153 1807 374 1861 Arpinum,
399 1821 451 1847 110
476 1807 588 1847 1111110
613 1806 785 1860 fugisse,
803 1805 967 1845 mansio
994 1804 1186 1857 Formiis,
1205 1819 1258 1845 ne
1284 1804 1491 1845 obtulisse

153 1881 230 1908 nos
263 1864 541 1920 gratulationi
572 1864 800 1919 videamur,
832 1864 904 1904 sed
934 1863 1130 1904 miserius
1156 1863 1264 1903 nihil
1291 1877 1418 1916 quam
1444 1878 1491 1903 ea

154 1925 310 1978 videre,
354 1938 459 1978 quae
490 1927 633 1964 tamen
662 1923 765 1977 iam,
803 1923 900 1972 iam,
932 1922 1118 1975 inquam,
1148 1921 1325 1962 videnda
1357 1924 1490 1962 erunt.

103 1999 136 2023 30
242 1982 341 2023 Fuit
373 1982 483 2036 apud
514 1996 580 2023 me
610 1980 852 2034 Postumus,
895 1980 1044 2033 scripsi
1077 1980 1127 2020 ad
1158 1982 1212 2034 te,
1244 1994 1370 2034 quam
1401 1993 1492 2034 gra-

155 2040 230 2081 vis.
286 2039 416 2081 Venit
448 2041 498 2081 ad
528 2055 594 2081 me
626 2039 753 2080 etiam
786 2038 830 2087 Q.
851 2038 996 2079 Fufius
1025 2053 1106 2092 quo
1134 2038 1267 2091 vultu,
1301 2052 1383 2091 quo
1411 2038 1492 2091 spi-

156 2099 258 2139 ritu!
308 2113 538 2152 properans
570 2098 862 2152 Brundisium,
901 2097 1034 2138 scelus
1077 2111 1274 2137 accusans
1306 2096 1492 2150 Pompei,

155 2157 371 2198 levitatem
403 2160 444 2198 et
477 2157 705 2198 stultitiam
732 2158 915 2197 senatus.
965 2154 1080 2196 Haeo
1107 2155 1180 2209 qui
1205 2155 1250 2195 in
1274 2169 1366 2195 mea
1392 2155 1492 2195 villa

155 2230 242 2257 non
272 2216 413 2268 feram,
448 2214 641 2256 Curtium
674 2215 720 2255 in
749 2214 863 2255 curia
889 2216 1036 2267 potero
1063 2213 1201 2254 ferre?
1244 2212 1349 2268 Age,
1380 2213 1491 2268 finge

104 2291 137 2316 35
156 2289 223 2316 me
249 2273 439 2327 quamvis
466 2274 740 2327 εὐστομάχως
764 2273 866 2314 haec
891 2273 1106 2325 ferentem,
1127 2271 1256 2326 quid?
1288 2272 1361 2312 illa
1382 2271 1493 2327 ε1310,

1214 2341 1282 2374 17*

1519 2226 1537 2245 ·)

1521 2244 1537 2254 -a
