1665 2553
199 106 346 141 LXXVI
617 105 895 140 ADNOTATIO
924 104 1110 139 CRITICA

198 204 238 234 ut
263 210 331 234 om.
352 199 496 243 Tyrrell
520 199 674 242 invitus,
709 202 752 233 ut
776 199 931 234 videtur.
959 220 1003 224 ——
1036 203 1078 232 22
1105 200 1213 234 etiam
1237 199 1301 232 ER
1327 198 1534 243 (Lehmann

197 246 275 281 Att.
294 259 329 290 p.
353 248 444 290 150),
475 251 507 281 te
531 246 598 289 Ml,
625 258 704 281 eum
728 246 794 289 ΜΞ,
821 246 931 290 vulg,
956 246 1093 289 Baiter,
1120 246 1274 290 Tyrrell,
1302 245 1372 281 del.
1394 245 1532 279 Orellio

199 295 348 327 auctore
373 293 564 336 VVesenb.,
595 293 700 328 Boot.
726 314 771 318 -
798 297 842 326 24
867 298 914 327 ut
939 297 1073 334 contra,
1100 295 1140 327 ut
1166 295 1222 327 est
1246 293 1284 326 in
1310 292 1337 326 L
1363 304 1436 336 mg.
1458 294 1496 326 et
1518 292 1534 326 1

198 340 402 384 (Lehmann
426 340 504 375 Att.
523 352 558 384 p.
581 343 672 384 102),
698 340 851 383 Kayser,
878 339 1031 383 Tyrrell.
1058 360 1104 365 —-
1127 339 1179 375 Π).
1199 341 1299 383 ferre
1323 339 1460 373 Baiter.
1488 360 1535 364 —

199 391 241 421 27
263 388 454 431 possimus,
478 387 627 422 seribere
648 387 732 421 add.
747 386 930 428 Wesenb,
958 386 1061 429 Boot,
1076 388 1255 430 possimus
1274 387 1368 428 Aso,
1394 386 1533 429 Baiter,

198 433 352 477 Tyrrell.
372 454 417 459 --
438 437 482 467 34
507 435 555 467 cle
579 435 646 468 hac
664 445 701 468 re
720 434 856 476 Baiter,
876 433 1048 468 Wesenb.
1068 433 1233 477 probah,
1258 444 1332 467 non
1351 443 1537 467 necessar-

198 501 243 506 —
270 485 312 514 35
339 492 429 525 quae
454 481 642 515 sentiemus
668 480 733 523 M2,
760 480 897 522 Baiter,
924 480 1029 522 Boot,
1054 479 1208 524 Tyrrell,
1235 492 1314 514 cum
1338 480 1535 514 sentiamus

198 526 265 569 M¹,
292 528 380 572 quid
404 529 599 562 sentiamus
617 527 789 562 Wesenb.
834 527 892 560 Ad
911 539 945 570 p.
963 531 1017 561 32.
1035 531 1087 561 11.
1132 529 1143 571 11
1185 527 1231 561 P.
1246 526 1336 561 267.
1352 530 1371 560 2
1397 527 1535 561 rationi

200 574 281 616 alii,
307 575 412 617 Boot,
438 574 540 618 Tyrr.
585 574 651 607 [lle
685 585 768 607 oum
792 576 989 617 propterea
1015 575 1150 608 actioni
1173 573 1291 616 reicit,
1320 573 1434 616 ‘quod
1458 584 1535 607 non

199 621 389 664 quaeritur
415 621 459 654 de
484 621 559 663 iis’,
585 621 717 663 inquit,
747 621 856 663 ‘quae
878 619 1011 654 Caesar
1031 620 1069 654 in
1089 620 1280 664 republica
1301 622 1439 664 ageret,
1467 620 1535 653 sed

200 668 245 701 de
271 668 348 701 eius
375 668 603 710 commodis’,
631 669 794 701 statuere
819 667 964 701 videtur
985 666 1179 701 Caesarem
1203 667 1241 701 in
1260 678 1300 701 re
1318 677 1440 711 p.non
1460 677 1533 700 ser-

198 715 295 748 visse
321 715 396 748 suis
423 714 633 749 commodis.
654 735 699 738 —-
726 718 745 747 6
773 726 802 749 v.
825 714 863 749 O.
885 714 924 748 E.
948 714 1116 748 Schmidt
1143 713 1230 748 ‘Der
1255 713 1531 747 Briefwechsel'

197 774 232 805 p.
257 765 322 795 154
338 772 403 804 ex,
431 762 564 795 BIarch
590 764 613 795 6
637 760 781 804 Tyrrell
809 771 863 805 ep.
886 765 964 803 354,
993 761 1071 794 sine
1096 760 1176 794 loco
1204 763 1240 795 et
1265 763 1430 805 tempore
1448 760 1534 794 reli-

199 808 274 851 qui.
300 829 345 833 —
372 812 391 842 8
418 808 453 842 S.
476 808 516 842 V.
533 809 578 842 B.
594 808 640 841 E.
657 808 751 850 edd,
779 808 851 842 Sub
877 808 915 840 M
941 809 983 841 ut
1006 820 1041 852 p.
1057 811 1135 842 238.
1152 811 1206 842 30.
1228 829 1271 832 —
1300 811 1342 840 10
1368 807 1535 851 Quibus

198 855 293 889 Boot
317 866 391 888 non
418 855 496 888 sine
524 865 646 896 causa,
673 866 744 898 qua
769 854 863 896 Aso,
891 854 1083 888 Hellmuth
1108 865 1229 898 progr.
1250 853 1422 888 WVurceb.
1445 857 1534 887 1888

198 914 233 946 p.
255 905 286 936 8.
324 923 369 926 -
409 906 449 935 11
482 913 585 935 suam
616 906 649 936 et
667 902 830 944 Pompeii
854 901 1045 944 VVesenb.,
1078 901 1236 945 Tyr-rell,
1269 905 1301 935 et
1326 901 1536 944 Pompeium

200 960 288 983 corr.
311 959 355 983 ex
374 953 414 982 nt
433 949 583 992 Pompei
601 948 649 991 M,
677 953 708 982 et
733 949 941 991 Pompeium
961 948 1096 989 Baiter,
1124 948 1227 982 Boot.
1266 946 1318 982 Cf.
1332 960 1367 992 p.
1384 951 1462 982 266.
1480 951 1539 982 17-

200 1017 244 1020 —
272 999 313 1029 19
340 1000 436 1030 certo
464 994 511 1028 Ο1
536 995 739 1039 (Lehmann
765 995 840 1029 Att.
854 1006 890 1038 p.
907 998 949 1028 36
965 997 1044 1038 ex),
1077 994 1230 1037 Manut,
1264 994 1402 1036 Baiter,
1428 994 1534 1036 Boot,

199 1042 359 1085 Tyr-rell,
402 1046 490 1076 certe
526 1041 581 1084 M,
619 1041 791 1075 WVesenb.
824 1043 903 1074 tam
946 1043 1045 1075 recte
1083 1052 1195 1084 quam
1231 1053 1262 1076 V.
1284 1053 1312 1075 o.
1347 1041 1535 1083 manifeste

201 1088 342 1123 Cluent.
368 1100 402 1132 p.
426 1092 502 1123 118.
526 1092 579 1122 14.
623 1088 682 1120 Ad
712 1088 798 1122 fam.
819 1100 854 1131 p.
875 1092 954 1122 493.
976 1091 1036 1130 26,
1076 1087 1172 1121 infra
1205 1092 1282 1122 335.
1306 1092 1324 1120 2
1359 1090 1460 1128 (certe
1485 1087 1534 1130 M,

201 1140 291 1170 certo
316 1135 390 1179 W),
417 1139 494 1169 338.
518 1139 572 1177 11,
599 1138 677 1169 350.
700 1139 754 1176 11,
782 1138 859 1169 385.
882 1138 936 1176 24,
963 1138 1041 1169 444.
1063 1138 1116 1168 21.
1138 1156 1182 1159 —
1204 1138 1245 1167 31
1268 1136 1339 1178 qm}
1358 1133 1407 1175 M,
1433 1133 1533 1168 Hell-

200 1182 306 1215 muth
341 1192 462 1225 progr.
490 1181 660 1215 Wuroeb.
696 1184 785 1215 1888
822 1193 857 1225 p.
884 1185 945 1223 50,
990 1193 1061 1225 qua
1092 1181 1189 1225 vulg.
1218 1182 1299 1215 edd.
1336 1181 1539 1214 admodum

199 1228 352 1272 probab.
373 1229 435 1271 (ad
459 1240 493 1272 p.
516 1230 654 1270 5415).
676 1248 720 1252 —
741 1232 785 1260 34
806 1228 942 1271 petisti
965 1228 1070 1269 lens„
1097 1228 1234 1270 Baiter,
1259 1228 1363 1269 Boot,
1390 1227 1535 1271 Tyrrell

202 1275 331 1308 dubito
358 1285 404 1308 an
430 1285 523 1317 vere,
550 1275 688 1318 petiisti
715 1274 882 1308 defendit
907 1274 1098 1308 Hellmuth
1124 1274 1184 1309 1.1.
1206 1286 1241 1318 p.
1263 1278 1317 1309 35.
1356 1273 1398 1309 V.
1414 1273 1535 1308 Neue-

200 1322 388 1366 lVagener
412 1322 461 1354 ΠΙ
486 1334 520 1365 p.
541 1325 619 1356 435.
642 1342 685 1345 —
707 1325 750 1355 35
772 1322 1046 1355 .⁷115211aonicm2·s
1072 1323 1128 1365 gut
1152 1333 1301 1355 suwumus
1319 1333 1353 1365 p.
1370 1324 1448 1355 261.
1464 1322 1535 1365 24),

203 1369 282 1402 ‘sed
318 1368 468 1401 litterae
504 1380 556 1401 uu
594 1368 739 1401 deletae
778 1369 897 1410 sunt',
936 1368 989 1410 M,
1030 1368 1251 1402 Milonianis
1284 1372 1315 1402 et
1349 1367 1536 1402 Clodianis

201 1415 240 1450 O.
262 1415 301 1449 E.
325 1415 491 1448 Schmidt
526 1427 618 1449 mus.
644 1415 759 1449 Rhen.
789 1419 876 1448 1897
902 1427 937 1458 p.
961 1419 1038 1449 149.
1082 1417 1093 1458 ΙΙ
1135 1415 1181 1449 P.
1203 1414 1292 1449 268.
1315 1418 1357 1447 10
1382 1418 1423 1448 ut
1449 1416 1535 1447 ante

200 1463 340 1505 utrique
367 1462 510 1495 addunt
536 1462 639 1496 editt.
660 1462 720 1494 vix
746 1461 875 1495 dubito
901 1461 991 1504 quin
1015 1459 1125 1496 recte.
1168 1461 1292 1495 Unum
1311 1461 1431 1495 simile
1450 1460 1537 1494 novi

202 1508 409 1552 exemplum
446 1509 612 1552 Append.
635 1507 759 1552 Optat.
780 1521 814 1552 p.
838 1512 915 1543 190.
937 1512 956 1541 9
995 1509 1188 1550 elaborate,
1222 1519 1322 1543 ‘nemo
1356 1508 1455 1542 sciat.
1490 1528 1536 1532 -—

202 1560 242 1589 21
261 1556 452 1599 possimus
465 1555 650 1596 Petraroa,
665 1555 844 1597 Lambin,
858 1555 995 1597 Baiter,
1013 1566 1204 1599 possumus
1217 1555 1334 1598 codd,
1349 1554 1534 1596 Wesenb,

200 1603 304 1643 Boot,
330 1602 431 1646 Tyrr.
454 1613 508 1645 ep.
524 1606 591 1635 347
617 1603 660 1635 ut
684 1602 741 1635 illi
767 1614 802 1646 p.
819 1606 872 1636 53.
889 1605 943 1644 28,
971 1606 1048 1636 255.
1066 1606 1083 1635 7
1110 1613 1242 1644 sumus,
1271 1605 1372 1644 79.1,
1400 1604 1533 1635 384.21

202 1652 238 1683 et
270 1653 312 1682 22
346 1651 493 1693 (sumus)
525 1660 619 1691 sum,
657 1652 789 1692 4219,
830 1652 959 1691 1067,
1000 1652 1151 1691 17010,
1192 1652 1345 1690 20031,
1379 1651 1457 1682 223.
1479 1651 1535 1690 24,

202 1700 279 1730 312.
296 1700 355 1737 28,
394 1699 531 1730 46722
570 1700 671 1737 sunt,
705 1699 836 1736 2248,
875 1699 1012 1730 281.30
1044 1706 1207 1739 possum,
1246 1698 1358 1729 2421
1399 1695 1535 1736 absum,

202 1746 315 1777 5219
351 1747 573 1786 poteramus,
620 1746 750 1784 96.10,
795 1745 933 1777 417.17
971 1743 1136 1785 fuerunt,
1181 1745 1234 1776 96.
1251 1745 1271 1775 8
1309 1741 1534 1783 dubitarunt,

203 1794 280 1824 332.
297 1794 316 1822 3
350 1790 534 1831 viderunt,
567 1792 644 1823 550.
661 1793 705 1822 34
733 1790 938 1831 noluerunt,
972 1792 1049 1823 261.
1066 1793 1110 1822 24
1134 1799 1284 1822 sumnus
1311 1789 1378 1822 eto.
1422 1786 1465 1822 V.
1488 1787 1536 1820 ad

200 1849 234 1880 p.
258 1840 310 1870 32.
335 1841 388 1879 11,
416 1840 493 1870 353.
517 1840 570 1878 13,
595 1846 694 1879 prox:
716 1847 812 1870 cons.
832 1848 867 1880 p.
892 1839 967 1870 120.
984 1839 1038 1870 28.
1066 1856 1110 1860 -
1137 1839 1180 1869 27
1206 1835 1294 1868 mihi
1318 1834 1356 1867 M
1382 1844 1469 1869 corr.
1492 1844 1536 1867 ex

202 1884 261 1925 mi,
289 1883 370 1917 edd.
403 1883 462 1916 Ad
481 1895 514 1926 p.
531 1887 562 1917 9.
579 1886 632 1917 19.
654 1903 699 1907 —-
725 1886 767 1915 32
783 1884 959 1926 praefecti
973 1883 1181 1926 partium
1199 1881 1383 1933 Petrarca,
1404 1880 1462 1923 ΕΞ,
1490 1880 1537 1914 de

201 1929 707 2020 11ῐῃΐ11ξ3ᾏ,,”ῗὲζζᾷῆῗ
711 1958 716 1963 ·
736 1933 946 2009 Ῑίὲῖἓὲξῧέ
968 1929 1119 2009 fidu&
1130 1927 1540 2017 otgesffifflldiyffii

204 2032 258 2065 ep.
281 2026 358 2064 363,
387 2023 446 2056 -Η-
474 2023 498 2056 (ἰ
522 2023 588 2065 Ml,
611 2023 708 2066 prid.
724 2022 833 2066 vulg,
859 2022 995 2064 Baiter,
1028 2003 1137 2055 Boot.7
1175 2021 1233 2054 Ad
1251 2033 1286 2065 p.
1303 2024 1380 2055 182.
1397 2024 1427 2063 6,
1448 2020 1534 2055 fam.

201 2080 236 2112 p.
258 2072 337 2103 429.
361 2073 419 2110 17,
459 2069 604 2110 Quinot.
624 2081 659 2112 p.
683 2073 712 2103 7.
736 2073 796 2111 13,
836 2068 1037 2112 Sternkopf
1068 2067 1343 2102 ‘Woohensehr
1370 2067 1394 2102 f.
1421 2067 1536 2102 klass.

204 2114 351 2149 Philol.'
383 2120 482 2150 1897.
506 2120 583 2150 707.
622 2137 667 2140 —
705 2119 724 2149 9
751 2117 880 2149 multos
904 2116 955 2157 ὦ,
994 2115 1017 2149 i.
1033 2125 1062 2149 e.
1083 2115 1173 2156 dies,
1211 2114 1359 2156 Bosius,
1397 2114 1535 2156 Baiter,

203 2163 331 2195 multos
362 2162 436 2196 dies
461 2163 570 2205 Boot,
605 2162 691 2196 ‘Sed
712 2163 893 2206 profectus
918 2166 968 2196 est
992 2161 1120 2195 multos
1145 2161 1252 2203 dz'es’,
1285 2161 1418 2204 inquit,
1448 2160 1536 2193 ‘diei

204 2219 277 2241 non
313 2210 445 2252 potest.
498 2209 626 2252 Itaque
665 2209 862 2242 scribatur:
903 2209 993 2242 alter
1029 2212 1111 2242 ante
1145 2208 1274 2242 'multos
1311 2208 1412 2250 dies’,
1441 2234 1476 2241 ..
1499 2234 1506 2240 .
1527 2233 1535 2241 .

203 2255 295 2288 alter
326 2256 454 2289 multos
488 2255 630 2299 Tyr-rell
663 2256 755 2290 coni.
783 2256 872 2289 alter
902 2255 991 2289 duos
1026 2255 1166 2298 aliquos
1198 2255 1273 2289 dies
1304 2255 1416 2296 abest,
1448 2254 1537 2287 alter

204 2302 341 2336 multos.
369 2322 413 2326 —
446 2305 488 2335 26
516 2303 711 2336 adsentior
735 2302 861 2336 Baiter
885 2312 979 2344 vere,
1005 2301 1123 2336 credo.
1174 2301 1232 2334 Ad
1255 2313 1290 2345 p.
1314 2305 1390 2335 192,
1411 2303 1465 2334 28.
1492 2319 1536 2324 -
