1665 2553
651 101 689 135 P.
709 103 908 135 417-421,
1300 97 1444 132 CXXIII

103 195 258 240 Tyrrell,
281 195 455 239 potuisset
479 215 524 220 »-
550 198 601 229 est
623 194 743 238 factas
768 193 886 236 codd,
913 192 1082 227 Schmidt
1107 190 1327 237 (potuisseff
1358 191 1445 224 Nisi

106 247 155 277 est
179 243 340 285 factus),
384 252 470 276 non
489 242 612 285 potuit
636 262 682 266 —
707 245 756 275 est
780 241 916 283 factus,
947 239 1139 282 Wesenb.,
1171 238 1308 281 Baiter,
1340 237 1444 272 Boot.

105 289 240 323 Melius
265 289 412 322 videtur
437 299 524 323 ozon
547 289 720 332 potuisset
750 308 795 313 —-
825 288 900 322 ‘nisi
924 291 1012 322 esset
1034 288 1164 330 factus.
1197 306 1243 310 —
1282 288 1325 318 14
1340 296 1392 327 sq.
1414 285 1446 317 is

105 358 149 362 ——
169 337 242 379 fait
258 336 296 369 in
316 335 486 380 parenth.
503 335 676 369 Wesenb.
710 334 768 368 Ad
781 338 948 379 p.16.14.
968 355 1013 359 —
1035 337 1077 367 15
1093 334 1137 367 L.
1159 332 1242 366 add.
1258 331 1444 372 WVesenb„

105 384 211 426 Boot,
238 382 398 427 Tyrrell,
424 382 520 416 Boot
545 383 607 426 qui
632 393 712 416 cum
737 381 781 415 L.
803 381 959 416 Lucullo
984 391 1061 415 cos.
1089 401 1134 406 —
1162 384 1206 413 20
1226 391 1257 413 v.
1279 378 1447 412 Schmidt

105 443 141 475 p.
163 434 247 474 518,
289 429 434 474 Tyrrell
468 440 522 474 ep.
545 433 630 468 616,
668 429 764 473 prid.
792 428 840 462 K.
867 429 952 462 Iun.
987 427 1141 461 Schiche
1172 426 1296 460 Herm.
1328 424 1447 459 XVIH

106 490 140 522 p.
163 481 240 520 614,
268 488 382 511 mense
407 477 493 510 Iun.
514 476 652 516 Baiter,
681 478 780 518 (ante
798 476 871 518 Id.)
899 474 1074 508 Wesenb.
1096 496 1140 499 —
1163 478 1206 507 22
1235 473 1264 507 Ο
1283 472 1367 506 add.
1388 483 1446 505 me

109 526 258 558 auctore
278 524 416 566 Baiter,
437 523 561 557 Lehm.
584 524 660 556 Att.
675 534 710 566 p.
726 526 809 564 2043
835 534 864 556 v.
881 533 972 556 mus.
988 522 1104 556 Rhen.
1123 524 1211 555 1898
1239 532 1273 564 p.
1291 523 1357 553 127
1367 530 1446 562 sqq.

106 593 153 596 —
191 574 233 605 26
261 571 467 613 confestim
502 570 678 603 ‘Decurt'
712 569 816 612 Bosi,
848 569 945 613 vulg.
966 570 1073 611 vett,
1112 567 1304 609 VVesenb,
1342 566 1447 608 Boot,

108 618 285 652 Schmidt.
318 639 363 642 —
390 620 433 651 28
460 617 533 662 [H.
561 618 601 650 in
629 616 829 661 Capitolio]
853 616 958 658 Boot,
984 615 1138 660 Tyrrell,
1167 615 1339 648 ‘fortasse
1366 625 1449 647 cum

107 665 217 699 Bosio
245 664 478 698 scribendum
500 666 571 697 est:
603 664 706 698 hodie
725 664 764 697 in
786 663 976 707 C'apitolio’
1001 663 1178 704 Schmidt,
1204 662 1304 695 idem
1328 673 1362 704 p.
1380 664 1448 694 304

107 724 141 746 n.
166 717 201 746 1:
231 711 411 745 ‘offenbar
435 710 505 744 mit
524 710 654 744 Bosius
681 722 725 743 zu
752 709 961 744 schreiben:
987 711 1089 744 hodie
1110 711 1150 743 in
1171 708 1376 752 Capitolio’.
1404 728 1449 732 —

109 763 151 793 31
179 763 251 793 tum
280 757 438 802 Tyrrell,
471 769 549 792 cam
577 757 699 798 codd,
731 757 876 801 †qaum
901 757 1006 799 Boot,
1038 767 1174 801 qaoque
1199 754 1337 790 Orellio
1365 765 1448 787 auc-

108 808 187 840 tore
213 805 356 847 Baiter,
383 804 568 847 Wesenb,
596 804 772 837 Schmidt.
823 805 833 848 ΙΙ
889 804 935 838 Ρ.
955 802 1046 838 420.
1068 807 1087 837 3
1108 803 1256 847 poteris
1283 801 1450 835 Schmidt

109 855 304 897 (p.303n.“·,
325 852 433 895 quasi
452 862 536 885 vero
556 851 658 884 verbi
674 851 805 894 poterit
825 850 1031 884 subiectum
1051 861 1124 883 non
1143 849 1263 894 possit
1283 859 1362 882 esse
1376 848 1449 881 nisi

111 899 205 933 Piso.
219 920 261 924 —-
274 899 324 932 ib.
337 899 421 941 περὶ
437 904 558 943 ψυχῆς
568 900 654 942 post
672 899 801 932 librum
813 897 940 931 Lamb.
955 899 1050 931 auct.
1065 897 1148 931 add.
1164 895 1349 939 Wesenb.,
1364 895 1449 929 ‘for—

110 949 211 980 tasse
231 946 369 980 excidit
387 945 471 988 περὶ
491 951 614 989 ψυχῆς
634 944 690 978 vel
707 945 955 987 τριπολιτικὸν
969 944 1027 978 vel
1041 944 1251 986 utrumque'
1271 942 1448 983 Schmidt,

111 993 255 1037 Tyrrell
286 993 368 1036 περὶ
401 997 521 1036 ψυχῆς
552 991 676 1035 potius
711 1002 822 1034 quam
856 992 987 1025 librum
1019 991 1211 1035 scripsisse
1238 989 1450 1023 Ciceronem

112 1040 331 1084 suspicatur.
370 1060 416 1064 —
454 1042 474 1072 5
508 1038 676 1072 Schmidt
707 1042 864 1082 exspecto
891 1040 1102 1082 corruptum
1126 1039 1237 1082 putat
1262 1047 1306 1070 ex
1331 1037 1373 1071 (le
1397 1047 1448 1080 sp.
1490 1073 1499 1077 ,

110 1088 208 1130 sicci,
228 1087 290 1120 i.e.
307 1087 349 1120 de
368 1085 502 1130 Spurio
521 1086 554 1119 si
572 1087 640 1120 eui.
662 1106 707 1110 —-
728 1089 748 1118 8
769 1096 848 1118 cum
860 1085 985 1128 potius
1001 1096 1113 1128 quam
1128 1085 1299 1128 quoniam
1313 1085 1449 1127 (qnam)

111 1133 297 1175 Wesenb,
317 1133 453 1173 Baiter,
473 1132 569 1166 Boot
587 1133 637 1177 (‘e
658 1133 759 1165 certa
778 1131 1037 1175 VVesenbergii
1058 1131 1296 1172 correctione,
1321 1141 1367 1163 ne
1388 1130 1449 1163 de-

113 1182 221 1223 esset,
236 1191 307 1224 quo
321 1180 520 1213 referretur
533 1180 649 1223 tum’),
666 1178 821 1223 Tyr-rell.
837 1200 882 1203 —
899 1182 942 1212 10
956 1179 1043 1221 mih,
1059 1180 1165 1223 idque
1175 1179 1298 1222 potius
1310 1178 1332 1220 f
1337 1177 1450 1211 aisse

112 1229 214 1262 credo
233 1227 330 1271 vulg.
344 1228 445 1269 vett,
459 1226 613 1270 Tyrrell,
635 1225 693 1259 bis
707 1227 820 1269 fuisse
832 1225 937 1265 Boot,
958 1226 1006 1260 ad
1026 1230 1220 1269 questorem
1237 1225 1314 1258 TR.
1329 1225 1452 1267 nilque

112 1276 220 1318 idque
235 1275 357 1318 potius
375 1274 497 1316 fuisse.
517 1274 578 1308 sed
596 1273 699 1307 credo
718 1277 750 1307 te
769 1273 810 1307 de
824 1272 862 1305 M
876 1272 938 1313 (ad
950 1285 986 1317 p.
998 1277 1051 1306 24.
1063 1276 1108 1317 8),
1130 1283 1218 1306 corr.
1234 1271 1392 1305 Ernesti.
1407 1292 1451 1295 -α

112 1321 164 1355 Ib.
181 1322 295 1363 credo,
319 1321 391 1355 sed
415 1325 455 1355 tu
475 1320 647 1354 Wesenb.
669 1341 713 1344 —
735 1323 775 1353 11
798 1320 959 1354 videlicet
977 1322 1084 1354 etiam
1105 1321 1185 1363 (aut
1203 1320 1290 1361 iam)
1312 1317 1453 1351 Gurlitt

113 1368 244 1402 Philol.
268 1371 357 1401 1897
383 1379 418 1412 p.
435 1370 632 1409 378—380,
658 1367 737 1401 vide
762 1367 870 1401 etiam
896 1366 1013 1408 codd,
1040 1366 1179 1410 Baiter,
1207 1365 1335 1399 seclus.
1356 1365 1451 1398 Boot

115 1415 207 1449 coni.
228 1416 316 1449 scire
337 1415 484 1458 poteris,
509 1425 577 1458 quo
597 1425 693 1448 (mne
713 1434 759 1438 —
777 1414 898 1456 fuerit.
938 1413 979 1448 Si
997 1418 1166 1448 ‘neutram
1186 1413 1348 1456 quadret,
1373 1412 1452 1446 vide

114 1463 221 1496 etiam
239 1463 281 1495 in
295 1462 487 1505 praefectis
507 1472 556 1494 an
574 1462 615 1494 in
634 1461 959 1501 contubernalibus,
997 1460 1077 1494 vide
1096 1461 1203 1494 etiam
1223 1464 1327 1503 atque
1347 1459 1451 1492 ctiam

116 1508 241 1551 Orelli,
260 1507 446 1550 Wesenb.,
466 1508 653 1550 ‚videlicet,
673 1507 851 1549 Schmidt,
872 1507 1025 1550 Tyri-eil.
1044 1528 1083 1532 —
1108 1511 1150 1540 12
1170 1507 1293 1540 saltem
1314 1505 1454 1540 Gurlitt

114 1555 170 1590 1.l.
193 1557 230 1589 et
248 1565 368 1599 progr.
391 1554 545 1598 Steglitz
556 1557 645 1588 1898
658 1558 759 1598 p.11,
781 1566 821 1588 ea
841 1555 883 1588 de
897 1554 945 1596 M,
965 1565 1047 1587 cum
1061 1564 1166 1587 cruce
1180 1553 1318 1596 Baiter,
1333 1553 1454 1587 eadem

115 1602 174 1645 ΟΞ,
189 1603 290 1637 cadet
303 1600 378 1635 ZO¹
391 1601 534 1645 L(mgo)
548 1601 751 1645 (Lehmann
765 1601 839 1634 Att.
855 1613 888 1644 p.
900 1604 955 1643 37,
965 1602 1034 1644 97),
1050 1612 1133 1634 cum
1147 1611 1253 1634 cruce
1266 1598 1453 1641 Wesenb„

115 1650 266 1693 quadret
290 1648 439 1687 Bosius,
471 1648 580 1690 Boot,
616 1649 696 1682 vide
725 1660 768 1682 we
793 1647 947 1692 Madvig
970 1647 1062 1681 Adv.
1083 1647 1133 1680 ΠῚ
1157 1660 1192 1691 p.
1216 1650 1294 1688 190,
1326 1657 1454 1690 quaere

117 1695 284 1729 Schmidt
317 1695 404 1728 ‘Der
428 1694 703 1728 Briefwechsel’
736 1706 772 1738 p.
795 1698 861 1727 310
887 1706 940 1736 n.,
973 1705 1053 1728 erue
1078 1706 1113 1738 p.
1134 1698 1203 1728 374
1229 1695 1266 1727 et
1292 1696 1370 1726 519.
1409 1713 1455 1717 —

117 1747 161 1776 14
186 1742 282 1776 Hinc
313 1742 427 1775 aliam
453 1741 652 1785 epistulam
677 1741 840 1785 incipere
866 1740 1034 1774 voluerat
1057 1741 1133 1774 iam
1159 1740 1368 1781 Manutius,
1401 1750 1454 1772 se-

115 1791 251 1833 parant
287 1790 439 1822 recentt.
467 1790 614 1832 praeter
650 1788 842 1821 Baiterum
879 1789 917 1821 et
946 1787 1273 1831 WVesenbergium,
1312 1785 1455 1829 Tyrrell

118 1847 172 1880 ep.
189 1839 266 1870 636.
293 1857 339 1860 —
365 1839 408 1869 23
434 1836 626 1878 ceciditque
651 1835 735 1869 belle
760 1835 799 1868 in
817 1834 985 1878 parenth.
1001 1834 1154 1878 Tyrrell.
1199 1834 1257 1867 Ad
1282 1845 1317 1876 p.
1334 1836 1454 1873 16.14,

118 1894 182 1927 que
207 1893 275 1916 om.
290 1883 329 1916 M
349 1883 488 1926 (cecidz'3
514 1893 544 1915 V.
566 1881 755 1915 Lehmann
776 1882 852 1914 Att.
867 1893 902 1925 p.
919 1885 974 1923 76,
994 1883 1086 1924 184),
1112 1880 1250 1922 Baiter,
1278 1879 1454 1913 Schmidt.

118 1950 163 1954 —
187 1929 239 1964 Ib.
261 1929 330 1964 Sed
356 1929 473 1971 codd,
500 1928 644 1972 Tyrrell
671 1928 749 1961 sine
776 1928 1092 1972 interpunctione:
1126 1928 1333 1970 (ceciditque
1359 1927 1455 1969 belle.)

117 1977 178 2010 sed
204 1978 247 2019 (V.
267 1988 302 2020 p.
319 1979 373 2010 36.
390 1977 458 2020 18),
484 1976 617 2010 scilicet
635 1974 821 2018 Wesenb,
846 1974 984 2017 Baiter,
1011 1975 1116 2015 Boot,
1143 1973 1322 2015 Schmidt,
1343 1973 1457 2006 etiam

118 2022 249 2056 Philol.
263 2026 353 2056 1898
364 2035 397 2066 p.
410 2026 486 2057 188.
514 2043 559 2047 -—
586 2025 630 2055 34
644 2033 723 2064 sqq.
745 2023 816 2056 ista
834 2042 879 2046 —
895 2026 1018 2065 potero
1038 2021 1076 2054 in
1095 2019 1265 2064 parenth.
1282 2019 1454 2053 Wesenb.

117 2069 178 2102 Ad
202 2081 236 2113 p.
252 2073 371 2103 16.14.
409 2071 420 2113 Η
462 2069 508 2102 P.
524 2068 614 2103 421.
629 2073 650 2101 4
675 2069 805 2103 Idibus
829 2069 988 2103 Romae
1020 2067 1188 2100 Schmidt
1214 2066 1257 2100 cf.
1278 2079 1313 2111 p.
1329 2070 1407 2100 412.
1426 2070 1456 2109 7,

118 2116 176 2149 Id.
198 2117 287 2150 maii
311 2116 387 2150 eius
405 2115 454 2150 M.
476 2137 520 2140 —
542 2119 560 2149 7
583 2115 696 2149 Scrib.
724 2115 808 2157 VII,
828 2127 859 2148 V.
882 2114 1035 2148 Schiche
1056 2114 1179 2147 Herm.
1199 2113 1317 2147 XVIH
1336 2126 1371 2158 p.
1389 2117 1455 2147 611

120 2163 158 2196 et
183 2165 267 2204 615,
306 2161 472 2196 Schmidt
496 2175 531 2206 p.
554 2166 638 2204 520,
670 2161 814 2205 Tyn-eu
840 2172 895 2205 ep.
917 2164 1002 2202 647,
1029 2172 1143 2195 ‘mense
1172 2160 1291 2205 Quint.
1319 2160 1457 2202 Baiter,

119 2213 198 2252 post
228 2208 332 2242 VIII
352 2209 438 2243 Kal.
470 2209 603 2252 (Oct.?)
631 2208 802 2242 Wesenb.
836 2229 882 2232 —
921 2211 940 2241 9
972 2207 1108 2250 vesperi
1138 2209 1224 2251 post
1250 2207 1338 2242 Kal.
1372 2207 1456 2241 add.

121 2255 298 2297 Schmidt,
313 2255 467 2299 Tyn-eu,
483 2258 569 2289 ante
586 2255 690 2289 VIII
707 2255 874 2297 Schuetz,
888 2253 1075 2297 Wesenh,
1097 2256 1183 2288 ante
1203 2255 1285 2288 veni
1304 2253 1458 2287 Schiche

119 2313 155 2346 p.
178 2305 262 2343 611,
296 2302 344 2336 K.
365 2302 437 2335 Iul.
459 2301 507 2344 M,
535 2303 622 2336 Kal.
643 2301 787 2343 Baiter,
814 2301 918 2334 Boot.
944 2321 991 2325 —
1018 2304 1060 2334 13
1085 2305 1127 2335 ut
1153 2303 1237 2335 ante
1264 2313 1343 2335 cam
1372 2301 1457 2334 add.
