1665 2553
316 118 655 153 EPISTULARUM
680 118 744 152 AD
770 117 984 152 ATTICUM
1008 118 1091 152 XVI
1120 119 1287 153 16A—C.
1379 119 1460 159 517

128 214 222 270 lege
260 217 301 255 et
338 217 508 255 senatus
547 214 743 255 consulto
776 214 1029 267 permissum
1062 216 1168 267 erat,
1205 216 1252 253 ut
1284 214 1333 253 de
1365 212 1464 254 Cae-

131 273 237 314 saris
275 273 379 314 actis
420 275 742 327 cognoscerent,
787 275 1040 327 statuerent,
1081 272 1330 326 iudicarent,
1374 286 1464 312 eam

129 347 218 373 rem
254 334 302 372 tu
341 331 557 372 adiuvares
588 331 863 384 Atticumque
906 334 1118 384 nostrum,
1156 330 1274 371 cuius
1306 333 1347 370 te
1380 333 1464 370 stu-

130 390 296 431 diosum
322 390 512 444 cognovi,
544 392 585 430 et
610 404 689 445 me,
717 390 790 443 qui
814 404 900 430 non
926 389 1064 430 minus
1089 389 1249 441 laboro,
1268 388 1464 429 molestia

94 449 341 492 5liberares.
405 448 610 489 Omnibus
657 448 768 489 enim
810 448 937 489 rebus
980 462 1134 503 magna
1170 462 1286 501 cura,
1329 447 1464 488 multa

131 521 258 561 opera
296 510 337 548 et
377 507 521 548 labore
562 507 762 548 confectis
803 507 848 547 in
887 509 930 547 te
970 507 1157 560 positum
1191 509 1270 560 est,
1309 508 1357 546 ut
1391 520 1464 546 no-

131 570 242 606 strae
279 565 577 607 sollicitudinis
615 566 743 606 finem
781 580 908 619 quam
944 566 1129 619 primum
1166 566 1300 605 facere
1332 564 1465 618 possi-

130 639 234 665 mus.
297 623 558 678 Quamquam
598 624 885 678 intellegimus
930 638 977 664 ea
1024 626 1065 664 te
1104 638 1192 664 esse
1228 623 1463 677 prudentia,

130 686 178 723 ut
214 683 373 737 videas,
411 683 446 723 si
485 697 532 723 ea
573 682 737 723 decreta
775 682 1012 736 consulum,
1054 696 1159 736 quae
1191 682 1240 722 de
1273 681 1463 723 Caesaris

78 758 111 783 10
131 741 236 782 actis
267 741 520 795 interposita
553 744 664 795 sunt,
694 756 782 782 non
813 743 1044 794 serventur,
1074 754 1271 795 magnam
1302 743 1463 793 pertur-

130 800 346 841 bationem
377 814 516 840 rerum
547 800 648 840 fore.
697 799 924 855 Equidem,
955 814 1049 840 cum
1080 799 1227 853 multa,
1259 799 1371 852 quod
1395 813 1464 839 ne-

130 873 242 900 cesse
275 861 364 899 erat
395 859 440 899 in
471 861 589 899 tanta
622 858 915 912 occupatione,
950 872 1037 898 non
1068 857 1318 911 probentur,
1358 871 1463 910 quae

131 915 285 958 Caesar
323 917 537 971 statuerit,
578 920 721 957 tamen
759 917 836 958 otii
873 916 1071 970 pacisque
1109 930 1234 956 causa
1266 916 1464 956 acerrime

130 975 204 1016 illa
236 975 350 1016 soleo
383 975 611 1016 defendere.
664 974 785 1024 Quod
815 975 896 1016 tibi
927 975 1038 1015 idem
1069 988 1222 1029 magno
1257 989 1381 1028 opere
1406 975 1464 1014 fa-

78 1050 111 1076 15
131 1034 324 1075 ciendum
350 1048 517 1087 censeo3
551 1048 807 1087 quamquam
832 1034 933 1074 haec
959 1033 1141 1086 epistula
1166 1047 1252 1073 non
1278 1033 1463 1073 suasoris
1521 1032 1528 1035 ”

132 1096 204 1146 est,
236 1092 307 1133 sed
337 1092 559 1146 rogatoris.
609 1091 759 1146 Igitur,
789 1092 847 1132 mi
877 1092 1041 1147 Plance,
1071 1105 1175 1146 rogo
1202 1094 1244 1132 te
1270 1094 1312 1132 et
1338 1092 1465 1132 etiam

131 1155 249 1203 atque
289 1151 410 1192 etiam
449 1164 523 1191 oro
563 1150 622 1191 sic
659 1150 821 1191 medius
860 1150 1003 1204 fidius,
1041 1153 1089 1190 ut
1124 1150 1283 1190 maiore
1323 1150 1463 1190 studio

130 1209 349 1263 magisque
386 1223 434 1249 ex
478 1209 618 1249 animo
651 1223 773 1263 agere
803 1223 890 1249 non
920 1209 1098 1263 possim,
1136 1211 1183 1249 ut
1215 1211 1353 1249 totum
1384 1208 1465 1249 hoc

129 1268 349 1322 negotium
380 1267 440 1307 ita
472 1281 591 1321 agas,
627 1267 686 1308 ita
717 1270 890 1321 tractes,
930 1267 991 1307 ita
1022 1267 1230 1321 conficias,
1260 1269 1320 1320 ut,
1352 1267 1465 1320 quod

78 1343 112 1367 20
131 1326 220 1367 sine
258 1326 344 1366 ulla
386 1325 649 1366 dubitatione
681 1326 791 1379 apud
822 1326 1013 1366 consules
1047 1326 1308 1366 obtinuimus
1340 1340 1464 1379 prop—

131 1387 195 1425 ter
233 1399 441 1425 summam
478 1384 715 1425 bonitatem
753 1387 793 1425 et
831 1384 1087 1438 aequitatem
1124 1399 1290 1438 causae,
1335 1384 1379 1424 id
1416 1386 1464 1424 tu

130 1457 209 1483 nos
254 1443 488 1483 obtinuisse
529 1457 615 1483 non
658 1443 783 1483 modo
826 1443 948 1484 facile
991 1443 1169 1496 patiare,
1220 1442 1291 1483 sed
1335 1442 1462 1482 etiam

132 1501 324 1556 gaudeas.
387 1500 477 1548 Qua
508 1501 676 1554 quidem
702 1501 922 1542 voluntate
955 1505 989 1542 te
1021 1515 1109 1542 esse
1143 1515 1242 1554 erga
1273 1500 1464 1540 Atticum

132 1574 254 1613 saepe
293 1573 490 1613 praesens
532 1562 573 1599 et
614 1559 678 1599 illi
716 1559 941 1600 ostendisti
979 1562 1020 1599 et
1056 1574 1155 1599 vero
1188 1559 1315 1599 etiam
1347 1559 1463 1599 mihi.

78 1634 111 1659 25
132 1617 252 1666 Quod
291 1618 326 1658 si
363 1617 527 1671 feceris,
564 1632 648 1671 me,
686 1632 811 1670 quem
850 1617 1067 1658 voluntate
1106 1620 1146 1657 et
1184 1620 1360 1670 paterna
1396 1631 1464 1657 ne-

130 1676 382 1717 cessitudine
414 1676 685 1716 coniunctum
712 1690 875 1728 semper
900 1675 1100 1728 habuisti,
1131 1675 1315 1715 maximo
1341 1675 1463 1715 bene-

128 1735 224 1775 ficio
251 1735 490 1775 devinctum
514 1734 707 1783 habebis,
738 1734 863 1787 idque
889 1736 937 1774 ut
962 1734 1103 1789 facias,
1127 1736 1169 1774 te
1195 1733 1464 1783 vehementer

129 1794 257 1834 etiam
289 1796 415 1846 atque
446 1793 574 1833 etiam
605 1806 722 1846 rogo.

773 1908 815 1950 C.

76 1996 110 2021 30
451 1988 526 2024 Ser.
546 1989 662 2024 eodem
688 1993 840 2033 tempore
864 1999 932 2033 quo
957 1999 1009 2033 ep.
1030 1991 1077 2023 16
1091 1988 1136 2023 B.

467 2070 634 2105 CICERO
662 2069 886 2105 CAPITONI
913 2070 1001 2105 SUO
1029 2070 1125 2104 SAL.

216 2141 461 2195 Numquam
498 2142 645 2195 putavi
683 2142 774 2183 fore
811 2144 859 2182 ut
892 2142 1067 2195 supplex
1101 2141 1152 2181 ad
1183 2143 1225 2181 te
1258 2140 1461 2196 venirem3

131 2199 203 2241 sed
239 2199 407 2241 hercule
439 2200 562 2240 facile
592 2200 733 2254 patior
765 2200 909 2240 datum
941 2203 1126 2253 tempus,
1163 2199 1208 2239 in
1240 2214 1323 2252 quo
1351 2214 1461 2240 amo-

129 2272 218 2299 rem
264 2258 475 2311 experirer
518 2260 649 2298 tuum.
723 2258 917 2298 Atticum
961 2258 1109 2311 quanti
1152 2257 1321 2311 faciam,
1367 2258 1459 2299 scis.

75 2333 110 2359 35
130 2316 295 2357 Amabo
322 2319 377 2370 te,
408 2316 459 2357 da
484 2316 589 2356 mihi
615 2319 656 2356 et
681 2316 772 2370 hoc,
799 2316 1046 2357 obliviscere
1072 2330 1164 2356 mea
1190 2331 1315 2357 causa
1339 2316 1462 2357 illum

1488 2152 1531 2183 10
