1665 2553
342 79 683 114 EPISTULARUM
708 79 773 113 AD
798 78 1015 114 ATTIOUM
1041 79 1074 113 V
1101 83 1155 114 21.
1335 79 1418 120 155

77 191 154 218 me.
215 174 378 229 Perfer,
423 175 458 216 si
502 190 569 215 me
611 190 743 230 amas,
786 178 834 216 tu
879 175 990 215 enim
1032 189 1099 216 me
1141 175 1244 216 haec
1284 175 1419 216 facere

76 233 264 276 voluisti.
333 233 421 275 Iter
465 233 599 288 igitur
643 234 703 275 ita
746 248 821 288 per
858 233 1007 274 Asiam
1052 234 1149 288 feci,
1200 236 1248 274 ut
1292 233 1418 274 etiam

77 294 221 346 fames,
254 307 336 346 qua
367 291 477 333 nihil
507 292 704 333 miserius
737 294 820 347 est,
853 307 960 346 quae
996 295 1088 333 tum
1121 295 1210 333 erat
1242 292 1288 333 in
1318 291 1421 333 haec

76 366 169 393 mea
200 351 305 392 Asia
345 349 518 406 (messis
561 351 673 391 enim
711 351 829 392 nulla
861 349 1049 407 fuerat),
1089 351 1210 392 mihi
1237 351 1421 404 optanda

40 427 58 452 5
78 410 216 451 fuerit.
280 409 550 463 Quacumque
581 410 663 450 iter
700 409 802 464 feci,
844 410 963 450 nulla
1000 410 1059 463 vi,
1096 410 1214 451 nullo
1252 409 1422 464 iudicio,

77 469 194 510 nulla
232 468 504 523 contumelia,
547 469 802 509 auctoritate
842 471 884 509 et
923 468 1216 509 cohortatione
1253 469 1421 522 perfeci,

77 530 126 568 ut
151 529 193 568 et
215 525 363 568 Graeci
389 530 430 567 et
456 527 565 567 cives
592 526 789 581 Romani,
821 527 894 580 qui
919 527 1179 568 frumentum
1212 542 1420 581 compres-

79 588 240 640 serant,
270 599 474 640 magnum
505 600 730 626 numerum
761 586 929 639 populis
960 586 1274 640 pollicerentur.
1336 584 1420 627 Idi-

78 644 158 685 bus
183 643 440 697 Februariis,
474 658 557 698 quo
591 644 656 684 die
686 643 763 685 has
794 644 961 685 litteras
993 644 1099 699 dedi,
1129 644 1270 685 forum
1301 644 1422 685 insti-

23 720 59 745 10
79 708 245 744 tueram
278 716 401 757 agere
433 701 662 743 Laodiceae
690 701 981 756 Cibyraticum
1019 705 1061 744 et
1089 702 1340 757 Apamense,
1373 717 1423 743 ex

77 760 225 803 Idibus
258 761 426 802 Martiis
459 761 617 802 ibidem
651 759 941 815 Synnadense,
971 761 1271 815 Pamphylium
1304 760 1422 816 (tum

77 819 252 861 Phemio
299 819 517 873 dispiciam
547 819 720 876 κέρας),
759 820 1039 875 Lycaonium,
1079 819 1330 874 1saurieum3
1371 835 1423 861 ex

77 877 224 919 Idibus
256 877 382 919 Maiis
424 878 469 919 in
510 877 720 932 Ciliciam,
760 882 809 919 ut
849 879 910 919 ibi
947 878 1096 919 Iunius
1137 881 1422 933 consumatur,

78 937 206 978 velim
231 937 462 990 tranquille
497 952 520 977 a
545 936 727 978 Parthis.
779 936 1017 992 Quinctilis,
1053 938 1089 978 si
1115 938 1207 991 erit,
1238 940 1286 978 ut
1306 937 1422 979 volu-

1447 246 1466 271 R

1447 597 1467 625 9

22 1012 59 1037 15
79 1010 186 1049 mus,
217 995 262 1036 in
293 996 444 1036 itinere
476 998 540 1036 est
572 1010 646 1049 per
677 995 940 1049 provinciam
965 996 1241 1037 redeuntibus
1275 1010 1423 1036 consu-
1484 1008 1491 1011 ’

77 1054 265 1094 mendus.
336 1053 542 1095 Venimus
598 1054 710 1094 enim
762 1055 805 1095 m
858 1055 1121 1108 provinciam
1170 1054 1422 1095 Laodiceam

80 1112 269 1166 Sulpicio
302 1114 344 1152 et
376 1111 577 1153 Marcello
619 1113 865 1153 consulibus
904 1113 1039 1167 pridie
1080 1113 1291 1154 Kalendas
1325 1113 1422 1155 Sex-

77 1171 186 1211 tiles.
258 1169 360 1212 Inde
399 1185 478 1212 nos
525 1174 694 1225 oportet
736 1171 931 1212 decedere
972 1186 1006 1212 a.
1045 1171 1080 1213 d.
1119 1183 1170 1212 111
1209 1171 1421 1213 Kalendas

79 1227 272 1270 Sextiles.
333 1228 525 1270 Primum
563 1230 813 1270 contendam
851 1245 874 1270 a
906 1229 1064 1278 Quinto
1105 1230 1254 1285 fratre,
1291 1233 1339 1271 ut
1377 1245 1422 1271 se

21 1305 59 1330 20
78 1287 248 1341 praefici
280 1287 487 1342 patiatur,
526 1288 638 1342 quod
676 1291 717 1329 et
755 1288 829 1329 illo
870 1291 911 1329 et
949 1303 1015 1329 1116
1046 1289 1304 1329 invitissimo
1336 1289 1423 1330 fiet.

79 1345 161 1387 Sed
200 1346 321 1386 aliter
357 1346 534 1387 honeste
571 1347 664 1387 fieri
703 1361 791 1388 non
831 1349 991 1402 potest,
1036 1348 1288 1401 praesertim
1326 1362 1422 1388 611111

78 1405 217 1445 virum
250 1405 470 1460 optimum,
500 1404 790 1460 Pomptinum,
821 1420 874 1446 ne
899 1420 1011 1446 nunc
1038 1406 1207 1459 quidem
1238 1406 1421 1447 retinere

78 1462 252 1516 possim.
301 1462 432 1516 Rapit
458 1463 569 1504 enim
601 1464 816 1505 hominem
841 1463 1088 1505 Postumius
1115 1463 1309 1519 Romam,
1339 1465 1422 1505 for-

78 1523 190 1562 tasse
222 1520 350 1561 etiam
380 1521 609 1563 Postumia.

22 1596 58 1622 25
166 1579 310 1620 Habes
355 1580 531 1620 consilia
576 1583 744 1636 nostra3
787 1595 900 1622 nunc
940 1595 1147 1635 cognosce
1186 1581 1236 1622 de
1272 1581 1420 1622 Bruto.

77 1636 326 1678 Familiares
358 1637 486 1679 habet
518 1637 677 1680 Brutus
714 1642 814 1680 tuus
847 1639 1053 1693 quosdam
1090 1639 1316 1680 creditores
1351 1639 1421 1680 Sa-

77 1696 349 1737 laminiorum
391 1711 441 1737 ex
480 1695 640 1751 Cypro,
680 1697 736 1738 M
770 1696 989 1751 Scaptium
1027 1700 1068 1738 et
1098 1696 1142 1739 P.
1174 1697 1420 1752 Matinium·

80 1768 185 1820 quos
226 1754 332 1796 mihi
373 1754 577 1795 maioiem
614 1756 659 1796 in
695 1756 868 1796 modum
907 1755 1228 1796 commendavit.
1296 1755 1421 1796 Mati-

78 1812 198 1854 nium
227 1827 314 1854 non
339 1813 450 1854 novi.
497 1812 691 1866 Scaptius
718 1814 771 1854 ad
794 1828 862 1854 me
888 1813 933 1854 in
958 1816 1096 1854 castra
1121 1814 1248 1854 venit.
1292 1813 1421 1854 Polli-

24 1887 61 1912 :30
81 1870 189 1912 citus
222 1886 317 1912 sum
348 1874 595 1912 curaturum
625 1886 693 1912 me
725 1872 850 1913 Bruti
882 1886 1017 1925 causa,
1047 1874 1097 1912 ut
1128 1872 1166 1912 ei
1199 1870 1421 1912 Salaminii

79 1929 296 1982 pecuniam
332 1930 553 1971 solverent.
610 1929 715 1984 Egit
747 1930 917 1985 gratias.
972 1906 1285 1971 Pi·aefecturam
1316 1931 1421 1984 peti-

78 1987 152 2027 vit.
212 1986 378 2042 Negavi
408 2003 475 2029 me
507 1988 703 2042 cuiquam
733 1988 974 2043 negotianti
1011 1989 1108 2029 dare
1141 1987 1279 2043 (quod
1309 1989 1420 2029 idem

79 2045 161 2085 tibi
199 2047 472 2087 ostenderam.
537 2046 608 2087 Cn.
647 2046 849 2101 Pompeio
888 2047 1050 2100 petenti
1093 2046 1320 2100 probaram
1359 2047 1421 2088 in-

81 2104 282 2144 stitutum
318 2119 474 2160 meum,
513 2105 613 2159 quid
657 2106 791 2146 dicam
829 2105 1047 2159 Torquato
1087 2105 1136 2145 de
1174 2104 1229 2146 M.
1262 2104 1419 2146 Laenio

23 2178 60 2204 35
79 2164 167 2216 tuo,
198 2162 345 2203 multis
378 2162 544 2219 aliis?);
588 2164 655 2204 sin
685 2164 921 2218 praefectus
953 2163 1081 2204 vellet
1119 2177 1208 2204 esse
1247 2177 1421 2218 syngra-

77 2220 186 2274 phae
218 2234 353 2275 causa,
384 2235 451 2261 me
482 2224 745 2277 curaturum,
776 2224 825 2262 ut
857 2222 1055 2276 exigeret.
1118 2220 1287 2262 Gratias
1321 2223 1419 2277 egit,

78 2279 282 2320 discessit.
343 2278 509 2333 Appius
545 2283 691 2322 noster
727 2284 889 2322 turmas
929 2280 1093 2334 aliquot
1124 2280 1317 2334 equitum
1355 2281 1422 2321 de-

1449 1591 1492 1621 10
