<?xml version="1.0" encoding="UTF-8"?>
<!DOCTYPE html PUBLIC "-//W3C//DTD XHTML 1.0 Transitional//EN"
    "http://www.w3.org/TR/xhtml1/DTD/xhtml1-transitional.dtd">
<html xmlns="http://www.w3.org/1999/xhtml" xml:lang="en" lang="en">
 <head>
  <title>
</title>
<meta http-equiv="Content-Type" content="text/html;charset=utf-8" />
  <meta name='ocr-system' content='tesseract 3.04.00' />
  <meta name='ocr-capabilities' content='ocr_page ocr_carea ocr_par ocr_line ocrx_word'/>
</head>
<body>
  <div class='ocr_page' id='page_1' title='image "./p2scriptaquaemanse03ciceuoft_0664.png"; bbox 0 0 1665 2553; ppageno 0'>
   <div class='ocr_carea' id='block_1_1' title="bbox 237 79 1150 120">
    <p class='ocr_par' dir='ltr' id='par_1_1' title="bbox 237 79 1150 120">
     <span class='ocr_line' id='line_1_1' title="bbox 237 79 1150 120; baseline -0.003 0"><span class='ocrx_word' id='word_1_1' title='bbox 237 79 324 120; x_wconf 74' lang='grc'>472</span> <span class='ocrx_word' id='word_1_2' title='bbox 660 81 707 115; x_wconf 83' lang='grc' dir='ltr'>Μ.</span> <span class='ocrx_word' id='word_1_3' title='bbox 736 81 876 115; x_wconf 88' lang='lat' dir='ltr'>TULLI</span> <span class='ocrx_word' id='word_1_4' title='bbox 902 80 1150 117; x_wconf 83' lang='lat' dir='ltr'>CICERONIS</span> 
     </span>
    </p>
   </div>
   <div class='ocr_carea' id='block_1_2' title="bbox 232 174 1621 581">
    <p class='ocr_par' dir='ltr' id='par_1_2' title="bbox 235 174 1570 274">
     <span class='ocr_line' id='line_1_2' title="bbox 235 174 1570 231; baseline 0.004 -16"><span class='ocrx_word' id='word_1_5' title='bbox 235 174 360 223; x_wconf 83' lang='lat' dir='ltr'>Quid</span> <span class='ocrx_word' id='word_1_6' title='bbox 411 190 580 229; x_wconf 88' lang='lat' dir='ltr'>speres</span> <span class='ocrx_word' id='word_1_7' title='bbox 631 176 686 216; x_wconf 87' lang='grc'>(16</span> <span class='ocrx_word' id='word_1_8' title='bbox 734 176 864 231; x_wconf 88' lang='lat' dir='ltr'>illis,</span> <span class='ocrx_word' id='word_1_9' title='bbox 912 176 963 216; x_wconf 88' lang='lat' dir='ltr'>in</span> <span class='ocrx_word' id='word_1_10' title='bbox 1007 176 1343 219; x_wconf 88' lang='lat' dir='ltr'>Tusculanum</span> <span class='ocrx_word' id='word_1_11' title='bbox 1393 179 1449 219; x_wconf 88' lang='lat' dir='ltr'>ad</span> <span class='ocrx_word' id='word_1_12' title='bbox 1498 193 1570 219; x_wconf 90' lang='lat' dir='ltr'>me</span> 
     </span>
     <span class='ocr_line' id='line_1_3' title="bbox 237 234 434 274; baseline 0.005 -1"><span class='ocrx_word' id='word_1_13' title='bbox 237 234 372 274; x_wconf 89' lang='lat' dir='ltr'>scrib</span> <span class='ocrx_word' id='word_1_14' title='bbox 385 234 434 274; x_wconf 87' lang='lat' dir='ltr'>e.&#39;</span> 
     </span>
    </p>

    <p class='ocr_par' dir='ltr' id='par_1_3' title="bbox 235 291 1621 464">
     <span class='ocr_line' id='line_1_4' title="bbox 322 291 1571 348; baseline 0.003 -16"><span class='ocrx_word' id='word_1_15' title='bbox 322 292 464 333; x_wconf 90' lang='lat' dir='ltr'>Habes</span> <span class='ocrx_word' id='word_1_16' title='bbox 495 292 612 333; x_wconf 89' lang='lat' dir='ltr'>Hirti</span> <span class='ocrx_word' id='word_1_17' title='bbox 644 293 877 346; x_wconf 71' lang='lat' dir='ltr'>epistulam.</span> <span class='ocrx_word' id='word_1_18' title='bbox 929 291 1007 334; x_wconf 80' lang='lat' dir='ltr'>Cui</span> <span class='ocrx_word' id='word_1_19' title='bbox 1038 294 1236 348; x_wconf 80' lang='lat' dir='ltr'>rescripsi</span> <span class='ocrx_word' id='word_1_20' title='bbox 1266 295 1328 335; x_wconf 89' lang='lat' dir='ltr'>nil</span> <span class='ocrx_word' id='word_1_21' title='bbox 1352 295 1448 336; x_wconf 83' lang='lat' dir='ltr'>illos</span> <span class='ocrx_word' id='word_1_22' title='bbox 1475 295 1571 336; x_wconf 85' lang='lat' dir='ltr'>cali-</span> 
     </span>
     <span class='ocr_line' id='line_1_5' title="bbox 235 349 1568 408; baseline 0.004 -18"><span class='ocrx_word' id='word_1_23' title='bbox 235 349 328 391; x_wconf 86' lang='lat' dir='ltr'>dius</span> <span class='ocrx_word' id='word_1_24' title='bbox 360 351 545 405; x_wconf 89' lang='lat' dir='ltr'>cogitare</span> <span class='ocrx_word' id='word_1_25' title='bbox 577 351 701 404; x_wconf 89' lang='lat' dir='ltr'>idque</span> <span class='ocrx_word' id='word_1_26' title='bbox 734 352 989 392; x_wconf 83' lang='lat' dir='ltr'>confirmavi.</span> <span class='ocrx_word' id='word_1_27' title='bbox 1040 351 1145 407; x_wconf 88' lang='lat' dir='ltr'>Hoc,</span> <span class='ocrx_word' id='word_1_28' title='bbox 1177 353 1477 408; x_wconf 81' lang='lat' dir='ltr'>qualecumque</span> <span class='ocrx_word' id='word_1_29' title='bbox 1509 369 1568 394; x_wconf 87' lang='lat' dir='ltr'>es-</span> 
     </span>
     <span class='ocr_line' id='line_1_6' title="bbox 235 409 1621 464; baseline 0.004 -15"><span class='ocrx_word' id='word_1_30' title='bbox 235 412 310 464; x_wconf 85' lang='lat' dir='ltr'>set,</span> <span class='ocrx_word' id='word_1_31' title='bbox 342 412 383 450; x_wconf 90' lang='lat' dir='ltr'>te</span> <span class='ocrx_word' id='word_1_32' title='bbox 415 410 521 450; x_wconf 90' lang='lat' dir='ltr'>scire</span> <span class='ocrx_word' id='word_1_33' title='bbox 552 409 679 450; x_wconf 82' lang='lat' dir='ltr'>volui.</span> <span class='ocrx_word' id='word_1_34' title='bbox 1605 429 1621 454; x_wconf 88' lang='lat'>5</span> 
     </span>
    </p>

    <p class='ocr_par' dir='ltr' id='par_1_4' title="bbox 232 466 1567 581">
     <span class='ocr_line' id='line_1_7' title="bbox 323 466 1567 525; baseline 0.003 -18"><span class='ocrx_word' id='word_1_35' title='bbox 323 466 557 522; x_wconf 80' lang='lat' dir='ltr'>Obsignata</span> <span class='ocrx_word' id='word_1_36' title='bbox 583 468 667 508; x_wconf 89' lang='lat' dir='ltr'>iam</span> <span class='ocrx_word' id='word_1_37' title='bbox 686 468 845 509; x_wconf 77' lang='lat' dir='ltr'>Balbus</span> <span class='ocrx_word' id='word_1_38' title='bbox 872 469 923 509; x_wconf 86' lang='lat' dir='ltr'>ad</span> <span class='ocrx_word' id='word_1_39' title='bbox 948 483 1013 509; x_wconf 91' lang='lat' dir='ltr'>me</span> <span class='ocrx_word' id='word_1_40' title='bbox 1041 468 1263 510; x_wconf 84' lang='lat' dir='ltr'>Serviliam</span> <span class='ocrx_word' id='word_1_41' title='bbox 1282 470 1453 525; x_wconf 85' lang='lat' dir='ltr'>redisse,</span> <span class='ocrx_word' id='word_1_42' title='bbox 1473 484 1567 511; x_wconf 89' lang='grc'>6011-</span> 
     </span>
     <span class='ocr_line' id='line_1_8' title="bbox 232 525 1566 581; baseline 0.002 -15"><span class='ocrx_word' id='word_1_43' title='bbox 232 525 399 567; x_wconf 88' lang='lat' dir='ltr'>firmare</span> <span class='ocrx_word' id='word_1_44' title='bbox 431 541 517 567; x_wconf 88' lang='lat' dir='ltr'>non</span> <span class='ocrx_word' id='word_1_45' title='bbox 549 526 816 568; x_wconf 80' lang='lat' dir='ltr'>discessuros.</span> <span class='ocrx_word' id='word_1_46' title='bbox 878 526 1004 567; x_wconf 87' lang='lat' dir='ltr'>Nunc</span> <span class='ocrx_word' id='word_1_47' title='bbox 1036 531 1230 581; x_wconf 83' lang='lat' dir='ltr'>exspecto</span> <span class='ocrx_word' id='word_1_48' title='bbox 1264 543 1288 569; x_wconf 85' lang='lat' dir='ltr'>a</span> <span class='ocrx_word' id='word_1_49' title='bbox 1319 531 1360 570; x_wconf 90' lang='lat' dir='ltr'>te</span> <span class='ocrx_word' id='word_1_50' title='bbox 1390 529 1566 569; x_wconf 88' lang='lat' dir='ltr'>litteras.</span> 
     </span>
    </p>
   </div>
   <div class='ocr_carea' id='block_1_3' title="bbox 379 643 1423 768">
    <p class='ocr_par' dir='ltr' id='par_1_5' title="bbox 379 643 1423 768">
     <span class='ocr_line' id='line_1_9' title="bbox 856 643 949 685; baseline 0.011 -1"><span class='ocrx_word' id='word_1_51' title='bbox 856 643 949 685; x_wconf 87' lang='lat' dir='ltr'>VII.</span> 
     </span>
     <span class='ocr_line' id='line_1_10' title="bbox 379 723 1423 768; baseline 0.003 -11"><span class='ocrx_word' id='word_1_52' title='bbox 379 723 451 757; x_wconf 81' lang='lat' dir='ltr'>Ser.</span> <span class='ocrx_word' id='word_1_53' title='bbox 469 724 510 757; x_wconf 74' lang='lat' dir='ltr'>in</span> <span class='ocrx_word' id='word_1_54' title='bbox 538 724 743 758; x_wconf 72' lang='lat' dir='ltr'>Tusculano</span> <span class='ocrx_word' id='word_1_55' title='bbox 777 724 809 757; x_wconf 91' lang='lat' dir='ltr'><strong><em>V</em></strong></span> <span class='ocrx_word' id='word_1_56' title='bbox 831 729 895 759; x_wconf 76' lang='lat' dir='ltr'>aut</span> <span class='ocrx_word' id='word_1_57' title='bbox 920 725 983 758; x_wconf 88' lang='lat' dir='ltr'>IV</span> <span class='ocrx_word' id='word_1_58' title='bbox 1006 725 1052 758; x_wconf 87' lang='lat' dir='ltr'>K.</span> <span class='ocrx_word' id='word_1_59' title='bbox 1075 725 1158 758; x_wconf 78' lang='lat' dir='ltr'>Iun.</span> <span class='ocrx_word' id='word_1_60' title='bbox 1181 737 1212 759; x_wconf 87' lang='lat' dir='ltr'>a.</span> <span class='ocrx_word' id='word_1_61' title='bbox 1238 728 1308 760; x_wconf 83' lang='lat'>710</span> <span class='ocrx_word' id='word_1_62' title='bbox 1335 727 1423 768; x_wconf 65' lang='lat'><em>(44).</em></span> 
     </span>
    </p>
   </div>
   <div class='ocr_carea' id='block_1_4' title="bbox 634 805 1619 841">
    <p class='ocr_par' dir='ltr' id='par_1_6' title="bbox 634 805 1619 841">
     <span class='ocr_line' id='line_1_11' title="bbox 634 805 1619 841; baseline 0 -2"><span class='ocrx_word' id='word_1_63' title='bbox 634 805 822 840; x_wconf 84' lang='lat' dir='ltr'><strong><em>CICERO</em></strong></span> <span class='ocrx_word' id='word_1_64' title='bbox 847 805 1037 840; x_wconf 70' lang='lat' dir='ltr'><em>ATTICO</em></span> <span class='ocrx_word' id='word_1_65' title='bbox 1063 806 1170 841; x_wconf 78' lang='lat' dir='ltr'><strong><em>SAL.</em></strong></span> <span class='ocrx_word' id='word_1_66' title='bbox 1586 815 1619 839; x_wconf 89' lang='lat'>10</span> 
     </span>
    </p>
   </div>
   <div class='ocr_carea' id='block_1_5' title="bbox 229 875 1614 1399">
    <p class='ocr_par' dir='ltr' id='par_1_7' title="bbox 229 875 1614 1399">
     <span class='ocr_line' id='line_1_12' title="bbox 321 875 1564 933; baseline 0.003 -17"><span class='ocrx_word' id='word_1_67' title='bbox 321 875 510 931; x_wconf 85' lang='lat' dir='ltr'>Gratum,</span> <span class='ocrx_word' id='word_1_68' title='bbox 543 877 655 931; x_wconf 84' lang='lat' dir='ltr'>quod</span> <span class='ocrx_word' id='word_1_69' title='bbox 685 877 790 918; x_wconf 87' lang='lat' dir='ltr'>mihi</span> <span class='ocrx_word' id='word_1_70' title='bbox 822 878 1041 933; x_wconf 74' lang='lat' dir='ltr'>epistulas3</span> <span class='ocrx_word' id='word_1_71' title='bbox 1074 893 1179 932; x_wconf 88' lang='lat' dir='ltr'>quae</span> <span class='ocrx_word' id='word_1_72' title='bbox 1212 878 1380 933; x_wconf 90' lang='lat' dir='ltr'>quidem</span> <span class='ocrx_word' id='word_1_73' title='bbox 1405 894 1471 920; x_wconf 89' lang='lat' dir='ltr'>me</span> <span class='ocrx_word' id='word_1_74' title='bbox 1499 879 1564 920; x_wconf 90' lang='lat' dir='ltr'>de-</span> 
     </span>
     <span class='ocr_line' id='line_1_13' title="bbox 230 934 1564 991; baseline 0.002 -16"><span class='ocrx_word' id='word_1_75' title='bbox 230 934 453 990; x_wconf 84' lang='lat' dir='ltr'>lectarunt,</span> <span class='ocrx_word' id='word_1_76' title='bbox 483 936 528 976; x_wconf 87' lang='lat' dir='ltr'>in</span> <span class='ocrx_word' id='word_1_77' title='bbox 558 936 706 989; x_wconf 88' lang='lat' dir='ltr'>primis</span> <span class='ocrx_word' id='word_1_78' title='bbox 740 935 857 977; x_wconf 76' lang='lat' dir='ltr'>Sexti</span> <span class='ocrx_word' id='word_1_79' title='bbox 888 937 1035 977; x_wconf 83' lang='lat' dir='ltr'>nostri.</span> <span class='ocrx_word' id='word_1_80' title='bbox 1086 936 1227 978; x_wconf 83' lang='lat' dir='ltr'>Dices:</span> <span class='ocrx_word' id='word_1_81' title='bbox 1260 938 1374 991; x_wconf 68' lang='lat' dir='ltr'>‘quia</span> <span class='ocrx_word' id='word_1_82' title='bbox 1405 941 1447 978; x_wconf 86' lang='lat' dir='ltr'>te</span> <span class='ocrx_word' id='word_1_83' title='bbox 1478 938 1564 978; x_wconf 90' lang='lat' dir='ltr'>lau-</span> 
     </span>
     <span class='ocr_line' id='line_1_14' title="bbox 232 993 1562 1051; baseline 0.003 -18"><span class='ocrx_word' id='word_1_84' title='bbox 232 993 329 1034; x_wconf 87' lang='lat' dir='ltr'>dat&#39;.</span> <span class='ocrx_word' id='word_1_85' title='bbox 367 993 476 1034; x_wconf 84' lang='lat' dir='ltr'>Puto</span> <span class='ocrx_word' id='word_1_86' title='bbox 502 994 738 1035; x_wconf 85' lang='lat' dir='ltr'>mehercule</span> <span class='ocrx_word' id='word_1_87' title='bbox 763 995 806 1034; x_wconf 87' lang='lat' dir='ltr'>id</span> <span class='ocrx_word' id='word_1_88' title='bbox 826 1009 993 1048; x_wconf 87' lang='lat' dir='ltr'>quoque</span> <span class='ocrx_word' id='word_1_89' title='bbox 1019 1009 1109 1036; x_wconf 85' lang='lat' dir='ltr'>esse</span> <span class='ocrx_word' id='word_1_90' title='bbox 1135 1010 1295 1051; x_wconf 82' lang='lat' dir='ltr'>causae,</span> <span class='ocrx_word' id='word_1_91' title='bbox 1315 996 1385 1036; x_wconf 89' lang='lat' dir='ltr'>sed</span> <span class='ocrx_word' id='word_1_92' title='bbox 1412 999 1562 1051; x_wconf 80' lang='lat' dir='ltr'>tamen,</span> 
     </span>
     <span class='ocr_line' id='line_1_15' title="bbox 232 1052 1563 1109; baseline 0.002 -17"><span class='ocrx_word' id='word_1_93' title='bbox 232 1052 359 1092; x_wconf 85' lang='lat' dir='ltr'>etiam</span> <span class='ocrx_word' id='word_1_94' title='bbox 391 1055 615 1106; x_wconf 75' lang='lat' dir='ltr'>antequam</span> <span class='ocrx_word' id='word_1_95' title='bbox 648 1053 698 1094; x_wconf 90' lang='lat' dir='ltr'>ad</span> <span class='ocrx_word' id='word_1_96' title='bbox 731 1067 826 1094; x_wconf 88' lang='lat' dir='ltr'>eum</span> <span class='ocrx_word' id='word_1_97' title='bbox 851 1054 989 1094; x_wconf 86' lang='lat' dir='ltr'>locum</span> <span class='ocrx_word' id='word_1_98' title='bbox 1015 1054 1122 1107; x_wconf 85' lang='lat' dir='ltr'>veni,</span> <span class='ocrx_word' id='word_1_99' title='bbox 1154 1055 1273 1095; x_wconf 84' lang='lat' dir='ltr'>valde</span> <span class='ocrx_word' id='word_1_100' title='bbox 1300 1055 1405 1095; x_wconf 88' lang='lat' dir='ltr'>mihi</span> <span class='ocrx_word' id='word_1_101' title='bbox 1431 1055 1563 1109; x_wconf 88' lang='lat' dir='ltr'>place-</span> 
     </span>
     <span class='ocr_line' id='line_1_16' title="bbox 230 1110 1614 1166; baseline 0.002 -15"><span class='ocrx_word' id='word_1_102' title='bbox 230 1110 304 1150; x_wconf 85' lang='lat' dir='ltr'>bat</span> <span class='ocrx_word' id='word_1_103' title='bbox 342 1125 436 1151; x_wconf 88' lang='lat' dir='ltr'>cum</span> <span class='ocrx_word' id='word_1_104' title='bbox 481 1126 627 1152; x_wconf 88' lang='lat' dir='ltr'>sensus</span> <span class='ocrx_word' id='word_1_105' title='bbox 665 1112 753 1152; x_wconf 89' lang='lat' dir='ltr'>eius</span> <span class='ocrx_word' id='word_1_106' title='bbox 793 1112 841 1152; x_wconf 89' lang='lat' dir='ltr'>de</span> <span class='ocrx_word' id='word_1_107' title='bbox 884 1127 928 1152; x_wconf 86' lang='lat' dir='ltr'>re</span> <span class='ocrx_word' id='word_1_108' title='bbox 965 1112 1134 1165; x_wconf 88' lang='lat' dir='ltr'>publica</span> <span class='ocrx_word' id='word_1_109' title='bbox 1172 1116 1262 1153; x_wconf 87' lang='lat' dir='ltr'>tum</span> <span class='ocrx_word' id='word_1_110' title='bbox 1297 1127 1424 1166; x_wconf 62' lang='lat' dir='ltr'>genus</span> <span class='ocrx_word' id='word_1_111' title='bbox 1466 1114 1562 1154; x_wconf 85' lang='lat' dir='ltr'>scri-</span> <span class='ocrx_word' id='word_1_112' title='bbox 1583 1130 1614 1155; x_wconf 86' lang='lat'>15</span> 
     </span>
     <span class='ocr_line' id='line_1_17' title="bbox 231 1168 1560 1223; baseline 0.003 -15"><span class='ocrx_word' id='word_1_113' title='bbox 231 1168 366 1209; x_wconf 84' lang='lat' dir='ltr'>bendi.</span> <span class='ocrx_word' id='word_1_114' title='bbox 439 1169 608 1210; x_wconf 81' lang='lat' dir='ltr'>Servius</span> <span class='ocrx_word' id='word_1_115' title='bbox 657 1184 755 1210; x_wconf 86' lang='lat' dir='ltr'>vero</span> <span class='ocrx_word' id='word_1_116' title='bbox 799 1170 1041 1223; x_wconf 86' lang='lat' dir='ltr'>pacificator</span> <span class='ocrx_word' id='word_1_117' title='bbox 1084 1185 1178 1211; x_wconf 87' lang='lat' dir='ltr'>cum</span> <span class='ocrx_word' id='word_1_118' title='bbox 1220 1171 1439 1212; x_wconf 78' lang='lat' dir='ltr'>librariolo</span> <span class='ocrx_word' id='word_1_119' title='bbox 1486 1186 1560 1213; x_wconf 89' lang='lat' dir='ltr'>suo</span> 
     </span>
     <span class='ocr_line' id='line_1_18' title="bbox 231 1227 1562 1284; baseline 0.002 -17"><span class='ocrx_word' id='word_1_120' title='bbox 231 1227 397 1267; x_wconf 87' lang='lat' dir='ltr'>videtur</span> <span class='ocrx_word' id='word_1_121' title='bbox 429 1228 567 1268; x_wconf 91' lang='lat' dir='ltr'>obisse</span> <span class='ocrx_word' id='word_1_122' title='bbox 598 1228 852 1282; x_wconf 70' lang='lat' dir='ltr'>legationem</span> <span class='ocrx_word' id='word_1_123' title='bbox 885 1231 925 1268; x_wconf 85' lang='lat' dir='ltr'>et</span> <span class='ocrx_word' id='word_1_124' title='bbox 952 1243 1095 1269; x_wconf 86' lang='lat' dir='ltr'>omnes</span> <span class='ocrx_word' id='word_1_125' title='bbox 1122 1229 1409 1282; x_wconf 72' lang='lat' dir='ltr'>captiunculas</span> <span class='ocrx_word' id='word_1_126' title='bbox 1437 1230 1562 1284; x_wconf 90' lang='lat' dir='ltr'>perti—</span> 
     </span>
     <span class='ocr_line' id='line_1_19' title="bbox 229 1285 1561 1329; baseline 0.002 -3"><span class='ocrx_word' id='word_1_127' title='bbox 229 1300 420 1326; x_wconf 87' lang='lat' dir='ltr'>mescere.</span> <span class='ocrx_word' id='word_1_128' title='bbox 483 1285 697 1327; x_wconf 82' lang='lat' dir='ltr'>Debuerat</span> <span class='ocrx_word' id='word_1_129' title='bbox 735 1289 875 1326; x_wconf 83' lang='lat' dir='ltr'>autem</span> <span class='ocrx_word' id='word_1_130' title='bbox 911 1301 997 1327; x_wconf 90' lang='lat' dir='ltr'>non</span> <span class='ocrx_word' id='word_1_131' title='bbox 1036 1287 1099 1327; x_wconf 68' lang='lat' dir='ltr'>‘ex</span> <span class='ocrx_word' id='word_1_132' title='bbox 1138 1287 1227 1327; x_wconf 86' lang='lat' dir='ltr'>iure</span> <span class='ocrx_word' id='word_1_133' title='bbox 1264 1302 1436 1329; x_wconf 83' lang='lat' dir='ltr'>manum</span> <span class='ocrx_word' id='word_1_134' title='bbox 1468 1303 1561 1329; x_wconf 87' lang='lat' dir='ltr'>con-</span> 
     </span>
     <span class='ocr_line' id='line_1_20' title="bbox 230 1344 1307 1399; baseline 0.003 -15"><span class='ocrx_word' id='word_1_135' title='bbox 230 1344 417 1398; x_wconf 82' lang='lat' dir='ltr'>sertum&#39;,</span> <span class='ocrx_word' id='word_1_136' title='bbox 450 1344 521 1384; x_wconf 90' lang='lat' dir='ltr'>sed</span> <span class='ocrx_word' id='word_1_137' title='bbox 554 1359 659 1398; x_wconf 85' lang='lat' dir='ltr'>quae</span> <span class='ocrx_word' id='word_1_138' title='bbox 692 1348 944 1398; x_wconf 72' lang='lat' dir='ltr'>sequuntur,</span> <span class='ocrx_word' id='word_1_139' title='bbox 976 1348 1106 1399; x_wconf 84' lang='lat' dir='ltr'>tuque</span> <span class='ocrx_word' id='word_1_140' title='bbox 1140 1346 1307 1387; x_wconf 87' lang='lat' dir='ltr'>scribes.</span> 
     </span>
    </p>
   </div>
   <div class='ocr_carea' id='block_1_6' title="bbox 432 1461 1614 1587">
    <p class='ocr_par' dir='ltr' id='par_1_8' title="bbox 432 1461 1614 1587">
     <span class='ocr_line' id='line_1_21' title="bbox 835 1461 1614 1505; baseline 0.004 -3"><span class='ocrx_word' id='word_1_141' title='bbox 835 1461 951 1502; x_wconf 85' lang='lat' dir='ltr'>VIII.</span> <span class='ocrx_word' id='word_1_142' title='bbox 1581 1481 1614 1505; x_wconf 82' lang='lat'>20</span> 
     </span>
     <span class='ocr_line' id='line_1_22' title="bbox 432 1541 1356 1587; baseline 0.002 -11"><span class='ocrx_word' id='word_1_143' title='bbox 432 1541 504 1576; x_wconf 80' lang='lat' dir='ltr'>Ser.</span> <span class='ocrx_word' id='word_1_144' title='bbox 528 1542 567 1576; x_wconf 78' lang='lat' dir='ltr'>in</span> <span class='ocrx_word' id='word_1_145' title='bbox 596 1542 800 1577; x_wconf 74' lang='lat' dir='ltr'>Tusculano</span> <span class='ocrx_word' id='word_1_146' title='bbox 820 1543 918 1585; x_wconf 72' lang='lat' dir='ltr'>prid.</span> <span class='ocrx_word' id='word_1_147' title='bbox 941 1542 988 1576; x_wconf 90' lang='lat' dir='ltr'>K.</span> <span class='ocrx_word' id='word_1_148' title='bbox 1010 1543 1093 1576; x_wconf 76' lang='lat' dir='ltr'>Iun.</span> <span class='ocrx_word' id='word_1_149' title='bbox 1116 1554 1148 1576; x_wconf 80' lang='lat' dir='ltr'>a.</span> <span class='ocrx_word' id='word_1_150' title='bbox 1172 1545 1242 1578; x_wconf 87' lang='lat'>710</span> <span class='ocrx_word' id='word_1_151' title='bbox 1268 1546 1356 1587; x_wconf 71' lang='lat'><em>(44).</em></span> 
     </span>
    </p>
   </div>
   <div class='ocr_carea' id='block_1_7' title="bbox 626 1623 1163 1658">
    <p class='ocr_par' dir='ltr' id='par_1_9' title="bbox 626 1623 1163 1658">
     <span class='ocr_line' id='line_1_23' title="bbox 626 1623 1163 1658; baseline 0 0"><span class='ocrx_word' id='word_1_152' title='bbox 626 1623 815 1658; x_wconf 83' lang='lat' dir='ltr'>CICERO</span> <span class='ocrx_word' id='word_1_153' title='bbox 840 1624 1030 1658; x_wconf 82' lang='lat' dir='ltr'><strong><em>ATTICO</em></strong></span> <span class='ocrx_word' id='word_1_154' title='bbox 1056 1624 1163 1658; x_wconf 85' lang='lat' dir='ltr'><strong><em>SAL.</em></strong></span> 
     </span>
    </p>
   </div>
   <div class='ocr_carea' id='block_1_8' title="bbox 220 1694 1609 2333">
    <p class='ocr_par' dir='ltr' id='par_1_10' title="bbox 220 1694 1609 2333">
     <span class='ocr_line' id='line_1_24' title="bbox 313 1694 1556 1751; baseline 0.002 -16"><span class='ocrx_word' id='word_1_155' title='bbox 313 1694 416 1736; x_wconf 89' lang='lat' dir='ltr'>Post</span> <span class='ocrx_word' id='word_1_156' title='bbox 454 1698 576 1736; x_wconf 89' lang='lat' dir='ltr'>tuum</span> <span class='ocrx_word' id='word_1_157' title='bbox 615 1695 843 1736; x_wconf 88' lang='lat' dir='ltr'>discessum</span> <span class='ocrx_word' id='word_1_158' title='bbox 881 1695 1001 1736; x_wconf 87' lang='lat' dir='ltr'>binas</span> <span class='ocrx_word' id='word_1_159' title='bbox 1041 1711 1063 1736; x_wconf 88' lang='lat' dir='ltr'>a</span> <span class='ocrx_word' id='word_1_160' title='bbox 1100 1696 1234 1737; x_wconf 84' lang='lat' dir='ltr'>Balbo</span> <span class='ocrx_word' id='word_1_161' title='bbox 1274 1695 1401 1751; x_wconf 86' lang='lat' dir='ltr'>(nihil</span> <span class='ocrx_word' id='word_1_162' title='bbox 1438 1695 1556 1751; x_wconf 86' lang='lat' dir='ltr'>novi)</span> 
     </span>
     <span class='ocr_line' id='line_1_25' title="bbox 224 1753 1557 1807; baseline 0.001 -13"><span class='ocrx_word' id='word_1_163' title='bbox 224 1754 409 1807; x_wconf 87' lang='lat' dir='ltr'>itemque</span> <span class='ocrx_word' id='word_1_164' title='bbox 442 1754 493 1794; x_wconf 90' lang='lat' dir='ltr'>ab</span> <span class='ocrx_word' id='word_1_165' title='bbox 526 1753 682 1807; x_wconf 86' lang='lat' dir='ltr'>Hirtio,</span> <span class='ocrx_word' id='word_1_166' title='bbox 715 1754 787 1807; x_wconf 88' lang='lat' dir='ltr'>qui</span> <span class='ocrx_word' id='word_1_167' title='bbox 818 1768 861 1794; x_wconf 91' lang='lat' dir='ltr'>se</span> <span class='ocrx_word' id='word_1_168' title='bbox 888 1754 1033 1794; x_wconf 86' lang='lat' dir='ltr'>scribit</span> <span class='ocrx_word' id='word_1_169' title='bbox 1060 1755 1325 1795; x_wconf 86' lang='lat' dir='ltr'>vehementer</span> <span class='ocrx_word' id='word_1_170' title='bbox 1351 1755 1557 1795; x_wconf 85' lang='lat' dir='ltr'>offensum</span> 
     </span>
     <span class='ocr_line' id='line_1_26' title="bbox 225 1812 1609 1867; baseline 0.001 -15"><span class='ocrx_word' id='word_1_171' title='bbox 225 1826 313 1853; x_wconf 86' lang='lat' dir='ltr'>esse</span> <span class='ocrx_word' id='word_1_172' title='bbox 355 1812 575 1853; x_wconf 86' lang='lat' dir='ltr'>veteranis.</span> <span class='ocrx_word' id='word_1_173' title='bbox 637 1812 868 1866; x_wconf 72' lang='lat' dir='ltr'>Exspectat</span> <span class='ocrx_word' id='word_1_174' title='bbox 900 1813 1084 1867; x_wconf 90' lang='lat' dir='ltr'>animus,</span> <span class='ocrx_word' id='word_1_175' title='bbox 1121 1813 1321 1867; x_wconf 85' lang='lat' dir='ltr'>quidnam</span> <span class='ocrx_word' id='word_1_176' title='bbox 1353 1827 1475 1867; x_wconf 86' lang='lat' dir='ltr'>agam</span> <span class='ocrx_word' id='word_1_177' title='bbox 1506 1813 1555 1853; x_wconf 87' lang='lat' dir='ltr'>de</span> <span class='ocrx_word' id='word_1_178' title='bbox 1574 1829 1609 1855; x_wconf 83' lang='lat'>25</span> 
     </span>
     <span class='ocr_line' id='line_1_27' title="bbox 223 1870 1556 1927; baseline 0.001 -17"><span class='ocrx_word' id='word_1_179' title='bbox 223 1870 273 1911; x_wconf 87' lang='grc' dir='ltr'>Κ.</span> <span class='ocrx_word' id='word_1_180' title='bbox 302 1870 475 1924; x_wconf 71' lang='lat' dir='ltr'>[Mart]</span> <span class='ocrx_word' id='word_1_181' title='bbox 525 1870 626 1911; x_wconf 87' lang='lat' dir='ltr'>Misi</span> <span class='ocrx_word' id='word_1_182' title='bbox 658 1871 789 1925; x_wconf 87' lang='lat' dir='ltr'>igitur</span> <span class='ocrx_word' id='word_1_183' title='bbox 815 1871 1012 1911; x_wconf 87' lang='lat' dir='ltr'>Tironem</span> <span class='ocrx_word' id='word_1_184' title='bbox 1039 1874 1080 1912; x_wconf 87' lang='lat' dir='ltr'>et</span> <span class='ocrx_word' id='word_1_185' title='bbox 1104 1886 1198 1912; x_wconf 86' lang='lat' dir='ltr'>cum</span> <span class='ocrx_word' id='word_1_186' title='bbox 1224 1871 1377 1912; x_wconf 89' lang='lat' dir='ltr'>Tirone</span> <span class='ocrx_word' id='word_1_187' title='bbox 1403 1872 1556 1927; x_wconf 85' lang='lat' dir='ltr'>plures,</span> 
     </span>
     <span class='ocr_line' id='line_1_28' title="bbox 224 1929 1556 1985; baseline 0.001 -16"><span class='ocrx_word' id='word_1_188' title='bbox 224 1929 378 1982; x_wconf 90' lang='lat' dir='ltr'>quibus</span> <span class='ocrx_word' id='word_1_189' title='bbox 419 1929 615 1983; x_wconf 90' lang='lat' dir='ltr'>singulis,</span> <span class='ocrx_word' id='word_1_190' title='bbox 656 1932 703 1969; x_wconf 89' lang='lat' dir='ltr'>ut</span> <span class='ocrx_word' id='word_1_191' title='bbox 735 1929 913 1982; x_wconf 86' lang='lat' dir='ltr'>quicque</span> <span class='ocrx_word' id='word_1_192' title='bbox 945 1930 1182 1985; x_wconf 86' lang='lat' dir='ltr'>accidisset,</span> <span class='ocrx_word' id='word_1_193' title='bbox 1223 1930 1341 1970; x_wconf 83' lang='lat' dir='ltr'>dares</span> <span class='ocrx_word' id='word_1_194' title='bbox 1378 1930 1556 1984; x_wconf 81' lang='lat' dir='ltr'>litteraS,</span> 
     </span>
     <span class='ocr_line' id='line_1_29' title="bbox 223 1987 1554 2042; baseline 0.001 -15"><span class='ocrx_word' id='word_1_195' title='bbox 223 1990 350 2040; x_wconf 87' lang='lat' dir='ltr'>atque</span> <span class='ocrx_word' id='word_1_196' title='bbox 383 1987 510 2028; x_wconf 86' lang='lat' dir='ltr'>etiam</span> <span class='ocrx_word' id='word_1_197' title='bbox 543 1988 691 2040; x_wconf 87' lang='lat' dir='ltr'>scripsi</span> <span class='ocrx_word' id='word_1_198' title='bbox 723 1988 774 2028; x_wconf 88' lang='lat' dir='ltr'>ad</span> <span class='ocrx_word' id='word_1_199' title='bbox 805 1988 1041 2028; x_wconf 86' lang='lat' dir='ltr'>Antonium</span> <span class='ocrx_word' id='word_1_200' title='bbox 1073 1988 1121 2029; x_wconf 88' lang='lat' dir='ltr'>de</span> <span class='ocrx_word' id='word_1_201' title='bbox 1153 1989 1381 2042; x_wconf 80' lang='lat' dir='ltr'>legatione,</span> <span class='ocrx_word' id='word_1_202' title='bbox 1421 2002 1485 2042; x_wconf 89' lang='lat' dir='ltr'>ne,</span> <span class='ocrx_word' id='word_1_203' title='bbox 1518 1988 1554 2028; x_wconf 90' lang='lat' dir='ltr'>si</span> 
     </span>
     <span class='ocr_line' id='line_1_30' title="bbox 223 2045 1552 2102; baseline 0.001 -16"><span class='ocrx_word' id='word_1_204' title='bbox 223 2045 274 2086; x_wconf 87' lang='lat' dir='ltr'>ad</span> <span class='ocrx_word' id='word_1_205' title='bbox 323 2045 589 2086; x_wconf 84' lang='lat' dir='ltr'>Dolabellam</span> <span class='ocrx_word' id='word_1_206' title='bbox 638 2046 775 2086; x_wconf 91' lang='lat' dir='ltr'>solum</span> <span class='ocrx_word' id='word_1_207' title='bbox 824 2046 1103 2102; x_wconf 71' lang='lat' dir='ltr'>scripsissem,</span> <span class='ocrx_word' id='word_1_208' title='bbox 1152 2047 1375 2087; x_wconf 87' lang='lat' dir='ltr'>iracundus</span> <span class='ocrx_word' id='word_1_209' title='bbox 1425 2046 1552 2087; x_wconf 89' lang='lat' dir='ltr'>homo</span> 
     </span>
     <span class='ocr_line' id='line_1_31' title="bbox 221 2103 1606 2152; baseline 0.001 -8"><span class='ocrx_word' id='word_1_210' title='bbox 221 2107 564 2145; x_wconf 83' lang='lat' dir='ltr'>commoveretur.</span> <span class='ocrx_word' id='word_1_211' title='bbox 628 2103 747 2152; x_wconf 84' lang='lat' dir='ltr'>Quod</span> <span class='ocrx_word' id='word_1_212' title='bbox 784 2107 924 2145; x_wconf 88' lang='lat' dir='ltr'>autem</span> <span class='ocrx_word' id='word_1_213' title='bbox 961 2105 1100 2145; x_wconf 88' lang='lat' dir='ltr'>aditus</span> <span class='ocrx_word' id='word_1_214' title='bbox 1133 2105 1183 2145; x_wconf 89' lang='lat' dir='ltr'>ad</span> <span class='ocrx_word' id='word_1_215' title='bbox 1215 2120 1309 2146; x_wconf 91' lang='lat' dir='ltr'>eum</span> <span class='ocrx_word' id='word_1_216' title='bbox 1342 2104 1552 2145; x_wconf 84' lang='lat' dir='ltr'>difficilior</span> <span class='ocrx_word' id='word_1_217' title='bbox 1572 2121 1606 2146; x_wconf 86' lang='lat'>30</span> 
     </span>
     <span class='ocr_line' id='line_1_32' title="bbox 222 2162 1552 2218; baseline 0.001 -16"><span class='ocrx_word' id='word_1_218' title='bbox 222 2176 312 2202; x_wconf 88' lang='lat' dir='ltr'>esse</span> <span class='ocrx_word' id='word_1_219' title='bbox 344 2163 509 2218; x_wconf 88' lang='lat' dir='ltr'>dicitur,</span> <span class='ocrx_word' id='word_1_220' title='bbox 541 2163 689 2216; x_wconf 87' lang='lat' dir='ltr'>scripsi</span> <span class='ocrx_word' id='word_1_221' title='bbox 721 2162 772 2203; x_wconf 85' lang='lat' dir='ltr'>ad</span> <span class='ocrx_word' id='word_1_222' title='bbox 802 2162 1093 2217; x_wconf 89' lang='lat' dir='ltr'>Eutrapelum,</span> <span class='ocrx_word' id='word_1_223' title='bbox 1124 2166 1172 2204; x_wconf 91' lang='lat' dir='ltr'>ut</span> <span class='ocrx_word' id='word_1_224' title='bbox 1204 2163 1240 2204; x_wconf 91' lang='lat' dir='ltr'>is</span> <span class='ocrx_word' id='word_1_225' title='bbox 1273 2163 1308 2203; x_wconf 91' lang='lat' dir='ltr'>ei</span> <span class='ocrx_word' id='word_1_226' title='bbox 1340 2177 1454 2203; x_wconf 89' lang='lat' dir='ltr'>meas</span> <span class='ocrx_word' id='word_1_227' title='bbox 1486 2163 1552 2203; x_wconf 85' lang='lat' dir='ltr'>lit-</span> 
     </span>
     <span class='ocr_line' id='line_1_33' title="bbox 220 2220 1552 2275; baseline 0.001 -15"><span class='ocrx_word' id='word_1_228' title='bbox 220 2222 333 2260; x_wconf 85' lang='lat' dir='ltr'>teras</span> <span class='ocrx_word' id='word_1_229' title='bbox 372 2221 578 2274; x_wconf 80' lang='lat' dir='ltr'>redderet3</span> <span class='ocrx_word' id='word_1_230' title='bbox 621 2221 832 2275; x_wconf 82' lang='lat' dir='ltr'>legatione</span> <span class='ocrx_word' id='word_1_231' title='bbox 869 2221 974 2261; x_wconf 88' lang='lat' dir='ltr'>mihi</span> <span class='ocrx_word' id='word_1_232' title='bbox 1014 2236 1119 2275; x_wconf 89' lang='lat' dir='ltr'>opus</span> <span class='ocrx_word' id='word_1_233' title='bbox 1158 2236 1258 2262; x_wconf 90' lang='lat' dir='ltr'>esse.</span> <span class='ocrx_word' id='word_1_234' title='bbox 1322 2220 1552 2262; x_wconf 87' lang='lat' dir='ltr'>Honestior</span> 
     </span>
     <span class='ocr_line' id='line_1_34' title="bbox 221 2279 1013 2333; baseline 0.003 -15"><span class='ocrx_word' id='word_1_235' title='bbox 221 2281 284 2318; x_wconf 86' lang='lat' dir='ltr'>est</span> <span class='ocrx_word' id='word_1_236' title='bbox 315 2279 469 2333; x_wconf 85' lang='lat' dir='ltr'>votiva,</span> <span class='ocrx_word' id='word_1_237' title='bbox 502 2280 573 2320; x_wconf 88' lang='lat' dir='ltr'>sed</span> <span class='ocrx_word' id='word_1_238' title='bbox 603 2280 700 2320; x_wconf 87' lang='lat' dir='ltr'>licet</span> <span class='ocrx_word' id='word_1_239' title='bbox 732 2279 795 2320; x_wconf 87' lang='lat' dir='ltr'>uti</span> <span class='ocrx_word' id='word_1_240' title='bbox 826 2282 1013 2333; x_wconf 87' lang='lat' dir='ltr'>utraque.</span> 
     </span>
    </p>
   </div>
  </div>
 </body>
</html>
