1665 2553
203 77 292 118 202
640 77 688 111 M.
716 76 856 111 TULLI
882 74 1130 111 CICERONIS

202 188 254 214 ac
296 173 440 227 potius
482 172 712 214 exercitum
748 171 1092 225 provinciamque
1127 173 1400 212 retenturum.
1463 168 1538 211 Sin

207 234 351 273 autem
387 232 458 273 ille
489 232 660 285 fureret,
699 230 968 271 vehementer
997 229 1211 270 hominem
1242 228 1538 270 contemnebat

206 293 251 331 et
277 290 364 331 suis
391 293 433 331 et
457 290 517 331 rei
543 289 736 343 publicae
762 288 894 342 copiis
921 288 1169 330 confidebat.
1214 287 1322 336 Quid
1343 287 1538 342 quaeris?

209 349 290 389 etsi
327 349 432 389 mihi
464 348 609 389 crebro
643 347 793 398 (ξυνὸς
821 346 1064 396 Ἐνυάλιος’
1100 347 1362 401 occurrebat,
1397 349 1540 387 tamen

209 407 380 449 levabar
423 422 520 448 cura
560 406 699 447 virum
734 406 890 446 fortem
927 408 968 447 et
1010 405 1193 459 peritum
1230 408 1272 446 et
1307 404 1539 459 plurimum
1577 419 1592 445 5

210 467 463 507 auctoritate
494 465 703 506 valentem
735 464 908 505 audiens
939 467 1170 513 πολιτικῶς
1196 463 1245 505 de
1270 463 1386 517 pacis
1413 463 1540 504 simu-

161 537 184 567 5
209 525 321 565 latae
352 524 549 578 periculis
582 523 868 564 disserentem.
918 522 1190 564 Habebamus
1222 525 1364 563 autem
1389 522 1434 563 in
1457 537 1542 563 ma-

209 583 337 624 nibus
374 582 536 623 Antoni
574 582 813 630 contionem
848 581 1039 622 habitam
1079 593 1111 622 X
1146 580 1240 622 Kal.
1271 580 1454 634 Ianuar.,
1498 580 1543 621 in

212 656 295 695 qua
328 644 417 682 erat
448 641 659 682 accusatio
690 639 865 694 Pompei
890 655 1022 694 usque
1049 655 1072 680 a
1097 643 1199 694 toga
1223 654 1341 693 pura,
1373 638 1542 693 querela

210 700 261 741 de
299 700 528 754 damnatis,
565 702 702 740 terror
739 713 964 740 armorum.
1030 697 1082 739 In
1120 698 1273 753 quibus
1313 698 1384 738 ille
1417 697 1543 747 ‘Quid
1563 713 1596 738 ιο

210 759 383 814 censes’,
415 759 566 811 aiebat,
598 758 825 798 efacturum
857 772 946 798 esse
977 758 1134 812 ipsum,
1173 757 1208 798 si
1238 757 1284 797 in
1312 756 1543 811 possessio-

209 832 308 859 nem
345 817 407 858 rei
437 817 629 871 publicae
660 816 834 871 venerit,
874 830 968 857 cum
998 816 1099 856 haec
1131 818 1330 869 quaestor
1361 815 1449 856 eius
1481 815 1544 856 in-

211 877 360 917 firmus
406 878 447 916 et
489 876 613 929 inops
658 875 809 916 audeat
854 874 1030 916 dicere‘R'
1088 873 1198 923 Quid
1240 874 1404 915 multa?
1457 887 1545 914 non

210 935 336 976 modo
367 949 455 975 non
485 936 679 988 expetere
710 948 855 987 pacem
886 934 1024 988 istam,
1056 933 1128 973 sed
1159 932 1287 974 etiam
1310 933 1460 973 timere
1485 932 1545 973 vi-

211 1008 284 1034 sus
326 996 401 1035 est.
462 992 530 1033 Ex
574 992 648 1033 illa
692 995 833 1032 autem
877 992 1087 1033 sententia
1120 1006 1207 1032 non
1245 991 1544 1045 relinquendae
1565 1005 1598 1031 15

210 1052 330 1093 urbis
374 1054 517 1092 movet
554 1051 786 1104 hominem,
829 1053 876 1091 ut
914 1053 1036 1104 puto,
1075 1051 1189 1091 niln'l.
1258 1049 1366 1090 Mihi
1403 1052 1545 1090 autem

210 1110 317 1151 illud
353 1109 703 1150 molestissimum
742 1112 822 1163 est,
870 1109 983 1162 quod
1021 1109 1210 1149 solvendi
1248 1110 1347 1149 sunt
1382 1108 1546 1149 nummi

212 1168 382 1210 Caesari
433 1171 473 1208 et
519 1168 849 1208 instrumentum
893 1167 1100 1220 triumphi
1144 1181 1191 1208 eo
1236 1167 1544 1207 conferendum.

212 1227 294 1268 Est
344 1226 455 1268 enim
499 1227 700 1280 ἄμορφον
744 1225 1184 1279 ἀντιπολιτευομένου
1228 1224 1546 1279 χρεωφειλέτην

211 1300 315 1327 esse.
379 1285 461 1327 Sed
489 1284 592 1325 haec
623 1287 665 1324 et
696 1284 832 1324 multa
864 1284 946 1324 alia
978 1298 1127 1324 coram.
1565 1300 1599 1324 20

842 1399 913 1441 IX.

361 1482 434 1517 Ser.
455 1482 495 1516 in
522 1481 720 1516 Formiano
754 1482 787 1515 V
808 1485 872 1515 aut
896 1480 961 1515 IV
981 1480 1029 1515 K.
1050 1481 1132 1515 Ian.
1155 1491 1186 1515 α.
1210 1482 1280 1515 704
1308 1482 1398 1523 (50).

615 1562 804 1598 CICERO
829 1562 1020 1597 ATTICO
1044 1561 1153 1596 SAL.

168 1649 187 1678 1
305 1634 568 1690 ‘Cotidiene’,
599 1635 754 1690 inquis,
787 1634 825 1675 ‘a
850 1637 892 1675 te
919 1633 1183 1687 accipiendae
1208 1633 1377 1674 litterae
1403 1633 1546 1674 sunt?'

216 1694 260 1736 Si
285 1694 463 1749 habebo,
495 1695 562 1735 cui
589 1694 695 1749 dem,
726 1693 889 1734 cotidie.
942 1693 1015 1733 eAt
1040 1692 1124 1733 iam
1149 1692 1240 1745 ipse
1266 1690 1388 1732 ades,³
1438 1691 1547 1732 Tum
1566 1707 1600 1733 25

213 1754 364 1809 igitur,
401 1768 496 1794 cum
533 1767 704 1806 venero,
741 1752 939 1792 desinam.
1000 1749 1116 1792 Unas
1155 1750 1274 1790 video
1312 1749 1419 1790 mihi
1451 1764 1473 1790 a
1504 1752 1547 1791 te

213 1827 301 1853 non
332 1826 422 1853 esse
453 1812 654 1865 redditas,
692 1825 796 1864 quas
828 1809 872 1850 L.
899 1809 1132 1862 Quinctius,
1163 1808 1383 1849 familiaris
1415 1822 1546 1862 meus,

214 1885 310 1911 cum
339 1871 480 1924 ferret,
511 1870 563 1911 ad
594 1870 768 1910 bustum
791 1868 924 1909 Basili
948 1868 1192 1908 vulneratus
1220 1869 1260 1907 et
1286 1866 1546 1919 despoliatus

167 1941 188 1970 ’Ξ
216 1932 292 1970 est.
353 1928 529 1970 Videbis
561 1929 705 1983 igitur,
741 1942 843 1968 num
876 1926 976 1980 quid
1006 1926 1134 1966 fuerit
1164 1925 1210 1965 in
1239 1924 1303 1978 iis,
1337 1924 1450 1978 quod
1480 1939 1546 1965 me

217 1988 321 2029 scire
361 2002 466 2041 opus
505 1987 578 2041 sit,
623 1989 664 2028 et
703 1985 830 2026 simul
860 1985 940 2025 hoc
972 1985 1288 2038 διευκρινήσεις
1320 1984 1548 2037 πρόβλημα
1568 1999 1602 2025 30

217 2060 316 2086 sane
356 2047 592 2087 πολιτικόν.
649 2043 756 2085 Cum
788 2044 844 2084 sit
874 2056 1043 2084 necesse
1074 2044 1146 2082 aut
1176 2041 1324 2081 haberi
1357 2040 1548 2082 Caesaris

215 2105 425 2145 rationem
461 2104 535 2145 illo
575 2103 804 2144 exercitum
840 2101 907 2142 vel
944 2115 1018 2155 per
1049 2102 1241 2140 senatum
1271 2099 1339 2140 vel
1369 2114 1444 2153 per
1475 2100 1550 2140 tri-

217 2162 353 2203 bunos
389 2163 446 2216 pl.
473 2162 691 2203 obtinente
729 2163 801 2201 aut
833 2159 1075 2213 persuaderi
1107 2157 1293 2211 Caesari,
1331 2160 1379 2198 ut
1410 2158 1550 2199 tradat

219 2221 479 2273 provinciam
512 2223 637 2274 atque
669 2219 899 2260 exercitum
930 2220 970 2258 et
1001 2217 1061 2257 ita
1088 2217 1236 2257 consul
1265 2217 1358 2270 fiat,
1396 2218 1481 2271 aut,
1513 2216 1550 2256 si

216 2278 259 2318 id
292 2279 329 2319 ei
367 2293 454 2319 non
484 2278 803 2333 persuadeatur,
839 2275 985 2317 haberi
1018 2275 1188 2316 comitia
1220 2275 1310 2315 sine
1341 2274 1456 2315 illius
1488 2288 1550 2315 ra·
1569 2290 1603 2317 35
