1665 2553
329 41 673 76 EPISTULARUM
697 41 762 76 AD
788 41 1004 76 ATTICUM
1029 41 1097 75 XII
1123 46 1178 86 23,
1206 47 1259 76 29.
1380 43 1466 84 375

125 138 185 180 Et
216 137 343 179 velim
374 137 619 192 aliquando,
658 152 753 179 cum
785 138 864 179 erit
896 140 1018 178 tuum
1051 138 1330 192 commodum,
1362 138 1466 179 Len-

126 197 265 237 tulum
290 210 468 250 puerum
493 197 605 237 visas
633 196 754 250 eique
780 197 830 238 de
855 197 1090 251 mancipiis,
1117 212 1222 251 quae
1249 197 1329 238 tibi
1355 198 1466 239 vide-

125 255 255 311 bitur,
286 255 507 296 attribuas.
569 255 712 309 Piliae,
744 255 912 296 Atticae
945 255 1134 297 salutem.

720 396 875 438 XXIX.

94 483 110 510 5
378 477 451 512 Ser.
473 477 630 513 Asturae
662 478 767 511 VIII
788 477 836 511 K.
856 476 947 521 Apr.
968 489 1001 512 α.
1023 480 1095 512 '709
1123 479 1212 521 (45).

527 558 718 594 CICERO
743 559 934 593 ATTICO
959 558 1067 593 SAL.

214 630 363 687 Silius,
400 634 448 672 ut
488 632 658 687 scribis,
694 631 830 672 hodie.
894 630 997 672 Cras
1035 631 1187 686 igitur,
1223 630 1291 671 vel
1322 630 1466 687 potius

128 705 220 731 eum
256 690 435 746 poteris,
474 691 648 745 scribes,
687 690 723 730 si
755 689 857 744 quid
890 690 986 744 erit,
1026 704 1121 730 cum
1152 689 1318 730 videris.
1378 688 1467 730 Nec

128 763 202 804 ego
235 749 419 790 Brutum
456 749 545 790 vito
582 763 659 790 nec
699 752 842 789 tamen
883 749 935 789 ab
969 763 1016 789 eo
1048 748 1303 789 levationem
1335 748 1465 788 ullam

74 825 107 849 ιο
128 810 339 862 exspect03
373 808 444 849 sed
477 811 596 849 erant
628 822 789 861 causae,
820 822 893 848 cur
924 807 1004 848 hoc
1036 810 1226 861 tempore
1251 806 1349 848 istic
1375 820 1465 848 esse

125 867 292 907 nollem.
355 866 469 915 Quae
509 867 544 907 si
581 867 829 920 manebunt,
868 866 1106 920 quaerenda
1137 866 1217 907 erit
1249 866 1464 907 excusatio

127 925 178 966 ad
208 925 403 980 Brutum,
435 928 488 979 et,
520 927 567 966 ut
598 940 709 966 nunc
742 928 817 979 est,
848 939 1072 966 mansurae
1102 925 1310 965 videntur.

214 983 277 1025 De
308 984 458 1039 hortis,
501 998 670 1039 quaeso,
703 984 874 1037 explica.
939 983 1076 1037 Caput
1107 983 1213 1024 illud
1245 986 1320 1036 est,
1353 983 1466 1037 quod

128 1042 219 1083 scis.
277 1041 490 1098 Sequitur,
527 1046 575 1083 ut
608 1043 736 1084 etiam
767 1042 873 1083 mihi
904 1043 987 1096 ipsi
1020 1042 1219 1096 quiddam
1251 1057 1357 1096 opus
1392 1042 1464 1096 sit,

73 1118 106 1143 15
126 1116 202 1142 nec
239 1102 351 1142 enim
389 1116 479 1143 esse
516 1101 561 1142 in
598 1102 725 1142 turba
761 1116 937 1155 possum
977 1115 1054 1142 nec
1092 1116 1115 1142 a
1151 1101 1272 1142 vobis
1306 1101 1463 1141 abesse.

126 1159 237 1201 Huic
273 1175 365 1201 meo
408 1160 586 1201 consilio
623 1160 733 1200 nihil
773 1160 936 1214 reperio
978 1160 1063 1201 isto
1095 1160 1188 1200 loco
1221 1160 1381 1214 aptius,
1422 1162 1463 1200 et

128 1219 175 1259 de
212 1219 291 1259 hac
328 1233 372 1259 re
410 1219 512 1273 quid
548 1219 612 1259 tui
650 1219 815 1260 consilii
853 1219 919 1259 sit.
982 1219 1090 1259 Mihi
1120 1233 1369 1272 persuasum
1402 1220 1464 1259 est

126 1280 167 1318 et
206 1292 253 1318 eo
292 1278 446 1332 magis,
491 1278 605 1331 quod
641 1277 752 1318 idem
782 1277 975 1318 intellexi
1006 1277 1087 1318 tibi
1118 1277 1267 1331 videri,
1310 1291 1377 1318 me
1411 1277 1461 1317 ab

127 1334 264 1389 Oppio
310 1339 350 1377 et
388 1335 522 1377 Balbo
561 1336 681 1377 valde
719 1336 850 1391 diligi.
919 1335 1025 1377 Cum
1062 1336 1129 1376 his
1170 1335 1464 1389 communices,

73 1411 107 1435 20
128 1397 287 1447 quanto
321 1409 444 1448 opere
472 1397 517 1440 et
550 1410 678 1449 quare
709 1395 837 1436 velim
868 1395 1035 1449 hortos,
1068 1395 1140 1436 sed
1171 1395 1213 1435 id
1242 1395 1302 1435 ita
1328 1408 1463 1448 posse,

127 1453 162 1493 si
194 1453 441 1506 expediatur
471 1453 577 1494 illud
602 1453 900 1508 Faberianum3
934 1454 1074 1494 sintne
1105 1453 1237 1508 igitur
1270 1456 1462 1494 auctores

125 1511 271 1552 futuri.
324 1510 368 1552 Si
401 1526 484 1565 qua
516 1512 642 1552 etiam
672 1512 834 1552 iactura
859 1512 1048 1552 facienda
1074 1512 1130 1552 sit
1155 1512 1201 1552 in
1225 1526 1463 1565 repraeserr

126 1570 268 1625 tando,
301 1570 439 1623 quoad
470 1573 664 1625 possunt,
695 1571 908 1624 adducito,
946 1573 1086 1611 totum
1119 1570 1230 1610 enim
1261 1570 1368 1610 illud
1399 1570 1464 1610 de-

127 1631 352 1682 speratum.
403 1627 595 1682 Denique
627 1629 860 1683 intelleges,
892 1629 1041 1682 ecquid
1072 1629 1275 1669 inclinent
1308 1629 1360 1669 ad
1384 1629 1463 1669 hoc

73 1704 107 1729 25
126 1702 266 1728 meum
304 1687 529 1728 consilium
562 1687 854 1728 adiuvandum.
918 1686 963 1728 Si
995 1687 1097 1740 quid
1128 1687 1224 1740 erit,
1262 1702 1464 1742 magnum

127 1748 191 1787 est
224 1746 531 1800 adiumentum3
564 1746 600 1786 si
631 1746 784 1801 minus,
816 1760 1079 1799 quacumque
1104 1746 1268 1786 ratione
1295 1748 1464 1786 conten-

127 1804 285 1845 damus.
353 1804 434 1845 Vel
483 1807 531 1845 tu
575 1804 680 1845 illud
724 1803 990 1859 (ἐγγήραμαζ
1035 1818 1160 1857 quem
1205 1804 1255 1845 ad
1293 1804 1463 1844 modum

128 1863 349 1917 scripsisti,
379 1863 446 1904 vel
478 1863 687 1916 ἐντάφιον
718 1865 879 1916 putato.
936 1862 1000 1903 De
1031 1862 1105 1903 illo
1139 1861 1324 1903 Ostiensi
1356 1862 1465 1903 nihil

129 1923 192 1962 est
224 1922 507 1976 cogitandum.
560 1921 605 1962 Si
630 1921 711 1962 hoc
735 1935 821 1962 non
848 1921 1112 1975 assequimur
1139 1919 1182 1976 (a
1208 1920 1353 1962 Lamia
1378 1936 1467 1961 non

75 1996 109 2021 30
128 1981 231 2032 puto
264 1979 420 2037 posse),
452 1980 702 2034 Damasippi
735 1980 1034 2034 experiendum
1067 1983 1141 2020 est.
