1665 2553
654 74 692 109 P.
714 77 909 109 303—311.
1274 71 1455 106 LXXXIX

118 181 149 225 (ο
182 181 319 224 puncto
354 180 470 213 notat.
506 179 543 212 et
574 179 820 222 superseri)
866 189 954 220 esse,
992 177 1031 211 in
1061 187 1177 221 marg.
1204 177 1245 211 in
1270 178 1330 212 aio
1361 177 1396 220 (i.
1425 188 1453 212 e.

117 227 252 271 auimo)
278 237 358 269 esse,
384 225 424 259 id
444 235 623 269 apparere
642 225 735 259 mihi
752 224 899 259 videtur
917 224 1012 258 nihil
1038 223 1141 257 aliud
1162 234 1241 258 esse
1266 224 1339 258 nisi
1357 225 1456 266 falsa

117 284 246 319 mayuo
265 284 345 308 esse.
384 272 509 306 Etiam
532 273 650 307 Trans
669 283 767 307 mare
791 274 890 306 recte
910 271 1122 315 improbant
1140 271 1235 305 Boot
1255 273 1292 305 et
1311 270 1456 305 Schelle

117 331 238 365 progr.
258 319 523 363 Frankenberg
544 323 632 353 1883
649 332 683 364 p.
704 323 736 354 4.
757 339 802 344 --
823 322 865 353 18
885 319 1062 363 zelotypia
1080 318 1217 353 Baiter.
1255 320 1266 361 ΙΙ
1303 318 1349 353 Ρ.
1364 317 1454 352 307.

119 372 137 401 2
161 366 419 402 CICERONI
438 366 563 400 IMP.
592 366 627 400 S.
648 366 696 400 D.
723 366 818 400 Boot
844 376 866 399 a
891 365 1048 400 Klotzio.
1069 385 1113 390 —-
1136 368 1154 398 7
1181 366 1371 399 inclinata
1398 364 1453 398 ed.

117 415 220 449 Rom.
247 414 405 448 fortasse
430 423 523 448 vere.
568 413 626 446 Ad
651 425 686 457 p.
708 417 762 447 24.
784 416 815 448 8.
848 434 893 438 —-
920 417 961 446 11
988 412 1156 447 videbere
1181 412 1238 445 Μ2
1263 412 1301 445 111
1326 422 1454 455 marg,

118 461 245 495 Baiter
269 460 432 494 Victorio
460 461 625 502 auctore,
652 459 796 504 Tyr-rell
827 470 881 504 ep.
910 463 989 502 385,
1014 464 1055 494 ut
1084 460 1222 493 deberes
1249 458 1328 501 OM,
1360 459 1456 493 vide-

119 509 210 543 beris
223 507 443 550 S,Wesenb.,
454 507 558 549 Boot,
570 507 768 542 Lehmann.
781 527 825 531 —
838 511 880 540 16
891 506 1022 549 uilM1,
1033 506 1170 549 Baiter,
1181 506 1285 548 Boot,
1300 505 1455 549 Tyrrell,

117 556 211 589 ‘nihil
229 554 296 597 ΜΞ,
315 554 500 596 Wesenb.,
521 554 721 588 Lehmann.
760 553 818 587 Ad
836 565 871 597 p.
895 557 971 588 173.
988 557 1043 588 26.
1064 574 1108 578 —
1130 556 1173 586 33
1193 554 1317 587 immo
1336 553 1456 587 volare

119 602 158 637 O.
179 601 219 636 E.
242 601 408 635 Schmidt
441 612 532 635 mus.
559 600 674 635 Rhen.
704 604 791 634 1897
812 613 846 645 p.
864 604 947 644 166,
986 600 1085 644 quod
1124 599 1163 634 in
1195 599 1233 633 M
1265 599 1362 633 inter
1401 611 1455 634 re-

117 649 299 693 pressisset
325 650 361 682 et
385 648 519 690 uolare,
569 648 591 682 i.
614 658 643 682 e.
670 647 766 681 inter
790 650 860 682 tet
884 658 941 690 uo,
969 650 1025 681 est
1050 652 1120 682 tuo.
1148 668 1192 672 -—
1218 646 1270 681 Ib.
1296 646 1454 690 repetito

119 707 192 730 voc.
226 696 361 730 dicitur
396 695 491 728 Boot
527 694 678 728 Dicitur
715 695 879 729 Petreius
916 706 995 729 cum
1030 695 1193 737 Afranio
1227 694 1456 728 coru'una‘isse

119 743 186 787 (sic
212 742 330 787 codd.)
359 741 549 775 ‘dubitans
582 743 706 774 utrum
736 751 936 785 pronomen
966 752 1002 776 se
1026 741 1065 774 in
1090 741 1178 784 fine,
1206 751 1253 774 an
1277 742 1363 785 post
1389 741 1456 774 Pe-

119 790 229 825 treius
262 788 441 822 excidisse
473 788 521 821 sit
553 788 817 823 statuendum'.
861 791 872 830 11
915 788 961 823 Ρ.
988 787 1078 822 308.
1106 792 1126 821 3
1147 799 1200 831 sq.
1226 788 1266 821 id
1291 809 1335 812 —
1361 799 1455 821 riun-

119 837 280 871 tiabatur
305 835 344 869 in
369 835 537 879 parenth.
564 834 736 869 Wesenb.
780 835 837 868 Ad
862 847 897 879 p.
920 839 1044 870 16.14.
1071 855 1116 859 ——
1148 838 1170 868 4
1195 834 1261 852 *Μ
1288 835 1457 869 Melitam

120 884 283 927 Kayser-o
305 884 454 916 auctore
472 881 657 925 Wesenb.,
683 882 785 916 Boot.
807 903 851 906 —
872 886 892 915 9
913 892 993 927 erqo
1012 886 1097 916 tuus
1115 882 1175 916 ille
1194 881 1251 923 ΖΙ),
1271 881 1456 923 Wesenb,

119 931 222 964 Boot.
255 950 299 954 —-
333 933 374 962 17
388 940 440 971 sq.
472 939 578 972 eoque
608 949 651 953 —
684 933 870 963 commovet
900 928 938 962 in
974 928 1143 972 parenth.
1175 928 1348 962 Wesenb.
1399 927 1457 961 Ad

119 989 153 1021 p.
178 980 230 1011 16.
253 979 306 1011 14.
332 996 378 1001 —
405 979 446 1009 18
473 975 590 1020 diyuil
604 980 670 1009 ate
693 975 849 1017 Bessan,
875 975 1047 1010 Wesenb.
1069 996 1113 1000 —
1134 978 1177 1008 29
1203 975 1362 1009 Intimili
1381 974 1460 1008 XV

121 1024 169 1058 K.
190 1023 284 1057 Mai.
313 1021 352 1057 O.
368 1021 408 1056 E.
430 1021 597 1056 Schmidt
624 1022 711 1055 ‘Der
736 1022 1010 1056 Briefweehsel’
1039 1034 1074 1066 p.
1092 1026 1168 1064 173,
1195 1021 1458 1055 Mendelssohn

120 1070 195 1104 tab.
224 1070 346 1104 chron.
373 1069 505 1113 (erravi
536 1068 575 1102 in
608 1079 663 1113 ep,
691 1068 739 1102 ad
769 1068 888 1112 fam),
914 1068 1009 1102 nihil
1041 1069 1086 1102 de
1117 1068 1197 1102 loco
1231 1070 1268 1102 et
1292 1070 1457 1112 tempore
1493 1071 1501 1074 '

120 1116 256 1159 Baiter,
283 1116 356 1151 Ser.
377 1127 491 1150 meuse
510 1116 635 1160 Aprili
661 1116 817 1159 (circiter
835 1116 941 1159 Idus)
962 1115 1147 1158 Wesenb.,
1177 1115 1233 1149 Ou
1257 1116 1312 1149 the
1337 1116 1459 1149 march

120 1169 154 1199 to
187 1163 323 1207 Spaiu;
353 1163 464 1206 April
489 1166 536 1197 16
562 1163 701 1206 (about)
734 1162 877 1206 Tyr-rell
909 1173 964 1206 ep.
990 1166 1068 1197 383.
1112 1166 1123 1204 Η
1166 1162 1212 1197 P.
1239 1161 1329 1196 309.
1357 1165 1376 1195 5
1404 1173 1457 1196 co-

120 1211 317 1256 quoverim
344 1209 424 1244 edd.
445 1210 594 1254 praeter
611 1209 812 1244 Lehmann.
838 1209 887 1242 HI
909 1213 949 1243 17
972 1220 992 1243 e
1010 1209 1107 1244 Med.
1128 1213 1184 1244 49.
1206 1214 1236 1243 9.
1288 1209 1346 1242 Ad
1371 1208 1457 1243 fam.

121 1270 155 1302 p.
179 1261 256 1291 224.
278 1261 332 1291 26.
368 1277 412 1281 —
449 1260 492 1290 10
522 1257 719 1291 mehercule
750 1267 771 1289 a
803 1256 947 1290 Klotzio
973 1256 1076 1291 Boot.
1116 1277 1160 1281 —-
1200 1260 1242 1289 14
1267 1257 1344 1290 uoli
1368 1266 1459 1289 com-

124 1304 256 1338 mittere
292 1305 376 1348 post
412 1304 624 1338 conturbare
665 1303 854 1337 Lehmann
893 1303 1184 1337 ‘Jahresbericht
1228 1303 1291 1336 des
1328 1302 1458 1346 philol.

124 1350 290 1385 Vereins’
321 1354 409 1384 1888
435 1362 470 1394 p.
492 1354 570 1392 254,
597 1350 635 1383 in
662 1350 824 1383 editione
849 1361 922 1383 non
941 1350 1033 1384 item
1057 1361 1138 1393 neq.
1167 1349 1279 1384 ceteri
1306 1349 1388 1384 edd.
1415 1371 1459 1374 —

124 1401 166 1431 15
193 1398 332 1441 quoius
350 1397 411 1430 hic
431 1397 545 1430 etiam
569 1396 713 1440 Tyrrell
733 1408 752 1430 6
771 1397 867 1431 Med.
888 1401 943 1431 49.
965 1401 996 1432 9.
1047 1396 1105 1430 Ad
1130 1409 1165 1441 p.
1187 1401 1241 1431 78.
1263 1400 1317 1431 27.
1345 1417 1390 1420 —
1415 1400 1459 1429 32

120 1445 248 1487 petivi
271 1443 321 1486 M,
347 1443 490 1486 Baiter,
520 1443 705 1487 Wesenb.,
736 1444 844 1486 Boot,
877 1443 1083 1485 Lehmann,
1111 1444 1202 1487 petii
1232 1443 1328 1478 Med.
1349 1447 1405 1477 49.
1427 1447 1459 1484 9,

123 1490 278 1534 Tyrrell,
302 1490 389 1525 fam.
408 1502 444 1534 p.
471 1494 549 1525 225.
578 1494 630 1525 17.
674 1492 685 1535 ΙΙ
727 1490 773 1524 Ρ.
800 1490 890 1525 310.
918 1494 960 1524 13
986 1491 1189 1534 saepissime
1216 1490 1456 1534 ‘suspectum’

125 1537 283 1571 Schellio
320 1548 440 1581 progr.
467 1536 728 1581 Frankenberg
755 1541 844 1571 1883
864 1549 899 1581 p.
917 1541 934 1570 7
956 1542 1042 1579 n.4,
1075 1538 1283 1581 aequissime
1309 1536 1461 1580 Madvig

124 1584 214 1618 Adv.
234 1584 284 1617 ΙΠ
302 1596 337 1627 p.
360 1587 425 1617 185
441 1595 506 1627 sq.,
534 1584 612 1627 ‘qui
631 1584 872 1628 neglexerat’,
892 1584 1016 1627 inquit
1035 1584 1171 1618 Ziehen
1190 1584 1342 1628 Ephem.
1364 1583 1459 1617 Tull.

124 1643 158 1674 p.
181 1634 234 1665 22.
256 1634 311 1673 38,
341 1630 563 1674 εἐμφοειίκῶς
582 1632 702 1664 totum
720 1630 841 1664 locum
862 1641 883 1663 a
903 1630 1077 1664 Cicerone
1096 1631 1191 1664 irato
1213 1630 1461 1674 conscriptum

126 1688 223 1720 esse,
249 1679 292 1711 ut
316 1688 389 1710 non
413 1677 527 1711 liceat
553 1677 711 1710 aurificis
738 1679 878 1711 statera
911 1677 1059 1722 singula
1084 1678 1195 1712 verba
1222 1677 1460 1711 examinare'.

125 1745 169 1749 —
197 1728 238 1758 19
270 1730 496 1767 τυραννικῶς
527 1723 675 1766 Victor.,
701 1724 810 1766 Boot,
842 1724 1125 1759 ΠΑΡΝΝΙΚΩΕΚ
1156 1724 1204 1767 Μ,
1236 1729 1462 1767 παροινικῶς

125 1771 308 1813 Lambin,
341 1770 531 1813 Wesenb.,
563 1777 831 1813 παραινετικῶς
857 1770 1002 1804 Schelle
1026 1770 1050 1806 l.
1070 1771 1093 1805 1.
1113 1783 1148 1815 p.
1165 1775 1184 1804 8
1205 1783 1239 1805 n.
1255 1775 1286 1812 2,
1319 1769 1462 1813 Tyrrell

127 1828 181 1862 ep.
213 1821 291 1852 395.
335 1839 379 1842 -
422 1821 465 1851 20
500 1829 607 1861 quam
645 1817 862 1851 mendosum
891 1817 1037 1851 videtur
1069 1817 1258 1861 Madvigio
1302 1815 1463 1850 Adv.1H

125 1876 159 1908 p.
177 1868 242 1898 186
258 1876 292 1899 n.
330 1864 409 1908 Ego
431 1875 505 1897 non
524 1866 602 1897 tam
621 1874 756 1907 gnarus
784 1875 865 1897 sum
889 1863 1042 1908 linguae
1062 1864 1228 1905 Latinae,
1255 1865 1297 1896 ut
1323 1863 1367 1896 de
1392 1862 1462 1896 hac

251 1911 258 1917 .
458 1923 464 1929 ·
1175 1914 1193 1933 c)
1281 1913 1300 1933 ε)
1335 1924 1342 1930 .
1433 1910 1438 1915 ”

125 1921 397 1992 iizqm-Cqussbn
401 1921 486 1991 ..1320
499 1911 955 2001 ξέζὲοῃιῖᾶῗέζῗὲῗὶοῗὲῗ
974 1911 1135 2002 1ψῖἳέῧῖ
1141 1940 1146 1945 ’
1162 1914 1261 1999 §.1¹33
1283 1913 1463 1990 ῖ,ἷέαὲ.“ἷὲ

125 2003 165 2037 Μ
191 2014 270 2038 6666
294 2004 400 2047 falso,
426 2006 469 2037 ut
493 2004 648 2046 videtur,
675 2003 788 2038 refert
809 2003 931 2038 Orelli.
976 2007 987 2046 ΙΙ
1030 2004 1076 2038 P.
1104 2003 1194 2037 311.
1224 2007 1241 2036 1
1269 2007 1310 2037 ut
1333 2003 1366 2037 ei
1381 2014 1462 2046 per-

126 2051 297 2085 suadeam
329 2063 381 2085 me
413 2050 504 2085 coni.
536 2050 721 2093 Wesenb,
751 2051 854 2095 prob.
887 2051 998 2093 Boot,
1037 2050 1263 2094 scripserunt
1300 2060 1319 2083 e
1357 2049 1462 2084 codd.

126 2097 150 2141 †
187 2098 355 2139 audeam,
400 2098 547 2131 audiam
589 2097 726 2139 Moser,
763 2097 906 2139 Baiter,
953 2097 1113 2140 Tyrrell,
1153 2097 1370 2140 persuadere
1411 2107 1465 2130 me

129 2143 167 2177 O.
183 2143 223 2177 E.
241 2143 408 2177 Schmidt
436 2144 523 2178 ‘Der
547 2144 821 2178 Briefweohsel’
850 2155 884 2187 p.
909 2147 974 2177 175
1001 2143 1083 2177 fals.
1111 2164 1155 2168 —
1182 2147 1201 2177 2
1231 2143 1331 2177 Clam
1358 2154 1465 2188 aqam

128 2189 167 2224 O.
184 2189 223 2224 E.
246 2189 412 2224 Schmidt
436 2190 516 2233 1.1.,
548 2191 746 2225 clamabam
777 2190 825 2232 M,
857 2189 1042 2231 Wesenb,
1069 2190 1178 2232 Boot,
1211 2190 1371 2224 clamabo
1401 2201 1463 2223 me.

128 2236 287 2270 Cori-ado
325 2238 362 2270 et
386 2237 495 2270 Bosio
534 2237 744 2271 auctoribus
782 2236 909 2270 Baiter
946 2236 1184 2279 subridicule,
1221 2248 1274 2271 me
1306 2237 1466 2270 clamabo

127 2282 280 2327 Tyr-rell,
307 2283 398 2317 clam
418 2284 521 2317 abibo
548 2284 640 2318 coni.
661 2283 845 2326 Wesenb.,
871 2283 1047 2317 simulabo
1073 2283 1129 2318 Fr.
1151 2283 1320 2317 Schmidt
1343 2293 1464 2326 progr.
