1665 2553
363 62 704 99 EPISTULARUM
730 63 795 97 AD
821 61 1037 98 ATTICUM
1062 62 1112 97 VI
1140 66 1169 97 1.
1354 62 1434 103 161

98 160 203 202 satis
223 159 406 201 efficitur
426 160 471 200 in
489 174 663 200 usuram
681 161 952 200 menstruam.
1001 156 1083 199 Sed
1104 156 1272 198 Gnaeus
1291 160 1438 198 noster

97 219 325 261 clementer
357 219 400 259 id
424 219 524 272 fert,
557 220 671 259 sorte
696 220 821 271 caret,
852 232 981 258 usura
1004 231 1081 258 nec
1107 231 1155 257 ea
1182 216 1316 257 solida
1342 230 1437 257 con-

98 281 243 319 tentus
276 280 351 318 est.
401 277 490 318 Alii
520 291 657 331 neque
690 277 817 317 solvit
849 276 1045 329 cuiquam
1076 290 1151 316 nec
1183 277 1326 328 potest
1358 275 1437 315 sol-

98 351 213 391 vere,
253 336 421 377 nullum
457 335 570 376 enim
608 335 832 389 aerarium,
875 335 1041 375 nullum
1077 334 1262 388 vectigal
1297 333 1437 374 habet.

66 412 82 437 5
101 395 217 449 Appi
259 395 460 436 instituto
504 395 669 435 tributa
708 395 899 448 imperat.
967 393 1050 448 Ea,
1092 393 1163 433 vix
1206 393 1252 433 in
1287 393 1436 433 faenus

98 453 274 508 Pompei
320 453 434 507 quod
477 454 581 494 satis
626 453 700 507 sit,
745 453 943 493 efficiunt.
990 451 1155 493 ,Amici
1197 451 1310 506 regis
1354 451 1436 492 duo

99 516 238 554 tresve
270 512 497 566 perdivites
532 515 643 567 sunt,
683 511 755 552 sed
786 511 817 552 ii
850 526 972 552 suum
1003 513 1092 551 tam
1124 510 1348 565 diligenter
1380 513 1438 550 te-

98 574 202 612 nent
241 586 367 625 quam
405 585 482 625 ego
522 573 594 611 aut
632 573 692 611 tu.
754 570 964 624 Equidem
999 584 1087 610 11011
1118 569 1263 610 desino
1294 572 1439 609 tamen

99 645 174 684 per
198 630 366 670 litteras
392 644 554 684 rogare,
579 629 764 684 suadere,
791 643 983 669 accusare
1002 642 1155 683 regem.
1205 627 1434 669 Deiotarus
1462 638 1484 667 Δ,

47 707 80 731 10
101 689 228 729 etiam
266 689 371 729 mihi
408 688 597 729 narravit
630 702 674 728 se
706 688 758 728 ad
790 702 885 728 eum
915 687 1080 741 legatos
1113 686 1279 727 misisse
1312 687 1361 727 de
1391 701 1436 727 re

99 747 241 801 Brut13
274 762 344 788 eos
376 747 459 787 sibi
489 761 739 801 responsum
769 746 984 787 rettulisse
1009 746 1133 786 illum
1157 760 1244 786 non
1268 745 1436 786 habere.

99 806 159 847 Et
195 805 432 847 mehercule
470 819 546 860 ego
585 805 646 846 ita
676 805 835 860 iudico,
871 804 981 845 1111111
1012 804 1086 845 1110
1119 818 1251 859 regno
1285 804 1438 858 spolia-

99 865 200 919 tius,
229 864 339 905 nihil
370 878 468 919 rege
499 864 702 918 egentius.
752 862 902 917 Itaque
935 865 1008 903 aut
1039 863 1176 903 tutela
1202 863 1344 917 cogito
1371 877 1437 903 me

101 923 295 965 abdicare
327 926 400 964 aut
430 925 479 963 ut
509 937 587 976 pro
621 921 851 963 Glabrione
884 920 1084 962 Scaevola
1114 921 1264 962 faenus
1296 924 1338 961 et
1364 921 1439 961 im-

47 1000 81 1025 15
102 982 303 1036 pendium
327 996 529 1022 recusare.
580 981 674 1035 Ego
701 984 854 1034 tamen,
887 995 990 1034 quas
1017 995 1091 1033 per
1116 983 1158 1020 te
1184 979 1319 1020 Bruto
1345 994 1438 1033 pro·
1486 1007 1493 1010 -

100 1041 297 1082 miseram
317 1040 614 1094 praefecturas,
639 1039 694 1080 M.
711 1038 894 1094 Scaptio,
919 1038 964 1079 L.
981 1038 1127 1093 Gavio,
1149 1039 1223 1092 qui
1242 1039 1287 1079 in
1307 1052 1438 1093 regno

100 1114 190 1140 rem
219 1099 343 1140 Bruti
373 1099 670 1153 procurabant,
700 1098 850 1152 detuli3
894 1112 971 1138 nec
1003 1098 1114 1138 enim
1144 1098 1191 1137 in
1220 1097 1439 1151 provincia

101 1172 195 1199 mea
217 1157 560 1212 negotiabantur.
610 1157 674 1197 Tu
700 1160 841 1197 autem
865 1156 1099 1197 meministi
1124 1170 1202 1197 nos
1224 1156 1284 1196 sic
1304 1170 1440 1210 agere,

101 1219 162 1272 ut,
194 1219 298 1271 quot
329 1216 455 1257 vellet
486 1216 782 1270 praefecturas,
816 1217 1010 1269 sumeret,
1042 1214 1142 1255 dum
1172 1229 1224 1255 ne
1250 1214 1439 1268 negotia-

48 1293 83 1318 20
102 1275 198 1316 tori.
257 1274 407 1328 Itaque
438 1275 541 1315 duas
573 1275 611 1315 ei
642 1277 859 1328 praeterea
890 1274 1092 1314 dederam.
1150 1272 1232 1314 Sed
1262 1273 1311 1327 ii,
1350 1273 1439 1326 qui-

103 1334 184 1375 bus
215 1334 408 1387 petierat,
440 1333 489 1373 de
520 1333 736 1386 provincia
768 1333 1042 1373 decesserant.

190 1391 316 1433 Nunc
340 1405 544 1445 cognosce
569 1391 617 1431 de
639 1390 892 1445 Salaminiis,
918 1391 1031 1445 quod
1054 1390 1176 1431 video
1202 1390 1284 1431 tibi
1311 1390 1439 1431 etiam
1467 1401 1487 1431 5

102 1465 260 1492 novum
298 1451 496 1491 accidisse
532 1453 749 1503 tamquam
789 1450 906 1490 mihi.
967 1448 1213 1503 Numquam
1245 1449 1357 1490 enim
1389 1464 1439 1489 ex

103 1509 178 1550 illo
217 1508 357 1549 audivi
393 1509 511 1548 illa-m
541 1509 761 1562 pecuniam
793 1523 883 1549 esse
917 1523 1054 1562 suam,
1099 1508 1202 1561 quin
1234 1508 1362 1548 etiam
1392 1507 1440 1548 11-

50 1585 84 1610 25
104 1567 264 1608 bellum
294 1567 428 1620 ipsius
459 1566 612 1620 liabeo,
654 1567 699 1607 in
731 1581 813 1621 quo
847 1569 927 1608 est:
980 1565 1264 1607 eSalaminii
1295 1580 1440 1619 pecu-

104 1626 238 1667 niam
269 1626 451 1666 debent
482 1625 537 1666 M.
565 1624 770 1679 Scaptio
805 1628 852 1666 et
880 1624 923 1665 P.
950 1624 1188 1678 Matinio,
1219 1625 1440 1665 familia-

104 1685 246 1726 ribus
284 1684 433 1725 meis?
494 1683 582 1724 Eos
614 1684 720 1724 mihi
751 1683 1033 1736 commendat3
1077 1683 1280 1723 adscribit
1313 1683 1441 1722 etiam

106 1746 147 1784 et
185 1743 307 1797 quasi
343 1743 478 1783 calcar
515 1741 708 1782 admovet
746 1742 1033 1782 intercessisse
1073 1756 1115 1781 30
1153 1755 1228 1794 pro
1266 1741 1318 1781 iis
1357 1756 1441 1781 ma-

107 1815 233 1855 gnam
263 1801 492 1855 pecuniam.
555 1799 838 1854 Confeceram,
874 1802 923 1840 ut
956 1799 1167 1840 solverent
1199 1799 1439 1839 centesimis

53 1877 91 1902 30
111 1860 298 1901 sexennii
325 1860 461 1900 ductis
494 1873 587 1899 011111
619 1859 892 1899 renovatione
925 1858 1190 1912 singulorum
1221 1872 1438 1898 amiorum.

108 1917 166 1958 At
204 1916 399 1972 Scaptius
444 1920 668 1971 quaternas
712 1916 970 1970 postulabat.
1038 1916 1191 1970 Metui,
1236 1916 1271 1956 si
1314 1916 1441 1969 impe-

106 1978 273 2030 trasset,
302 1991 356 2017 110
386 1979 434 2017 tu
464 1976 555 2030 ipse
586 1990 651 2016 me
678 1990 817 2016 amare
843 1975 1071 2028 desineres3
1102 1989 1201 2014 nam
1227 1974 1278 2014 ab
1305 1974 1440 2015 edicto

106 2049 200 2075 meo
238 2035 502 2076 recessissem
540 2037 581 2075 et
626 2034 841 2075 civitatem
870 2034 916 2073 in
947 2032 1121 2074 Catonis
1156 2035 1196 2072 et
1227 2033 1274 2073 in
1303 2033 1439 2086 ipsius

106 2091 232 2133 Bruti
262 2093 342 2134 fide
372 2093 553 2134 locatam
578 2093 765 2146 meisque
791 2092 1003 2133 beneficiis
1031 2093 1224 2132 ornatam
1248 2091 1440 2131 funditus

54 2168 89 2193 35
108 2151 391 2204 perdidissem.
451 2151 594 2205 Atque
634 2151 714 2191 11οο
751 2154 941 2204 tempore
980 2149 1072 2203 ipso
1105 2149 1305 2204 impingit
1336 2149 1441 2190 mihi
1469 2163 1489 2192 6

109 2209 334 2263 epistulam
360 2208 554 2263 Scaptius
586 2209 710 2250 Bruti
742 2224 831 2249 rem
870 2208 988 2249 illam
1020 2222 1096 2248 suo
1128 2208 1314 2261 periculo
1341 2222 1442 2261 esse,

110 2268 222 2322 quod
252 2282 327 2308 nec
357 2267 462 2308 mihi
486 2283 688 2322 umquam
713 2267 872 2308 Brutus
901 2267 1063 2307 dixerat
1088 2280 1164 2307 nec
1188 2266 1281 2321 tibi,
1314 2267 1442 2307 etiam

181 2342 240 2368 Cic.
255 2343 340 2373 epist.
355 2343 395 2368 Π.
1189 2339 1230 2368 11
