1665 2553
168 73 349 108 LXXXIV
590 75 868 110 ADNOTATIO
895 75 1082 111 CRITICA

166 167 304 211 Baiter,
330 168 434 211 Boot,
460 167 605 212 Tyrrell
631 179 686 213 ep.
708 172 786 204 380.
814 190 858 194 —
885 173 927 203 21
944 180 1022 212 sqq.
1038 170 1173 213 patior.
1202 169 1305 214 Quod
1330 189 1375 194 —-
1399 169 1503 204 remi-

165 215 284 257 sisset,
320 215 478 249 homines
514 215 539 250 I.
561 215 618 250 Fr.
640 215 820 250 Gronovio
861 217 1010 250 auctore
1047 216 1141 250 Boot
1179 218 1230 259 et,
1269 217 1311 250 ut
1347 215 1502 259 videtur,

167 260 207 296 O.
234 261 275 296 E.
310 261 476 295 Schmidt
517 262 605 296 ‘Der
645 262 920 297 Brietwechsel’
954 275 989 307 p.
1013 266 1089 298 168.
1139 283 1183 288 —-
1232 263 1283 297 Ib.
1326 263 1503 297 Titinium

166 307 210 342 H.
226 308 267 343 A.
282 308 384 342 Koch
409 320 500 343 mus.
515 309 630 344 Rhen.
654 313 742 343 1857
770 322 804 354 p.
821 313 887 343 276
903 320 968 352 sq.,
995 308 1261 344 O.E.Schmjdt
1279 321 1370 344 mus.
1385 309 1501 343 Rhen.

169 358 257 388 1897
283 367 319 399 p.
337 358 475 399 161sq.,
501 357 602 399 ‘was,
628 356 697 390 wie
720 356 781 390 ich
813 356 909 399 sehe,
946 356 1059 390 sehon
1086 356 1189 390 Koch
1213 356 1504 401 vorgeschlagen

166 401 260 444 hat',
287 412 397 445 quem
424 402 507 436 ‘mit
531 402 708 436 Unrecht’
742 404 922 437 Titinium
947 403 1106 437 scribere
1130 403 1224 437 velle
1256 403 1381 447 arguit
1404 403 1504 437 idem

170 447 258 482 ‘Der
281 448 555 483 Briefwechsel'
589 462 624 493 p.
648 453 724 484 169.
745 471 789 474 —
810 454 854 483 24
880 451 1215 485 circumsidentium
1251 452 1350 494 vett,
1377 449 1502 493 Orelli,

167 494 291 538 Klotz,
330 495 432 530 Boot.
484 495 525 531 V.
559 496 607 530 ad
643 509 677 541 p.
700 500 777 531 280.
801 501 853 531 14.
911 517 955 521 —
1015 500 1057 530 28
1095 497 1246 531 XVIII
1272 497 1319 532 K.
1365 497 1502 532 Baiter.

166 541 209 576 V.
238 541 277 576 O.
298 541 338 576 E.
360 542 527 576 Schmidt
555 543 642 577 ‘Der
666 543 939 577 Briefwechsel’
966 555 1002 587 p.
1024 547 1089 577 169
1105 554 1158 579 θΧ.
1208 545 1220 588 11
1275 544 1320 578 P.
1347 543 1438 579 296.
1460 548 1504 578 10

164 599 266 632 posse
285 593 507 632 putaverunt
525 589 563 622 M
589 590 743 624 ‘additis
771 590 849 625 ead.
864 602 910 624 m.
927 589 1042 634 signis
1068 591 1366 634 transpositionis
1385 601 1503 635 paene

166 635 243 668 iam
268 635 462 679 evanidis’,
488 638 586 676 vett,
603 637 696 680 edd,
717 637 820 671 Boot.
842 658 885 662 ——
908 641 949 671 13
969 638 1108 681 eoepulit
1130 649 1332 683 generum
1350 637 1503 682 Kayser,

166 681 351 725 Wesenb.,
377 683 480 717 Boot.
501 704 545 707 —
567 687 610 716 14
636 688 676 718 et
701 684 778 717 alia
796 683 954 727 Ernesti,
974 684 1127 728 Madvig
1145 684 1236 719 Adv.
1262 685 1312 718 ΙΠ
1330 697 1364 729 p.
1388 688 1453 718 185
1468 696 1502 719 n.

166 728 261 762 mira
291 729 559 773 imprudentia3
591 730 667 764 alia
692 741 764 763 non
789 730 952 775 pertinet
986 731 1034 764 ad
1059 730 1256 774 insequens
1286 731 1505 765 vocabulum

164 776 364 819 provincia,
392 776 456 810 sed
484 777 683 820 respondet
709 777 947 821 praecedenti
972 778 1049 812 alia
1073 789 1117 812 ex
1139 782 1254 822 parte.
1281 799 1325 803 —-
1352 781 1394 812 19
1415 779 1503 813 aie-

168 823 241 857 bat
275 823 398 865 facere
436 823 490 857 ed.
518 823 632 866 Rom,
664 824 801 866 Baiter,
827 824 1011 867 W'esenb„
1037 825 1141 859 Boot.
1180 846 1224 850 —
1262 828 1305 858 25
1332 836 1505 869 quacum

167 868 311 912 Tyrrell
337 880 391 913 ep.
414 873 497 912 382,
530 881 603 913 qua
635 871 893 905 emendatione
924 871 1129 915 zeugmatis
1162 871 1339 905 duritiam
1368 871 1504 906 lenisse

168 915 240 949 sibi
266 916 420 950 videtur.
448 937 491 941 —
518 920 561 950 35
580 918 654 952 uisi
678 918 731 952 vel
751 919 812 962 pie
837 919 889 952 vel
913 919 1033 952 divine
1059 917 1097 953 O.
1118 918 1158 952 E.
1181 918 1348 952 Schmidt
1371 918 1502 953 Philol.

170 965 259 996 1896
284 974 319 1007 p.
343 967 420 1005 717,
447 964 572 1006 infidie
598 966 663 997 aut
682 965 792 1007 infide
818 967 881 998 aut
900 966 975 999 nisi
998 965 1055 999 die
1081 964 1196 1009 (221³)
1223 967 1289 999 aut
1313 965 1388 1000 ‘nisi
1411 966 1504 999 diem

169 1009 272 1043 codd.
294 1009 496 1053 (Lehmann
515 1010 591 1045 Att.
618 1023 652 1055 p.
681 1015 735 1053 25,
757 1015 811 1053 34,
840 1015 916 1053 110,
940 1013 1029 1055 137).
1073 1013 1085 1056 ΙΙ
1128 1012 1173 1046 P.
1195 1011 1283 1047 297.
1305 1016 1324 1045 2
1340 1023 1392 1055 sq.
1419 1023 1502 1056 quo-

167 1067 249 1090 rum
278 1060 328 1090 est
358 1057 431 1090 iam
461 1057 640 1099 Lambin,
673 1058 754 1091 edd.
788 1069 861 1091 non
897 1058 952 1091 ita
981 1057 1146 1102 probah,
1179 1069 1330 1102 quorum
1360 1062 1400 1093 ut
1430 1059 1504 1093 iam

168 1102 285 1145 codd,
312 1103 410 1145 quod
436 1106 502 1137 aut
526 1104 760 1137 retinendum
780 1107 845 1138 aut
865 1105 1120 1148 corrigendum
1144 1109 1185 1139 ut
1203 1116 1354 1149 quorum
1379 1107 1504 1139 censet

169 1148 208 1184 O.
229 1149 269 1184 E.
291 1148 458 1183 Schmidt
486 1162 577 1185 mus,
605 1150 720 1185 Rhen.
748 1154 836 1184 1897
862 1163 896 1194 p.
919 1155 995 1186 162.
1042 1173 1086 1176 -
1136 1156 1156 1185 5
1182 1163 1256 1186 uon
1288 1156 1379 1194 tam,
1416 1153 1503 1196 quia

166 1197 277 1238 filius,
297 1207 403 1240 quam
419 1197 506 1240 quia
522 1197 691 1241 Malasp.,
713 1197 819 1240 Bait,
835 1197 1019 1241 Wesenb.,
1035 1199 1136 1240 alter,
1152 1199 1258 1233 etiam
1272 1199 1358 1242 quia
1369 1201 1503 1233 maiore

163 1243 297 1286 pietate
321 1242 539 1287 Peerlkamp
567 1244 665 1288 apud
689 1244 870 1287 Bootium,
897 1246 987 1279 alter
1011 1246 1098 1289 quia
1122 1256 1196 1279 uon
1226 1250 1345 1279 tamen
1369 1246 1503 1280 maiore

164 1290 296 1333 pietate
321 1289 474 1333 Tyrrell,
500 1291 590 1324 alter
615 1291 655 1324 in
677 1291 878 1325 Terentiam
903 1293 989 1336 quia
1008 1303 1073 1336 pro
1100 1293 1198 1325 certo
1225 1291 1264 1326 O.
1280 1292 1319 1327 E.
1336 1292 1503 1327 Schmidt

171 1336 257 1370 ‘Der
282 1335 440 1369 Briefw.⁷
469 1349 504 1380 p.
528 1340 604 1371 170.
626 1358 670 1362 —
691 1341 710 1370 9
736 1338 789 1372 Et
808 1338 925 1381 codd,
945 1339 1048 1381 Boot,
1069 1338 1222 1382 Tyr-rell,
1244 1339 1312 1373 Sed
1331 1339 1501 1384 Malasp.,

167 1383 303 1425 Baiter,
324 1382 434 1425 WVes,
454 1383 556 1427 prob.
571 1384 665 1417 Boot
689 1384 846 1419 fortasse
872 1396 970 1427 vere;
997 1385 1062 1419 sed
1080 1397 1111 1420 v,
1126 1385 1316 1419 Lehmann
1335 1385 1500 1426 Quaestt.

167 1442 201 1473 p.
224 1433 279 1473 63,
305 1440 416 1473 supra
440 1442 474 1474 p.
493 1434 569 1464 109.
586 1434 615 1465 7.
643 1452 686 1455 —
720 1435 761 1465 12
788 1432 901 1467 multa
926 1436 964 1467 et
988 1444 1119 1477 mayna
1145 1432 1307 1475 Ascens,
1333 1433 1415 1467 edd.
1436 1432 1502 1466 mi-

168 1476 265 1509 nime
290 1487 469 1511 necessar.
501 1476 544 1512 V.
560 1476 729 1521 Seyfferti
755 1478 902 1523 Lae1.p.
920 1483 997 1521 222,
1023 1479 1106 1513 infr.
1128 1483 1205 1513 324.
1223 1483 1252 1514 7.
1286 1500 1330 1505 -
1363 1483 1407 1513 14
1427 1484 1503 1514 erat

169 1524 255 1556 ante
274 1524 488 1568 neyleyenda
507 1524 616 1558 inser.
644 1524 768 1567 Orelli,
794 1525 930 1560 Baiter.
952 1547 996 1551 —
1017 1530 1060 1559 26
1087 1525 1244 1559 alterum
1263 1527 1346 1560 huic
1364 1531 1405 1561 tu
1430 1526 1500 1561 del.

170 1569 306 1611 Baiter,
332 1569 517 1614 Wesenb.,
542 1571 646 1613 Boot,
672 1572 774 1606 Huic
797 1573 894 1617 [tu],
918 1573 1002 1606 huic
1025 1572 1190 1616 Kaysero
1223 1574 1372 1607 auctore
1398 1573 1500 1607 tacit.

168 1616 321 1660 Tyrrell.
355 1637 399 1641 ——
432 1621 475 1650 29
501 1622 585 1652 sunt
617 1617 800 1661 Wesenb.,
826 1619 931 1658 Boot.
971 1619 1028 1652 Ad
1053 1631 1087 1663 p.
1111 1623 1187 1654 106.
1211 1623 1242 1654 9.
1275 1640 1319 1645 —
1357 1623 1401 1653 30
1426 1620 1502 1654 vita

167 1668 199 1697 et
218 1662 282 1697 OR
300 1663 384 1698 Ant.
406 1663 433 1696 F
454 1664 655 1708 (Lehmann
675 1665 751 1700 Att.
772 1677 806 1710 p.
829 1669 883 1708 97,
906 1668 996 1710 150),
1016 1665 1200 1708 Wesenb.,
1221 1666 1324 1708 Boot,
1346 1665 1501 1709 Tyrrell,

168 1721 236 1744 om.
252 1710 299 1751 M,
315 1710 449 1744 Baiter.
464 1732 508 1735 —
523 1715 566 1744 32
581 1712 805 1756 diliyentiam
820 1712 923 1747 codd.
946 1713 1007 1756 (ad
1021 1724 1055 1756 p.
1073 1717 1125 1747 17.
1142 1715 1209 1757 27),
1225 1712 1263 1746 Ο.
1279 1712 1318 1747 Ε.
1335 1712 1501 1746 Schmidt

167 1769 258 1791 mus.
286 1757 400 1791 Rhen.
424 1760 511 1791 1897
532 1770 566 1802 p.
591 1762 655 1792 162
671 1770 723 1801 sq.
751 1759 794 1793 cf.
821 1759 906 1794 fam.
933 1759 1000 1792 XV
1020 1764 1050 1794 5.
1071 1763 1091 1793 3
1119 1770 1190 1802 eX.,
1229 1770 1300 1802 quo
1334 1759 1500 1803 exemplo

168 1803 342 1837 discimus
375 1804 609 1838 severitatem
640 1816 722 1838 cum
754 1805 951 1849 diligentia
987 1806 1151 1850 copulari
1176 1816 1294 1850 posse.
1338 1805 1381 1841 V.
1407 1806 1501 1840 Boot

168 1850 216 1883 ad
235 1850 269 1884 h.
285 1850 308 1885 l.
329 1871 372 1875 -—
391 1851 442 1885 Ib.
458 1863 555 1885 nunc
573 1852 658 1886 haec
677 1863 706 1894 c,
722 1851 888 1886 Schmidt
906 1852 1100 1887 Phil.1896
1119 1856 1230 1897 p.709
1252 1854 1289 1886 et
1307 1851 1362 1887 l.l.
1378 1856 1500 1897 p.163,

168 1897 223 1931 M.
243 1908 306 1931 nec
330 1897 396 1939 Ml,
427 1909 524 1932 manc
549 1898 615 1940 ΜΞ,
640 1899 743 1933 Haec
769 1899 916 1942 Victor.,
944 1899 1025 1934 edd.
1081 1901 1093 1944 ΙΙ
1152 1899 1198 1933 Ρ.
1226 1898 1315 1933 298.
1342 1902 1362 1932 3
1388 1899 1502 1944 iyitur

166 1944 254 1977 mihi
277 1945 354 1977 eius
378 1955 488 1979 sermo
514 1944 638 1987 Orelli,
664 1945 758 1978 Boot
782 1946 896 1988 tacit,
922 1946 954 1979 si
979 1946 1067 1989 quid
1092 1946 1167 1980 eius
1191 1946 1306 1990 iyitur
1329 1946 1426 1980 modi
1450 1945 1499 1988 M,

166 1990 199 2023 si
230 1991 317 2033 quid
353 1991 466 2035 iyitur
501 1993 585 2025 novi
621 1992 696 2026 eius
726 1992 849 2025 Busch
882 1992 1109 2026 ‘Zeitschrift
1139 1992 1162 2026 f.
1191 1992 1224 2026 d.
1253 1991 1385 2026 G.-W.’
1410 1996 1499 2026 1866

165 2047 201 2079 p.
223 2040 300 2070 944.
327 2057 370 2061 —
404 2041 423 2070 5
449 2038 504 2072 his
529 2038 694 2080 Schuetz,
721 2038 834 2082 Tyria,
861 2039 901 2072 in
927 2039 1043 2082 eodd.,
1068 2038 1176 2081 Bait,
1202 2038 1374 2073 Wesenb.
1395 2039 1500 2082 Boot,

167 2081 233 2115 sed
263 2083 363 2125 prob.
397 2083 567 2118 Schuetzi
599 2085 902 2120 emendationem.
936 2106 979 2110 —
1006 2089 1026 2119 8
1052 2086 1170 2129 apud
1200 2097 1253 2119 me
1283 2085 1377 2119 Boot
1414 2087 1499 2119 ‘non

168 2129 355 2171 concedo',
381 2129 512 2173 inquit,
541 2131 701 2165 ‘Handjo
733 2143 802 2166 esse
827 2133 875 2166 ad
907 2133 1060 2176 aliquem
1086 2142 1105 2165 e
1132 2142 1297 2166 sermone
1322 2132 1500 2166 familiari

168 2175 268 2218 apud
305 2174 514 2210 Ciceronem
553 2189 632 2212 esse
670 2178 938 2222 explicandum.
977 2190 1007 2213 V.
1034 2178 1136 2212 Turs.
1163 2179 1189 2213 Ι.
1221 2191 1254 2222 p.
1289 2180 1360 2214 94’.
1416 2179 1500 2213 Non

166 2221 312 2255 videtur
336 2221 471 2265 legisse
496 2236 531 2267 p.
553 2229 607 2266 93,
633 2225 697 2258 ubi
716 2225 827 2258 Hand
854 2225 927 2258 ‘Sic
953 2225 1169 2268 saepissime
1189 2236 1335 2260 coenare
1360 2226 1408 2260 ad
1433 2226 1500 2260 ali-

167 2279 277 2312 quem,
297 2269 417 2303 adesse
435 2271 483 2304 ad
502 2271 684 2314 aliquem&
712 2271 971 2307 V.V.c.C.I.VI
986 2275 1140 2306 2060.10
1163 2274 1200 2306 et
1223 2276 1264 2307 18
1281 2274 1318 2307 et
1332 2276 1387 2316 24,
1410 2276 1501 2306 2065
